<?xml version="1.0" encoding="UTF-8"?>
<!DOCTYPE html PUBLIC "-//W3C//DTD XHTML 1.0 Transitional//EN"
    "http://www.w3.org/TR/xhtml1/DTD/xhtml1-transitional.dtd">
<html xmlns="http://www.w3.org/1999/xhtml" xml:lang="en" lang="en">
 <head>
  <title>
</title>
<meta http-equiv="Content-Type" content="text/html;charset=utf-8" />
  <meta name='ocr-system' content='tesseract 3.04.00' />
  <meta name='ocr-capabilities' content='ocr_page ocr_carea ocr_par ocr_line ocrx_word'/>
</head>
<body>
  <div class='ocr_page' id='page_1' title='image "./patresapostolic00piongoog_0800.png"; bbox 0 0 2834 5018; ppageno 0'>
   <div class='ocr_carea' id='block_1_1' title="bbox 518 637 1235 706">
    <p class='ocr_par' dir='ltr' id='par_1_1' title="bbox 518 637 1235 706">
     <span class='ocr_line' id='line_1_1' title="bbox 518 637 1235 706; baseline 0 -14"><span class='ocrx_word' id='word_1_1' title='bbox 518 637 586 692; x_wconf 82' lang='lat' dir='ltr'>sua</span> <span class='ocrx_word' id='word_1_2' title='bbox 605 637 639 701; x_wconf 88' lang='lat' dir='ltr'>x,</span> <span class='ocrx_word' id='word_1_3' title='bbox 657 639 682 701; x_wconf 86' lang='lat'>4,</span> <span class='ocrx_word' id='word_1_4' title='bbox 703 638 779 692; x_wconf 84' lang='lat'><strong>2-5.</strong></span> <span class='ocrx_word' id='word_1_5' title='bbox 1173 642 1235 706; x_wconf 80' lang='lat'>639</span> 
     </span>
    </p>
   </div>
   <div class='ocr_carea' id='block_1_2' title="bbox 15 813 1276 2969">
    <p class='ocr_par' dir='ltr' id='par_1_2' title="bbox 52 813 1264 1629">
     <span class='ocr_line' id='line_1_2' title="bbox 52 813 1237 897; baseline 0 -18"><span class='ocrx_word' id='word_1_6' title='bbox 52 813 130 897; x_wconf 80' lang='lat' dir='ltr'>Ego</span> <span class='ocrx_word' id='word_1_7' title='bbox 155 818 260 879; x_wconf 91' lang='lat' dir='ltr'>autem</span> <span class='ocrx_word' id='word_1_8' title='bbox 284 816 352 881; x_wconf 91' lang='lat' dir='ltr'>dico</span> <span class='ocrx_word' id='word_1_9' title='bbox 375 814 520 880; x_wconf 90' lang='lat' dir='ltr'>omnibus</span> <span class='ocrx_word' id='word_1_10' title='bbox 542 813 740 894; x_wconf 84' lang='lat' dir='ltr'>hominibus,</span> <span class='ocrx_word' id='word_1_11' title='bbox 774 820 809 879; x_wconf 92' lang='lat' dir='ltr'>ut</span> <span class='ocrx_word' id='word_1_12' title='bbox 833 836 852 878; x_wconf 88' lang='lat' dir='ltr'>a</span> <span class='ocrx_word' id='word_1_13' title='bbox 874 814 1040 879; x_wconf 86' lang='lat' dir='ltr'>vexatione</span> <span class='ocrx_word' id='word_1_14' title='bbox 1068 815 1237 879; x_wconf 82' lang='lat' dir='ltr'>salventur.</span> 
     </span>
     <span class='ocr_line' id='line_1_3' title="bbox 53 917 1238 1004; baseline 0.002 -22"><span class='ocrx_word' id='word_1_15' title='bbox 53 917 166 983; x_wconf 84' lang='lat' dir='ltr'>Etiam</span> <span class='ocrx_word' id='word_1_16' title='bbox 190 919 227 996; x_wconf 86' lang='lat' dir='ltr'>is,</span> <span class='ocrx_word' id='word_1_17' title='bbox 252 920 307 1004; x_wconf 90' lang='lat' dir='ltr'>qui</span> <span class='ocrx_word' id='word_1_18' title='bbox 329 920 421 1003; x_wconf 91' lang='lat' dir='ltr'>inops</span> <span class='ocrx_word' id='word_1_19' title='bbox 444 923 493 984; x_wconf 90' lang='lat' dir='ltr'>est</span> <span class='ocrx_word' id='word_1_20' title='bbox 516 919 666 1004; x_wconf 79' lang='lat' dir='ltr'>augustia</span> <span class='ocrx_word' id='word_1_21' title='bbox 687 941 814 1003; x_wconf 85' lang='lat' dir='ltr'>pressus</span> <span class='ocrx_word' id='word_1_22' title='bbox 837 919 869 983; x_wconf 92' lang='lat' dir='ltr'>iu</span> <span class='ocrx_word' id='word_1_23' title='bbox 892 920 986 983; x_wconf 89' lang='lat' dir='ltr'>rebus</span> <span class='ocrx_word' id='word_1_24' title='bbox 1008 919 1161 984; x_wconf 84' lang='lat' dir='ltr'>advitam</span> <span class='ocrx_word' id='word_1_25' title='bbox 1181 942 1238 984; x_wconf 90' lang='lat' dir='ltr'>ne·</span> 
     </span>
     <span class='ocr_line' id='line_1_4' title="bbox 56 1022 1239 1109; baseline 0 -21"><span class='ocrx_word' id='word_1_26' title='bbox 56 1024 222 1103; x_wconf 77' lang='lat' dir='ltr'>cessariin,</span> <span class='ocrx_word' id='word_1_27' title='bbox 255 1025 426 1109; x_wconf 82' lang='lat' dir='ltr'>magnoin</span> <span class='ocrx_word' id='word_1_28' title='bbox 449 1023 608 1108; x_wconf 89' lang='lat' dir='ltr'>supplicio</span> <span class='ocrx_word' id='word_1_29' title='bbox 640 1027 672 1087; x_wconf 89' lang='lat' dir='ltr'>et</span> <span class='ocrx_word' id='word_1_30' title='bbox 693 1023 834 1088; x_wconf 90' lang='lat' dir='ltr'>cruciatu</span> <span class='ocrx_word' id='word_1_31' title='bbox 858 1026 914 1087; x_wconf 86' lang='lat' dir='ltr'>est.</span> <span class='ocrx_word' id='word_1_32' title='bbox 961 1025 991 1087; x_wconf 89' lang='lat'>3.</span> <span class='ocrx_word' id='word_1_33' title='bbox 1017 1022 1104 1100; x_wconf 85' lang='lat' dir='ltr'>Quae</span> <span class='ocrx_word' id='word_1_34' title='bbox 1134 1024 1239 1089; x_wconf 86' lang='lat' dir='ltr'>anima</span> 
     </span>
     <span class='ocr_line' id='line_1_5' title="bbox 57 1127 1238 1212; baseline -0.001 -19"><span class='ocrx_word' id='word_1_35' title='bbox 57 1150 132 1193; x_wconf 91' lang='lat' dir='ltr'>cum</span> <span class='ocrx_word' id='word_1_36' title='bbox 155 1128 245 1192; x_wconf 85' lang='lat' dir='ltr'>salva</span> <span class='ocrx_word' id='word_1_37' title='bbox 266 1129 355 1193; x_wconf 85' lang='lat' dir='ltr'>facta</span> <span class='ocrx_word' id='word_1_38' title='bbox 375 1128 487 1206; x_wconf 80' lang='lat' dir='ltr'>fuerit,</span> <span class='ocrx_word' id='word_1_39' title='bbox 521 1149 673 1212; x_wconf 79' lang='lat' dir='ltr'>magnum</span> <span class='ocrx_word' id='word_1_40' title='bbox 695 1127 847 1212; x_wconf 87' lang='lat' dir='ltr'>gaudium</span> <span class='ocrx_word' id='word_1_41' title='bbox 870 1127 899 1191; x_wconf 89' lang='lat' dir='ltr'>ei</span> <span class='ocrx_word' id='word_1_42' title='bbox 920 1128 1048 1212; x_wconf 86' lang='lat' dir='ltr'>parabis</span> <span class='ocrx_word' id='word_1_43' title='bbox 1070 1149 1122 1205; x_wconf 81' lang='lat' dir='ltr'>eo,</span> <span class='ocrx_word' id='word_1_44' title='bbox 1154 1128 1238 1212; x_wconf 91' lang='lat' dir='ltr'>quod</span> 
     </span>
     <span class='ocr_line' id='line_1_6' title="bbox 55 1231 1264 1316; baseline -0.003 -19"><span class='ocrx_word' id='word_1_45' title='bbox 55 1254 129 1297; x_wconf 86' lang='lat' dir='ltr'>eam</span> <span class='ocrx_word' id='word_1_46' title='bbox 152 1233 295 1297; x_wconf 83' lang='lat' dir='ltr'>salvavit.</span> <span class='ocrx_word' id='word_1_47' title='bbox 341 1232 426 1298; x_wconf 88' lang='lat' dir='ltr'>Nam</span> <span class='ocrx_word' id='word_1_48' title='bbox 448 1254 506 1316; x_wconf 89' lang='lat' dir='ltr'>par</span> <span class='ocrx_word' id='word_1_49' title='bbox 529 1238 578 1295; x_wconf 91' lang='lat' dir='ltr'>est</span> <span class='ocrx_word' id='word_1_50' title='bbox 600 1231 732 1296; x_wconf 85' lang='lat' dir='ltr'>afflictio</span> <span class='ocrx_word' id='word_1_51' title='bbox 755 1252 879 1309; x_wconf 87' lang='lat' dir='ltr'>eorum,</span> <span class='ocrx_word' id='word_1_52' title='bbox 909 1233 963 1316; x_wconf 90' lang='lat' dir='ltr'>qui</span> <span class='ocrx_word' id='word_1_53' title='bbox 985 1232 1031 1296; x_wconf 83' lang='lat' dir='ltr'>ita</span> <span class='ocrx_word' id='word_1_54' title='bbox 1053 1253 1086 1296; x_wconf 89' lang='lat' dir='ltr'>se</span> <span class='ocrx_word' id='word_1_55' title='bbox 1108 1232 1264 1311; x_wconf 71' lang='lat' dir='ltr'>habento</span> 
     </span>
     <span class='ocr_line' id='line_1_7' title="bbox 56 1336 1237 1421; baseline -0.002 -19"><span class='ocrx_word' id='word_1_56' title='bbox 56 1359 130 1402; x_wconf 93' lang='lat' dir='ltr'>cum</span> <span class='ocrx_word' id='word_1_57' title='bbox 152 1337 202 1415; x_wconf 87' lang='lat' dir='ltr'>iis,</span> <span class='ocrx_word' id='word_1_58' title='bbox 226 1337 280 1420; x_wconf 92' lang='lat' dir='ltr'>qui</span> <span class='ocrx_word' id='word_1_59' title='bbox 302 1337 335 1402; x_wconf 90' lang='lat' dir='ltr'>in</span> <span class='ocrx_word' id='word_1_60' title='bbox 357 1337 490 1402; x_wconf 90' lang='lat' dir='ltr'>vinculis</span> <span class='ocrx_word' id='word_1_61' title='bbox 506 1341 588 1400; x_wconf 90' lang='lat' dir='ltr'>sunt.</span> <span class='ocrx_word' id='word_1_62' title='bbox 634 1336 730 1401; x_wconf 86' lang='lat' dir='ltr'>Multi</span> <span class='ocrx_word' id='word_1_63' title='bbox 752 1338 922 1402; x_wconf 89' lang='lat' dir='ltr'>enimcum</span> <span class='ocrx_word' id='word_1_64' title='bbox 943 1336 1143 1421; x_wconf 88' lang='lat' dir='ltr'>nonpossint</span> <span class='ocrx_word' id='word_1_65' title='bbox 1164 1358 1237 1419; x_wconf 90' lang='lat' dir='ltr'>per·</span> 
     </span>
     <span class='ocr_line' id='line_1_8' title="bbox 59 1439 1237 1525; baseline 0 -20"><span class='ocrx_word' id='word_1_66' title='bbox 59 1440 153 1516; x_wconf 77' lang='lat' dir='ltr'>ferre,</span> <span class='ocrx_word' id='word_1_67' title='bbox 180 1441 337 1525; x_wconf 87' lang='lat' dir='ltr'>supplicia</span> <span class='ocrx_word' id='word_1_68' title='bbox 364 1442 502 1505; x_wconf 87' lang='lat' dir='ltr'>afferunt</span> <span class='ocrx_word' id='word_1_69' title='bbox 523 1440 650 1504; x_wconf 88' lang='lat' dir='ltr'>sibimet</span> <span class='ocrx_word' id='word_1_70' title='bbox 678 1441 765 1524; x_wconf 85' lang='lat' dir='ltr'>ipsis.</span> <span class='ocrx_word' id='word_1_71' title='bbox 813 1439 874 1517; x_wconf 87' lang='lat' dir='ltr'>Qui</span> <span class='ocrx_word' id='word_1_72' title='bbox 896 1445 1002 1505; x_wconf 85' lang='lat' dir='ltr'>autem</span> <span class='ocrx_word' id='word_1_73' title='bbox 1024 1440 1112 1505; x_wconf 83' lang='lat' dir='ltr'>novit</span> <span class='ocrx_word' id='word_1_74' title='bbox 1135 1441 1237 1505; x_wconf 86' lang='lat' dir='ltr'>afflic-</span> 
     </span>
     <span class='ocr_line' id='line_1_9' title="bbox 57 1545 1237 1629; baseline -0.001 -20"><span class='ocrx_word' id='word_1_75' title='bbox 57 1546 178 1610; x_wconf 79' lang='lat' dir='ltr'><strong>tionem</strong></span> <span class='ocrx_word' id='word_1_76' title='bbox 201 1545 278 1623; x_wconf 73' lang='lat' dir='ltr'>eius,</span> <span class='ocrx_word' id='word_1_77' title='bbox 302 1545 358 1628; x_wconf 91' lang='lat' dir='ltr'>qui</span> <span class='ocrx_word' id='word_1_78' title='bbox 379 1545 427 1609; x_wconf 87' lang='lat' dir='ltr'>ita</span> <span class='ocrx_word' id='word_1_79' title='bbox 449 1566 482 1609; x_wconf 88' lang='lat' dir='ltr'>se</span> <span class='ocrx_word' id='word_1_80' title='bbox 505 1545 612 1622; x_wconf 77' lang='lat' dir='ltr'>habet,</span> <span class='ocrx_word' id='word_1_81' title='bbox 635 1565 693 1610; x_wconf 88' lang='lat' dir='ltr'>uec</span> <span class='ocrx_word' id='word_1_82' title='bbox 715 1545 928 1623; x_wconf 73' lang='lat' dir='ltr'>saliatem,</span> <span class='ocrx_word' id='word_1_83' title='bbox 952 1565 1104 1629; x_wconf 79' lang='lat' dir='ltr'>magnum</span> <span class='ocrx_word' id='word_1_84' title='bbox 1124 1566 1237 1628; x_wconf 88' lang='lat' dir='ltr'>pecca·</span> 
     </span>
    </p>

    <p class='ocr_par' dir='ltr' id='par_1_3' title="bbox 15 1648 1276 2655">
     <span class='ocr_line' id='line_1_10' title="bbox 15 1648 1239 1734; baseline -0.001 -22"><span class='ocrx_word' id='word_1_85' title='bbox 15 1648 18 1653; x_wconf 75' lang='grc'>’</span> <span class='ocrx_word' id='word_1_86' title='bbox 58 1653 127 1713; x_wconf 90' lang='lat' dir='ltr'>tum</span> <span class='ocrx_word' id='word_1_87' title='bbox 162 1649 303 1714; x_wconf 88' lang='lat' dir='ltr'>admittit</span> <span class='ocrx_word' id='word_1_88' title='bbox 325 1654 357 1713; x_wconf 98' lang='lat' dir='ltr'>et</span> <span class='ocrx_word' id='word_1_89' title='bbox 387 1649 425 1713; x_wconf 91' lang='lat' dir='ltr'>fit</span> <span class='ocrx_word' id='word_1_90' title='bbox 446 1650 567 1714; x_wconf 85' lang='lat' dir='ltr'><strong>occisor</strong></span> <span class='ocrx_word' id='word_1_91' title='bbox 598 1650 674 1713; x_wconf 88' lang='lat' dir='ltr'>eius.</span> <span class='ocrx_word' id='word_1_92' title='bbox 721 1651 750 1713; x_wconf 81' lang='lat'>4.</span> <span class='ocrx_word' id='word_1_93' title='bbox 775 1649 884 1714; x_wconf 84' lang='lat' dir='ltr'>Facite</span> <span class='ocrx_word' id='word_1_94' title='bbox 915 1649 1014 1734; x_wconf 81' lang='lat' dir='ltr'>igitur</span> <span class='ocrx_word' id='word_1_95' title='bbox 1036 1649 1171 1724; x_wconf 77' lang='lat' dir='ltr'>bonum,</span> <span class='ocrx_word' id='word_1_96' title='bbox 1203 1651 1239 1711; x_wconf 90' lang='lat' dir='ltr'>ut</span> 
     </span>
     <span class='ocr_line' id='line_1_11' title="bbox 56 1753 1276 1837; baseline -0.002 -21"><span class='ocrx_word' id='word_1_97' title='bbox 56 1753 234 1817; x_wconf 82' lang='lat' dir='ltr'>mercedem</span> <span class='ocrx_word' id='word_1_98' title='bbox 250 1753 413 1837; x_wconf 86' lang='lat' dir='ltr'>accipiatis</span> <span class='ocrx_word' id='word_1_99' title='bbox 435 1777 455 1818; x_wconf 86' lang='lat' dir='ltr'>a</span> <span class='ocrx_word' id='word_1_100' title='bbox 477 1754 620 1829; x_wconf 88' lang='lat' dir='ltr'>domino;</span> <span class='ocrx_word' id='word_1_101' title='bbox 644 1755 693 1818; x_wconf 90' lang='lat' dir='ltr'>sin</span> <span class='ocrx_word' id='word_1_102' title='bbox 715 1755 831 1819; x_wconf 84' lang='lat' dir='ltr'>morati</span> <span class='ocrx_word' id='word_1_103' title='bbox 846 1754 969 1818; x_wconf 88' lang='lat' dir='ltr'>fueritis</span> <span class='ocrx_word' id='word_1_104' title='bbox 991 1754 1094 1818; x_wconf 85' lang='lat' dir='ltr'>facere</span> <span class='ocrx_word' id='word_1_105' title='bbox 1109 1753 1235 1831; x_wconf 83' lang='lat' dir='ltr'>bonum,</span> <span class='ocrx_word' id='word_1_106' title='bbox 1252 1776 1276 1813; x_wconf 83' lang='grc' dir='ltr'>ιο</span> 
     </span>
     <span class='ocr_line' id='line_1_12' title="bbox 58 1857 1239 1935; baseline -0.001 -13"><span class='ocrx_word' id='word_1_107' title='bbox 58 1858 328 1922; x_wconf 67' lang='lat' dir='ltr'>consummabitur</span> <span class='ocrx_word' id='word_1_108' title='bbox 351 1863 508 1923; x_wconf 86' lang='lat' dir='ltr'>structura</span> <span class='ocrx_word' id='word_1_109' title='bbox 529 1858 635 1935; x_wconf 69' lang='lat' dir='ltr'>turris</span> <span class='ocrx_word' id='word_1_110' title='bbox 661 1865 692 1923; x_wconf 91' lang='lat' dir='ltr'>et</span> <span class='ocrx_word' id='word_1_111' title='bbox 713 1881 769 1923; x_wconf 84' lang='lat' dir='ltr'>vos</span> <span class='ocrx_word' id='word_1_112' title='bbox 792 1858 910 1923; x_wconf 86' lang='lat' dir='ltr'>exclusi</span> <span class='ocrx_word' id='word_1_113' title='bbox 930 1857 1017 1921; x_wconf 88' lang='lat' dir='ltr'>eritis</span> <span class='ocrx_word' id='word_1_114' title='bbox 1040 1879 1057 1920; x_wconf 90' lang='lat' dir='ltr'>e</span> <span class='ocrx_word' id='word_1_115' title='bbox 1080 1862 1239 1921; x_wconf 87' lang='lat' dir='ltr'>structura</span> 
     </span>
     <span class='ocr_line' id='line_1_13' title="bbox 59 1961 1239 2048; baseline 0.001 -24"><span class='ocrx_word' id='word_1_116' title='bbox 59 1965 91 2025; x_wconf 89' lang='lat' dir='ltr'>et</span> <span class='ocrx_word' id='word_1_117' title='bbox 115 1961 178 2026; x_wconf 80' lang='lat' dir='ltr'>alia</span> <span class='ocrx_word' id='word_1_118' title='bbox 207 1962 304 2027; x_wconf 88' lang='lat' dir='ltr'>turris</span> <span class='ocrx_word' id='word_1_119' title='bbox 325 1984 389 2026; x_wconf 92' lang='lat' dir='ltr'>non</span> <span class='ocrx_word' id='word_1_120' title='bbox 420 1963 586 2028; x_wconf 89' lang='lat' dir='ltr'>aedificata</span> <span class='ocrx_word' id='word_1_121' title='bbox 616 1968 681 2038; x_wconf 87' lang='lat' dir='ltr'>est;</span> <span class='ocrx_word' id='word_1_122' title='bbox 713 1969 844 2048; x_wconf 88' lang='lat' dir='ltr'>propter</span> <span class='ocrx_word' id='word_1_123' title='bbox 874 1984 928 2027; x_wconf 87' lang='lat' dir='ltr'>vos</span> <span class='ocrx_word' id='word_1_124' title='bbox 957 1962 1040 2026; x_wconf 88' lang='lat' dir='ltr'>euim</span> <span class='ocrx_word' id='word_1_125' title='bbox 1070 1961 1239 2026; x_wconf 79' lang='lat' dir='ltr'>intermisit</span> 
     </span>
     <span class='ocr_line' id='line_1_14' title="bbox 59 2067 1237 2142; baseline -0.001 -13"><span class='ocrx_word' id='word_1_126' title='bbox 59 2069 251 2131; x_wconf 67' lang='lat' dir='ltr'>structuram</span> <span class='ocrx_word' id='word_1_127' title='bbox 281 2068 386 2132; x_wconf 84' lang='lat' dir='ltr'>turris.</span> <span class='ocrx_word' id='word_1_128' title='bbox 433 2067 488 2133; x_wconf 90' lang='lat' dir='ltr'>Sin</span> <span class='ocrx_word' id='word_1_129' title='bbox 518 2090 582 2132; x_wconf 95' lang='lat' dir='ltr'>non</span> <span class='ocrx_word' id='word_1_130' title='bbox 611 2067 837 2133; x_wconf 79' lang='lat' dir='ltr'>festinaveritis</span> <span class='ocrx_word' id='word_1_131' title='bbox 868 2068 973 2131; x_wconf 90' lang='lat' dir='ltr'>facere</span> <span class='ocrx_word' id='word_1_132' title='bbox 994 2067 1130 2142; x_wconf 87' lang='lat' dir='ltr'>bonum,</span> <span class='ocrx_word' id='word_1_133' title='bbox 1161 2086 1237 2128; x_wconf 92' lang='lat' dir='ltr'>con·</span> 
     </span>
     <span class='ocr_line' id='line_1_15' title="bbox 60 2166 1236 2252; baseline -0.004 -17"><span class='ocrx_word' id='word_1_134' title='bbox 60 2171 270 2236; x_wconf 88' lang='lat' dir='ltr'>summabitur</span> <span class='ocrx_word' id='word_1_135' title='bbox 291 2178 451 2237; x_wconf 88' lang='lat' dir='ltr'>structura</span> <span class='ocrx_word' id='word_1_136' title='bbox 465 2172 562 2236; x_wconf 86' lang='lat' dir='ltr'>turris</span> <span class='ocrx_word' id='word_1_137' title='bbox 585 2177 618 2236; x_wconf 93' lang='lat' dir='ltr'>et</span> <span class='ocrx_word' id='word_1_138' title='bbox 632 2171 839 2236; x_wconf 87' lang='lat' dir='ltr'>excludemini</span> <span class='ocrx_word' id='word_1_139' title='bbox 861 2192 932 2234; x_wconf 91' lang='lat' dir='ltr'>cum</span> <span class='ocrx_word' id='word_1_140' title='bbox 948 2169 1039 2234; x_wconf 89' lang='lat' dir='ltr'>bonis</span> <span class='ocrx_word' id='word_1_141' title='bbox 1063 2166 1236 2252; x_wconf 84' lang='lat' dir='ltr'>(operibus)</span> 
     </span>
     <span class='ocr_line' id='line_1_16' title="bbox 58 2271 1276 2354; baseline -0.002 -17"><span class='ocrx_word' id='word_1_142' title='bbox 58 2276 182 2339; x_wconf 81' lang='lat' dir='ltr'>vestris.</span> <span class='ocrx_word' id='word_1_143' title='bbox 231 2278 260 2340; x_wconf 87' lang='lat'>5.</span> <span class='ocrx_word' id='word_1_144' title='bbox 286 2276 373 2354; x_wconf 83' lang='lat' dir='ltr'>Quae</span> <span class='ocrx_word' id='word_1_145' title='bbox 405 2298 476 2341; x_wconf 89' lang='lat' dir='ltr'>cum</span> <span class='ocrx_word' id='word_1_146' title='bbox 507 2276 637 2340; x_wconf 82' lang='lat' dir='ltr'>dixisset</span> <span class='ocrx_word' id='word_1_147' title='bbox 664 2276 758 2353; x_wconf 81' lang='lat' dir='ltr'>mihi,</span> <span class='ocrx_word' id='word_1_148' title='bbox 790 2275 926 2338; x_wconf 87' lang='lat' dir='ltr'>surrexit</span> <span class='ocrx_word' id='word_1_149' title='bbox 948 2295 965 2337; x_wconf 88' lang='lat' dir='ltr'>e</span> <span class='ocrx_word' id='word_1_150' title='bbox 986 2272 1070 2337; x_wconf 85' lang='lat' dir='ltr'>lecto</span> <span class='ocrx_word' id='word_1_151' title='bbox 1099 2276 1131 2335; x_wconf 90' lang='lat' dir='ltr'>et</span> <span class='ocrx_word' id='word_1_152' title='bbox 1157 2271 1276 2335; x_wconf 77' lang='lat' dir='ltr'>dixitur</span> 
     </span>
     <span class='ocr_line' id='line_1_17' title="bbox 59 2374 1235 2467; baseline -0.004 -23"><span class='ocrx_word' id='word_1_153' title='bbox 59 2381 139 2444; x_wconf 91' lang='lat' dir='ltr'>mihi</span> <span class='ocrx_word' id='word_1_154' title='bbox 164 2374 267 2462; x_wconf 89' lang='lat' dir='ltr'>[locus</span> <span class='ocrx_word' id='word_1_155' title='bbox 297 2379 479 2467; x_wconf 85' lang='lat' dir='ltr'>corruptus]</span> <span class='ocrx_word' id='word_1_156' title='bbox 506 2382 554 2446; x_wconf 92' lang='lat' dir='ltr'>illi</span> <span class='ocrx_word' id='word_1_157' title='bbox 584 2383 706 2465; x_wconf 88' lang='lat' dir='ltr'>pastori</span> <span class='ocrx_word' id='word_1_158' title='bbox 736 2384 767 2445; x_wconf 88' lang='lat' dir='ltr'>et</span> <span class='ocrx_word' id='word_1_159' title='bbox 789 2379 853 2445; x_wconf 82' lang='lat' dir='ltr'>illis</span> <span class='ocrx_word' id='word_1_160' title='bbox 884 2378 1060 2463; x_wconf 85' lang='lat' dir='ltr'>virginibus</span> <span class='ocrx_word' id='word_1_161' title='bbox 1092 2382 1125 2441; x_wconf 87' lang='lat' dir='ltr'>et</span> <span class='ocrx_word' id='word_1_162' title='bbox 1146 2376 1235 2440; x_wconf 84' lang='lat' dir='ltr'>abiit.</span> 
     </span>
     <span class='ocr_line' id='line_1_18' title="bbox 60 2484 1237 2570; baseline -0.003 -22"><span class='ocrx_word' id='word_1_163' title='bbox 60 2484 183 2548; x_wconf 91' lang='lat' dir='ltr'>Deinde</span> <span class='ocrx_word' id='word_1_164' title='bbox 215 2485 294 2549; x_wconf 83' lang='lat' dir='ltr'>dixit</span> <span class='ocrx_word' id='word_1_165' title='bbox 322 2486 418 2564; x_wconf 75' lang='lat' dir='ltr'>mihi,</span> <span class='ocrx_word' id='word_1_166' title='bbox 451 2508 485 2550; x_wconf 90' lang='lat' dir='ltr'>se</span> <span class='ocrx_word' id='word_1_167' title='bbox 515 2491 673 2569; x_wconf 87' lang='lat' dir='ltr'>pastorem</span> <span class='ocrx_word' id='word_1_168' title='bbox 706 2490 738 2549; x_wconf 89' lang='lat' dir='ltr'>et</span> <span class='ocrx_word' id='word_1_169' title='bbox 759 2484 898 2570; x_wconf 78' lang='lat' dir='ltr'>virgines</span> <span class='ocrx_word' id='word_1_170' title='bbox 928 2484 961 2548; x_wconf 90' lang='lat' dir='ltr'>in</span> <span class='ocrx_word' id='word_1_171' title='bbox 985 2484 1111 2547; x_wconf 90' lang='lat' dir='ltr'>domum</span> <span class='ocrx_word' id='word_1_172' title='bbox 1133 2502 1237 2545; x_wconf 90' lang='lat' dir='ltr'>meam</span> 
     </span>
     <span class='ocr_line' id='line_1_19' title="bbox 59 2589 909 2655; baseline -0.002 -1"><span class='ocrx_word' id='word_1_173' title='bbox 59 2590 231 2654; x_wconf 91' lang='lat' dir='ltr'>missurum</span> <span class='ocrx_word' id='word_1_174' title='bbox 253 2609 320 2653; x_wconf 89' lang='lat' dir='ltr'>esse</span> <span class='ocrx_word' id='word_1_175' title='bbox 341 2589 375 2653; x_wconf 92' lang='lat' dir='ltr'>iu</span> <span class='ocrx_word' id='word_1_176' title='bbox 397 2590 524 2655; x_wconf 85' lang='lat' dir='ltr'>saecula</span> <span class='ocrx_word' id='word_1_177' title='bbox 546 2590 750 2655; x_wconf 85' lang='lat' dir='ltr'>saeculorum.</span> <span class='ocrx_word' id='word_1_178' title='bbox 797 2590 909 2655; x_wconf 85' lang='lat' dir='ltr'>Amen.</span> 
     </span>
    </p>

    <p class='ocr_par' dir='ltr' id='par_1_4' title="bbox 61 2719 1236 2969">
     <span class='ocr_line' id='line_1_20' title="bbox 96 2719 1236 2795; baseline -0.006 -16"><span class='ocrx_word' id='word_1_179' title='bbox 96 2726 120 2779; x_wconf 81' lang='lat'>3.</span> <span class='ocrx_word' id='word_1_180' title='bbox 140 2724 169 2777; x_wconf 91' lang='lat' dir='ltr'>in</span> <span class='ocrx_word' id='word_1_181' title='bbox 181 2725 295 2778; x_wconf 86' lang='lat' dir='ltr'>vincula</span> <span class='ocrx_word' id='word_1_182' title='bbox 307 2726 360 2795; x_wconf 88' lang='lat' dir='ltr'>est]</span> <span class='ocrx_word' id='word_1_183' title='bbox 381 2725 422 2780; x_wconf 80' lang='lat' dir='ltr'>cf.</span> <span class='ocrx_word' id='word_1_184' title='bbox 433 2724 637 2787; x_wconf 65' lang='lat' dir='ltr'>transeunica</span> <span class='ocrx_word' id='word_1_185' title='bbox 663 2729 802 2789; x_wconf 79' lang='lat' dir='ltr'>exortam,</span> <span class='ocrx_word' id='word_1_186' title='bbox 825 2726 860 2778; x_wconf 86' lang='lat' dir='ltr'>de</span> <span class='ocrx_word' id='word_1_187' title='bbox 878 2740 935 2792; x_wconf 83' lang='lat' dir='ltr'>qua</span> <span class='ocrx_word' id='word_1_188' title='bbox 953 2721 1040 2776; x_wconf 85' lang='lat' dir='ltr'>Iulius</span> <span class='ocrx_word' id='word_1_189' title='bbox 1059 2719 1236 2790; x_wconf 85' lang='lat' dir='ltr'>Capitolinus</span> 
     </span>
     <span class='ocr_line' id='line_1_21' title="bbox 62 2808 1235 2881; baseline -0.005 -15"><span class='ocrx_word' id='word_1_190' title='bbox 62 2811 130 2866; x_wconf 86' lang='grc'>1869</span> <span class='ocrx_word' id='word_1_191' title='bbox 149 2811 204 2881; x_wconf 81' lang='lat' dir='ltr'>(cd.</span> <span class='ocrx_word' id='word_1_192' title='bbox 216 2811 242 2865; x_wconf 90' lang='grc' dir='ltr'>ΙΙ</span> <span class='ocrx_word' id='word_1_193' title='bbox 257 2812 334 2880; x_wconf 84' lang='grc'>1875)</span> <span class='ocrx_word' id='word_1_194' title='bbox 346 2829 372 2881; x_wconf 89' lang='lat' dir='ltr'>p.</span> <span class='ocrx_word' id='word_1_195' title='bbox 385 2812 437 2867; x_wconf 83' lang='lat'>410</span> <span class='ocrx_word' id='word_1_196' title='bbox 450 2829 490 2879; x_wconf 89' lang='lat' dir='ltr'>sq.</span> <span class='ocrx_word' id='word_1_197' title='bbox 509 2842 542 2850; x_wconf 93' lang='lat'><em>—</em></span> <span class='ocrx_word' id='word_1_198' title='bbox 555 2811 637 2865; x_wconf 89' lang='lat' dir='ltr'>multi</span> <span class='ocrx_word' id='word_1_199' title='bbox 662 2810 720 2866; x_wconf 80' lang='lat' dir='ltr'>vit.</span> <span class='ocrx_word' id='word_1_200' title='bbox 738 2814 802 2866; x_wconf 84' lang='lat' dir='ltr'>Aut</span> <span class='ocrx_word' id='word_1_201' title='bbox 823 2829 844 2865; x_wconf 92' lang='lat' dir='ltr'>c.</span> <span class='ocrx_word' id='word_1_202' title='bbox 864 2811 881 2865; x_wconf 87' lang='grc'>8</span> <span class='ocrx_word' id='word_1_203' title='bbox 898 2810 998 2873; x_wconf 81' lang='lat' dir='ltr'>refert,</span> <span class='ocrx_word' id='word_1_204' title='bbox 1017 2808 1139 2862; x_wconf 85' lang='lat' dir='ltr'>Hermae</span> <span class='ocrx_word' id='word_1_205' title='bbox 1158 2823 1235 2861; x_wconf 87' lang='lat' dir='ltr'>occa·</span> 
     </span>
     <span class='ocr_line' id='line_1_22' title="bbox 61 2896 1154 2969; baseline -0.006 -15"><span class='ocrx_word' id='word_1_206' title='bbox 61 2899 126 2969; x_wconf 79' lang='lat' dir='ltr'>etc]</span> <span class='ocrx_word' id='word_1_207' title='bbox 156 2896 323 2969; x_wconf 82' lang='lat' dir='ltr'>Hagemann</span> <span class='ocrx_word' id='word_1_208' title='bbox 352 2900 448 2953; x_wconf 86' lang='lat' dir='ltr'>censet</span> <span class='ocrx_word' id='word_1_209' title='bbox 465 2899 493 2953; x_wconf 91' lang='lat' dir='ltr'>in</span> <span class='ocrx_word' id='word_1_210' title='bbox 515 2899 635 2969; x_wconf 71' lang='lat' dir='ltr'>tholoo.</span> <span class='ocrx_word' id='word_1_211' title='bbox 664 2900 770 2953; x_wconf 88' lang='lat' dir='ltr'>sionem</span> <span class='ocrx_word' id='word_1_212' title='bbox 789 2899 859 2953; x_wconf 88' lang='lat' dir='ltr'>haec</span> <span class='ocrx_word' id='word_1_213' title='bbox 878 2896 1018 2951; x_wconf 83' lang='lat' dir='ltr'>scribendi</span> <span class='ocrx_word' id='word_1_214' title='bbox 1037 2896 1154 2950; x_wconf 79' lang='lat' dir='ltr'>dedisse</span> 
     </span>
    </p>
   </div>
   <div class='ocr_carea' id='block_1_3' title="bbox 63 2980 1235 3056">
    <p class='ocr_par' dir='ltr' id='par_1_5' title="bbox 63 2980 1235 3056">
     <span class='ocr_line' id='line_1_23' title="bbox 63 2980 1235 3056; baseline -0.007 -16"><span class='ocrx_word' id='word_1_215' title='bbox 63 2985 276 3056; x_wconf 66' lang='lat' dir='ltr'>Quonolsctrift</span> <span class='ocrx_word' id='word_1_216' title='bbox 305 2985 371 3040; x_wconf 82' lang='lat'>1860</span> <span class='ocrx_word' id='word_1_217' title='bbox 397 3002 423 3054; x_wconf 90' lang='lat' dir='ltr'>p.</span> <span class='ocrx_word' id='word_1_218' title='bbox 452 2987 502 3050; x_wconf 88' lang='grc'>31,</span> <span class='ocrx_word' id='word_1_219' title='bbox 532 2985 636 3040; x_wconf 84' lang='lat' dir='ltr'>famem</span> <span class='ocrx_word' id='word_1_220' title='bbox 698 2986 722 3038; x_wconf 83' lang='lat'>4.</span> <span class='ocrx_word' id='word_1_221' title='bbox 743 2985 959 3054; x_wconf 81' lang='lat' dir='ltr'>consummetur]</span> <span class='ocrx_word' id='word_1_222' title='bbox 980 2984 1021 3039; x_wconf 83' lang='lat' dir='ltr'>Cf.</span> <span class='ocrx_word' id='word_1_223' title='bbox 1035 2983 1094 3037; x_wconf 81' lang='lat' dir='ltr'>Vis.</span> <span class='ocrx_word' id='word_1_224' title='bbox 1108 2980 1154 3044; x_wconf 88' lang='lat'>111,</span> <span class='ocrx_word' id='word_1_225' title='bbox 1167 2982 1192 3042; x_wconf 83' lang='lat'>4,</span> <span class='ocrx_word' id='word_1_226' title='bbox 1206 2980 1235 3042; x_wconf 75' lang='lat'>23</span> 
     </span>
    </p>
   </div>
   <div class='ocr_carea' id='block_1_4' title="bbox 59 3071 977 3143">
    <p class='ocr_par' dir='ltr' id='par_1_6' title="bbox 59 3071 977 3143">
     <span class='ocr_line' id='line_1_24' title="bbox 59 3071 977 3143; baseline -0.001 -18"><span class='ocrx_word' id='word_1_227' title='bbox 59 3088 194 3143; x_wconf 79' lang='lat' dir='ltr'>magnam</span> <span class='ocrx_word' id='word_1_228' title='bbox 224 3072 368 3126; x_wconf 82' lang='lat' dir='ltr'>Antonino</span> <span class='ocrx_word' id='word_1_229' title='bbox 397 3071 448 3126; x_wconf 92' lang='lat' dir='ltr'>Pio</span> <span class='ocrx_word' id='word_1_230' title='bbox 480 3073 637 3142; x_wconf 85' lang='lat' dir='ltr'>imperante</span> <span class='ocrx_word' id='word_1_231' title='bbox 664 3074 688 3135; x_wconf 85' lang='lat'>5,</span> <span class='ocrx_word' id='word_1_232' title='bbox 707 3074 739 3135; x_wconf 85' lang='lat'>5;</span> <span class='ocrx_word' id='word_1_233' title='bbox 759 3072 823 3125; x_wconf 87' lang='lat' dir='ltr'>Sim.</span> <span class='ocrx_word' id='word_1_234' title='bbox 842 3072 888 3133; x_wconf 81' lang='lat' dir='ltr'>lx,</span> <span class='ocrx_word' id='word_1_235' title='bbox 910 3074 933 3135; x_wconf 81' lang='lat'>5,</span> <span class='ocrx_word' id='word_1_236' title='bbox 955 3073 977 3125; x_wconf 93' lang='lat'>1.</span> 
     </span>
    </p>
   </div>
   <div class='ocr_carea' id='block_1_5' title="bbox 649 3118 652 3143">
    <p class='ocr_par' dir='ltr' id='par_1_7' title="bbox 649 3118 652 3143">
     <span class='ocr_line' id='line_1_25' title="bbox 649 3118 652 3143; baseline 0 0"><span class='ocrx_word' id='word_1_237' title='bbox 649 3118 652 3143; x_wconf 81' lang='grc' dir='ltr'>Ι</span> 
     </span>
    </p>
   </div>
   <div class='ocr_carea' id='block_1_6' title="bbox 0 0 1435 5018">
    <p class='ocr_par' dir='ltr' id='par_1_8' title="bbox 0 0 1435 5018">
     <span class='ocr_line' id='line_1_26' title="bbox 0 0 1435 5018; baseline 0 0"><span class='ocrx_word' id='word_1_238' title='bbox 0 0 1435 5018; x_wconf 95' lang='lat' dir='ltr'> </span> 
     </span>
    </p>
   </div>
  </div>
 </body>
</html>
