2834 5018
474 630 651 685 EPISTULA
668 630 714 694 Vl,
736 630 861 694 lis-vll,
881 635 905 686 5.
1237 637 1277 701 59

100 815 142 878 Et
164 820 320 875 crescant
343 821 375 875 el
397 814 659 892 rnultipb'centur
682 822 715 876 et
731 818 888 893 praesia!
900 814 1058 893 piscibus,
1105 811 1182 888 Quis
1205 818 1278 895 pot-

101 922 148 979 est
170 938 255 979 nunc
277 935 424 997 praeesse
447 916 559 980 bestiis
575 916 625 979 vel
639 915 779 999 piscibus
794 917 845 981 vel
861 916 941 981 caeli
956 916 1163 981 volucribus?
1194 916 1281 982 Scire

102 1021 183 1084 enim
207 1020 369 1089 debemus.
395 1020 479 1101 quod
501 1041 647 1102 praeesse
669 1022 837 1104 potestatis
860 1027 918 1093 est,
941 1027 978 1086 ut
1002 1022 1071 1105 quis
1094 1022 1278 1105 imperando

102 1124 289 1188 dominetur.
339 1123 388 1187 19.
413 1122 505 1199 Quod
527 1125 554 1189 si
576 1147 660 1189 nunc
683 1146 747 1189 non
770 1127 943 1212 contingit,
977 1148 1052 1210 ergo
1075 1127 1166 1191 nobis
1190 1128 1278 1202 dixit,

101 1229 243 1310 quand0;
277 1251 348 1293 cum
379 1234 411 1293 et
443 1229 504 1311 ipsi
527 1229 605 1293 adeo
634 1230 768 1312 perfecti
791 1231 919 1308 erimus,
952 1237 989 1296 ut
1020 1232 1149 1295 heredes
1181 1231 1307 1295 simus⁶

100 1333 282 1397 testamenti
305 1332 432 1397 domini.

186 1436 259 1500 Vll.
290 1437 471 1522 Intellegite
495 1460 579 1523 ergo,
604 1439 661 1502 filii
684 1439 834 1516 laetitiae,
858 1441 977 1505 bonum
1000 1440 1160 1504 dominum
1176 1440 1281 1503 omnia

100 1542 190 1606 nobis
206 1543 517 1625 praemonstravisse,
534 1549 570 1607 ut
586 1565 856 1628 cognoscerem,
882 1545 932 1608 cui
947 1545 980 1608 in
996 1544 1142 1608 omnibus
1159 1545 1280 1627 gratias

101 1669 193 1731 agere
217 1670 254 1711 ac
285 1648 394 1712 laudes
425 1649 537 1713 offerre
569 1649 747 1712 debeamus,
794 1651 823 1712 2.
860 1647 893 1713 Si
916 1671 993 1734 ergo
1022 1649 1071 1712 dei
1093 1648 1195 1722 filius,
1228 1648 1281 1732 qui

100 1757 146 1817 est
169 1751 315 1816 dominus
339 1756 370 1814 et
392 1756 602 1817 iudicaturus
625 1763 677 1817 est
699 1761 788 1818 ainos
820 1775 859 1818 ac·
887 1762 1050 1832 risortuos,
1079 1775 1191 1837 passus
1222 1757 1279 1828 est,
1295 1741 1320 1804 1⁰

100 1863 134 1921 ut
155 1856 255 1941 plaga
278 1856 377 1940 ipsius
406 1857 526 1921 vividos
554 1878 611 1922 nos
643 1857 802 1932 redderet;
837 1860 1016 1934 credamus,
1048 1881 1112 1922 non
1139 1859 1280 1941 potuisse

100 1962 199 2025 filium
222 1961 273 2024 dei
295 1962 364 2049 pati
387 1962 447 2025 nisi
476 1967 607 2044 propter
636 1984 704 2026 nos.
752 1966 782 2028 3.
819 1963 911 2028 Cnrci
944 1986 1015 2027 vero
1046 1964 1163 2027 affixus
1187 1974 1279 2028 arelo

101 2087 138 2130 uc
158 2068 247 2145 felle
267 2069 457 2148 potabatur.
488 2065 616 2141 Audite,
641 2070 797 2150 quomodo
821 2069 858 2131 de
880 2066 941 2131 hac
956 2089 989 2130 re
1004 2067 1121 2131 indicia
1137 2069 1280 2132 dederint

100 2171 278 2235 sacerdotes
308 2172 428 2254 templi.
476 2170 600 2254 Scripto
633 2177 820 2255 praecepto:
861 2173 921 2248 Qui
953 2178 1111 2235 ieiunium
1144 2192 1209 2235 aare
1233 2178 1278 2235 te·

100 2282 204 2355 iecerat,
229 2285 336 2340 roorle
359 2279 658 2355 ealcrminabimr,
680 2276 842 2359 praecepit
864 2276 1024 2352 dominus,
1058 2276 1132 2358 (luia
1153 2279 1185 2338 et
1208 2275 1276 2358 ipse
1291 2290 1315 2326 ¹⁶

100 2402 156 2462 pro
179 2381 319 2462 peccatis
342 2382 460 2445 nostris
481 2403 537 2444 vas
560 2381 691 2464 spiritus
714 2381 881 2445 oblaturus
904 2385 972 2445 erat
995 2380 1028 2443 in
1057 2379 1211 2456 hostiam,
1245 2383 1281 2443 ut

100 2489 130 2548 et
153 2484 340 2567 impleretur
362 2485 466 2569 figura
489 2484 576 2549 faeta
598 2486 631 2548 in
654 2485 757 2561 Isaac,
792 2487 847 2570 qui
876 2507 970 2569 super
1001 2484 1101 2548 altare
1130 2483 1193 2548 fuit
1221 2484 1279 2548 ob-

100 2590 193 2653 latus.
240 2592 269 2653 4.
307 2588 389 2664 Quid
421 2589 520 2672 igitur
544 2591 619 2654 dicit
642 2592 726 2673 apud
757 2590 972 2674 prophetam?
1018 2592 1062 2654 Ec
1084 2592 1281 2653 brandonem

101 2697 274 2773 deterreo,
306 2699 361 2774 (11ιὶ
384 2699 419 2756 la
450 2697 504 2757 die
534 2700 651 2759 telaeub‘
682 2700 826 2774 offertur
852 2716 915 2776 pro
943 2697 1094 2758 arnaldus
1122 2700 1278 2775 precantis.

100 2798 265 2863 Attendite
288 2798 472 2882 diligenter:
498 2801 541 2862 Et
563 2802 760 2863 rauradueeut
782 2803 848 2862 soll
864 2819 976 2863 ornnes
991 2802 1184 2863 sacerdotes
1201 2808 1280 2862 eccla
1294 2816 1319 2852 ²⁰

99 2925 163 2967 noar
187 2906 257 2966 lota
280 2923 353 2967 crura
378 2912 480 2968 arceto.
520 2906 548 2967 5.
574 2903 625 2967 Ad
648 2904 749 2987 quid?
780 2903 936 2979 Quoniam
959 2926 1018 2978 me,
1042 2926 1100 2986 pro
1124 2904 1197 2967 nori
1220 2926 1278 2986 po·

99 3008 165 3091 pali
190 3007 313 3071 delictis
335 3008 518 3071 oblaturum
541 3030 666 3072 carnem
690 3032 803 3086 meam,
824 3015 976 3092 potaturi
996 3016 1078 3072 erlis
1098 3011 1185 3087 felle
1207 3029 1278 3072 111

171 3161 202 3212 10
222 3159 248 3212 ll
267 3160 337 3212 Tim.
351 3163 404 3218 al
425 3159 624 3229 (1111113).
645 3195 679 3201 -
700 3163 731 3217 12
751 3161 852 3217 Matth.
872 3164 912 3223 07,
932 3163 973 3216 34.
992 3163 1035 3216 48.
1055 3193 1089 3200 -
1110 3163 1141 3216 14
1160 3160 1223 3212 Lev.
1237 3161 1278 3221 23,

101 3246 140 3300 29.
160 3279 194 3286 —
216 3248 248 3300 19
267 3246 283 3298 ‘2
303 3280 335 3289 -
355 3248 388 3301 21
408 3247 424 3299 ‘l

100 3369 256 3439 enaiatorio
285 3369 320 3422 ad
346 3369 516 3438 expiandum
542 3370 676 3440 populum
688 3376 692 3443 1
705 3369 818 3425 Studien
839 3370 906 3425 1876
924 3372 1016 3440 p.104
1035 3388 1096 3438 sqq.
1117 3400 1149 3409 -·
1167 3391 1192 3425 κ.
1212 3391 1278 3442 any.

101 3457 297 3511 offerebantur
314 3460 343 3509 et
355 3472 474 3522 quornm
495 3459 567 3511 alter
578 3474 675 3527 pecca·
704 3457 730 3514 al
749 3457 830 3531 traete
854 3457 924 3526 aab]
954 3457 1097 3511 Barnabas
1124 3456 1280 3526 prophetae

100 3545 134 3597 tis
147 3543 248 3614 populi
269 3546 386 3597 onustus
400 3544 429 3596 in
442 3544 585 3599 desertum
597 3545 675 3599 emit·
705 3544 797 3597 adhuc
810 3543 866 3596 alia
884 3545 971 3597 verba
983 3544 1122 3600 attribuit.
1136 3544 1168 3595 ut
1180 3547 1279 3613 typum

100 3633 226 3690 bebatur.
256 3629 328 3684 alter
345 3632 421 3684 totus
445 3633 677 3685 concremabatur
705 3630 809 3685 Christi
835 3632 992 3685 accuratius
1017 3630 1146 3700 explicet.
1183 3631 1279 3700 Respi-

101 3718 173 3785 (Lev.
196 3720 316 3785 16111,
342 3717 444 3770 tertius
463 3719 558 3772 hircus
578 3718 675 3772 offere·
705 3718 809 3771 cient-es
838 3734 910 3783 quae
938 3718 968 3770 in
996 3718 1124 3771 Misohna
1153 3719 1279 3772 lllenueh.

99 3805 182 3859 batur
210 3805 258 3873 (cf.
279 3805 389 3872 loseph.
409 3804 485 3858 Flav.
513 3805 744 3872 Antiq.111,=11‚
766 3804 781 3856 7
800 3804 948 3873 leguntur:
977 3805 1136 3859 sacerdotes
1162 3803 1279 3872 Babylo·

101 3893 138 3955 10,
157 3892 185 3961 3)
215 3895 338 3958 utquea
366 3892 558 3947 sacerdotibus
586 3908 675 3945 come·
688 3900 690 3935 3
704 3891 761 3945 nici
797 3891 842 3944 vel
877 3892 973 3960 potius
1011 3891 1212 3952 Alexandrini,
1248 3893 1279 3943 ut

100 3979 226 4034 debatur.
247 3977 447 4039 Tertullianus,
456 3979 504 4045 qui
515 3980 676 4033 Barnabam
705 3978 825 4032 Talmud
839 3979 965 4032 Menaeh.
982 3981 1055 4034 lOOa
1068 3978 1207 4041 emendat,
1225 3976 1279 4030 lrir·

98 4065 198 4137 legisse
225 4066 355 4129 videtur,
385 4071 461 4119 errat
485 4067 580 4119 dicens
606 4065 675 4118 Adv.
704 4081 767 4117 eum
786 4066 971 4119 comedebant
990 4065 1113 4127 crudum,
1133 4064 1279 4118 Barnabae

100 4153 183 4207 blare.
203 4153 243 4206 ΙΙΙ
263 4170 284 4206 e.
306 4156 337 4214 7,
367 4151 486 4207 alterum
504 4153 615 4206 hircum
633 4168 675 4204 sa·
703 4153 790 4206 verba
809 4170 865 4206 non
883 4157 1020 4218 tanquam
1038 4152 1114 4206 falsa
1131 4151 1279 4220 repudiare

100 4240 260 4295 cerdot-ibus
273 4240 373 4309 templi
386 4241 417 4293 in
429 4238 564 4308 pabulum
578 4239 675 4293 datum
703 4256 858 4308 possumus.
915 4241 953 4296 Τὸ
996 4235 1109 4311 ἔντερον
1153 4256 1208 4292 nou
1245 4240 1279 4292 de

101 4342 165 4381 esse.
185 4327 227 4381 cf.
248 4328 358 4396 Krilger
382 4327 413 4379 in
434 4327 521 4380 Tbeul.
550 4326 675 4395 0111111·
703 4325 855 4389 intestino,
884 4325 987 4378 sedda
1013 4325 1085 4378 extis
1113 4325 1278 4394 intellegen·

101 4416 193 4482 schrift
209 4415 275 4469 1852
289 4432 316 4483 p.
331 4415 382 4468 615
395 4431 436 4480 sq.
456 4414 674 4481 Braunsberger.
704 4411 770 4464 dum
789 4417 838 4465 est.

101 4500 156 4555 Der
173 4503 227 4569 Ap.
237 4502 387 4555 Bamabus
403 4502 468 4555 1876
487 4520 513 4570 p.
528 4501 674 4554 253-260.
738 4501 762 4552 5.
782 4498 841 4568 due]
865 4497 999 4552 Dominus
1013 4498 1147 4565 loquitur.
1160 4530 1194 4538 —
1210 4504 1278 4555 λαοῦ

102 4585 264 4641 Gddemann
276 4628 282 4645 .
336 4588 675 4658 111119111891111111111111111
703 4607 725 4642 τ.
737 4586 773 4655 a]
794 4585 1024 4647 Christianorum,
1035 4603 1092 4641 non
1103 4586 1276 4640 ludaeorum.
