2834 5018
187 339 249 403 116
654 335 666 389 1
685 333 889 389 CLEMENTIS

273 512 359 577 XIII.
384 509 724 594 Ταπεινοφρονήσωμεν
756 507 826 589 οὖν,
860 509 1009 593 ἀδελφοί,
1042 507 1233 592 ἀποθέμενοι
1256 519 1359 571 πᾶσαν

186 614 371 693 ἀλαζονείαν
399 616 452 677 καί
475 614 571 696 τύφος
599 616 653 677 καί
677 615 853 699 ἀφροσύνην
883 617 937 678 καί
960 615 1071 699 ὀργάς,
1102 617 1155 677 καί
1183 614 1360 696 ποιήσωμεν

186 720 222 781 τό
245 718 457 802 γεγραμμένον
482 719 579 803 (λέγει
600 722 661 803 γάρ
683 722 719 782 τό
741 728 862 803 πνεῦμα
885 722 921 783 τό
946 722 1052 804 ἅγιον·
1087 718 1149 801 Μή
1172 716 1359 800 καυχάσθω

187 826 205 887 6
230 824 335 907 σοφὸς
359 824 397 887 ἐν
412 829 452 910 τῇ
476 828 581 910 σοφίᾳ
603 827 708 889 αὐτοῦ
723 824 809 909 μηδὲ
832 827 850 888 6
874 825 1011 910 ίσχυρὸς
1028 825 1066 888 ἐν
1088 827 1129 909 τῇ
1152 825 1244 904 ἰσχύϊ
1257 825 1361 886 αὐτοῦ

162 926 274 1012 ιμηδὲ
297 929 315 990 6
338 927 501 1008 πλούσιος
526 929 563 992 ἐν
586 936 634 1012 τῷ
657 929 795 1012 πλούτῳ
819 931 935 1008 αὐτοῦ,
959 929 1034 993 ἀλλ’
1058 932 1080 1012 ή
1103 929 1121 990 6
1142 929 1361 1008 καυχώμενος

188 1033 227 1097 ἐν
248 1036 353 1117 κυρίῳ
377 1030 578 1114 καυχάσθω,
600 1039 661 1096 τοῦ
684 1033 837 1117 ἑκζητεῖν
853 1035 958 1098 αὐτὸν
982 1036 1038 1098 καί
1055 1039 1166 1098 ποιεῖν
1188 1034 1292 1116 κρίμα
1307 1030 1363 1093 καί

189 1136 440 1221 δικαιοσύνην),
464 1136 599 1220 μάλιστα
622 1137 808 1222 μεμνημένοι
830 1149 892 1202 τῶν
915 1138 1018 1223 λόγων
1042 1146 1097 1201 τού
1120 1135 1227 1218 κυρίου
1250 1133 1363 1218 Ἰησοῦ,

189 1242 242 1316 οὓς
271 1239 424 1325 ἐλάλησεν
456 1241 612 1304 διδάσκων
645 1240 811 1306 ἐπιείκειαν
841 1245 894 1305 καί
928 1241 1158 1325 μακροθυμίαν.
1204 1245 1234 1306 2.
1266 1241 1363 1312 ούτως

189 1347 249 1430 γάρ
265 1343 365 1409 εἶπεν·
390 1347 540 1426 'merite
566 1349 622 1412 ἵνα
638 1346 817 1432 ἐίεηθήτε·
842 1350 969 1432 ἀφίετε,
994 1351 1050 1412 ἵνα
1066 1343 1183 1430 ἀφεθῇ
1198 1349 1293 1425 ὑμῖν·
1318 1347 1363 1424 ὡς

152 1471 176 1508 1⁰
190 1457 326 1531 ποιεῖτε,
350 1455 439 1516 οὕτω
463 1450 689 1535 ποιήθήσεται
711 1456 808 1533 ὑμῖν·
839 1456 885 1532 ώς
909 1452 1028 1530 δίδοτε,
1052 1455 1158 1530 οὕτως
1182 1447 1366 1532 δοθήσεται

190 1559 287 1636 ὑμῖν·
312 1558 358 1635 ὡς
381 1558 522 1640 κρίνετε,
548 1559 655 1635 οὕτως
678 1554 906 1640 κριθήσεσθε
932 1560 979 1637 ὡς
995 1552 1235 1641 χρηστεύεσθε,
1258 1557 1364 1633 οὕτως

191 1658 479 1743 χρήστευθήσεται
502 1663 599 1740 ὑμῖν·
635 1660 662 1743 ᾧ
685 1661 797 1745 μέτρῳ
820 1668 989 1746 μετρεῖτε,
1020 1661 1058 1724 ἐν
1080 1662 1172 1742 αὐτῷ
1194 1656 1365 1742 μετρηθή-

192 1786 284 1828 σεται
307 1768 397 1845 ὑμῖν.
444 1768 474 1831 3.
498 1764 596 1848 ταύτη
619 1774 657 1848 τή
680 1764 791 1848 ἐντολῇ
813 1767 866 1826 καί
889 1773 952 1839 τοῖς
976 1762 1232 1847 παραγγέλμασιν
1249 1762 1366 1837 τούτοις

192 1868 380 1952 στηρίξωμεν
404 1868 532 1944 ἑαυτοὺς
555 1869 598 1945 εἰς
621 1871 656 1932 τό
679 1870 870 1952 πορεύεσθαι
902 1869 1059 1953 ὑπηκόους
1082 1871 1172 1942 ὄντας
1195 1876 1258 1942 τοῖς
1282 1867 1366 1950 άγιο-

154 1993 179 2032 ιι
193 1970 322 2054 πρεπίσι
337 1970 441 2055 λύγοις
464 1974 570 2052 αὐτοῦ,
586 1983 914 2055 ταπεινοφρονούντες·
940 1974 1032 2058 φησίν
1047 1975 1108 2057 γὰρ
1125 1973 1142 2034 ό
1157 1973 1244 2055 ἅγιος
1260 1970 1366 2055 λόγος·

192 2081 222 2142 4.
246 2076 328 2140 Ἐπὶ
360 2079 436 2141 τίνα
467 2077 664 2161 ἐπιβλέφω,
696 2077 771 2141 ἀλλ’
794 2081 816 2162 ή
839 2079 895 2142 ἐπί
928 2079 989 2142 τὸν
1011 2081 1126 2162 πραῢν
1148 2078 1204 2140 καί
1226 2079 1369 2159 ἡσύχιον

193 2183 249 2246 καί
272 2183 438 2265 τρέμοντά
461 2205 528 2263 μου
551 2184 593 2247 τὰ
615 2183 721 2266 λόγια.

280 2287 366 2351 XIV.
391 2285 517 2349 Δίκαιον
541 2283 595 2350 σύν
618 2288 672 2349 καί
695 2289 791 2366 ὅσιον,
815 2286 923 2368 ἀνδρες
947 2285 1086 2368 ἀδελφοί,
1110 2284 1267 2368 ὑπηκόους
1289 2284 1369 2368 ἡμᾶς

194 2388 313 2471 μᾶλλον
344 2389 494 2473 γενέσθαι
517 2399 560 2474 τῷ
592 2394 660 2474 θεῷ
682 2391 703 2474 ή
723 2400 786 2466 τοῖς
816 2391 849 2453 ἐν
879 2389 1047 2472 ἀλαζονείᾳ
1069 2391 1122 2452 καί
1153 2387 1370 2471 ἀκαταστασία

155 2514 180 2553 ιο
194 2502 328 2576 μυσερού
360 2494 472 2577 ζήλους
504 2497 652 2580 ἀρχηγοῐς
684 2495 917 2572 ἐξακολουθεῖν.
964 2499 993 2561 2.
1019 2494 1137 2580 βλάβην
1168 2495 1229 2578 γὰρ
1257 2495 1292 2557 σύ
1316 2495 1370 2575 τήν

194 2608 361 2680 τυχοῦσαν,
384 2599 504 2683 μᾶλλον
527 2600 561 2663 δὲ
584 2599 725 2664 κίνδυνον
748 2599 917 2684 ύποίσομεν
943 2598 1052 2683 μέγαν,
1078 2599 1132 2662 ἐὰν
1149 2597 1371 2682 ῥιψοκινδύνως

195 2704 348 2787 ἐπιδώμεν
371 2704 498 2780 ἑαυτοὺς
521 2713 583 2779 τοῖς
607 2703 783 2788 θελήμασιν
806 2713 868 2767 τών
892 2704 1089 2785 ἀνθρώπων,
1114 2706 1222 2779 οἵτινες
1246 2702 1371 2779 ἐξακον-

195 2807 329 2886 τίζουσιν
353 2808 395 2884 εἰς
418 2809 480 2890 ἔριν
503 2810 557 2871 καί
580 2809 713 2885 στάσεις,
738 2809 780 2883 εἰς
803 2810 838 2870 τό
861 2808 1116 2891 ἀπαλλοτριῶσαι
1138 2807 1219 2891 ἡμᾶς
1234 2818 1289 2870 τοῦ
1312 2830 1371 2870 κα-

196 2912 259 2988 λῶς
281 2913 416 2996 ἔχοντος.
464 2917 493 2979 3.
518 2912 787 2996 χρηστευσώμεθα
810 2913 931 2989 ἑαυτοῖς
955 2917 1037 2976 κατὰ
1062 2917 1117 2997 τἠν
1141 2911 1372 2996 εύσπλαγχνίαν

157 3039 182 3076 ιι
196 3019 248 3080 καί
264 3017 442 3102 γλυκύτητα
457 3028 511 3082 τοῦ
535 3018 720 3101 ποιήσαντος
735 3017 825 3101 ἡμᾶς.
872 3024 901 3085 4.
926 3019 1097 3103 γέγραπται
1119 3019 1195 3102 γάρ’
1219 3017 1371 3103 Χρηστοί

198 3124 333 3186 ἔσονται
356 3125 526 3207 οἰκήτορες
542 3130 612 3207 φής,
636 3125 757 3187 άκακοι
780 3123 817 3187 δὲ
839 3124 1158 3208 διιολειφθήσονται
1173 3124 1227 3187 ἐπ’
1251 3125 1372 3206 αὐτῆς

266 3242 391 3315 2τύφσν
409 3243 565 3315 Η15ή>
585 3243 775 3316 Ηίθέλεᾰτε
794 3243 953 3301 Αιέλεεῖτε
973 3244 1018 3314 Hi
1042 3242 1138 3315 ἀφίετε
1157 3240 1302 3313 Ατύίφετε
1323 3242 1372 3309 H}

199 3329 231 3382 12
250 3328 280 3386 ἐν
297 3330 371 3405 αύτῷ
390 3333 469 3402 (αυτη
488 3334 523 3400 Α)
536 3352 542 3385 2
556 3329 631 3389 οὕτω
649 3332 675 3385 Η
697 3333 701 3401 i
725 3334 756 3387 14
774 3337 944 3406 στηρίζωμεν
963 3333 1009 3401 H}
1035 3334 1066 3389 16
1085 3341 1176 3401 πρᾶον
1195 3330 1221 3383 Η
1237 3331 1241 3399 Ι
1261 3330 1291 3383 17
1312 3329 1375 3394 τοὺς

197 3419 298 3490 λόγους
315 3418 341 3471 Η
358 3419 361 3489 i
380 3420 411 3473 18
430 3417 501 3488 ὑμᾶς
519 3422 545 3474 Η
561 3420 564 3489 Ι
581 3423 614 3476 23
632 3417 690 3494 ἔριν
708 3423 739 3483 Α,
760 3418 831 3494 ἕρεις
849 3419 1040 3494 Ιιὸιαίρίσεις
1058 3419 1084 3472 Η
1103 3418 1155 3472 Nic.
1171 3420 1174 3487 ί
1191 3420 1225 3471 24
1244 3417 1374 3485 αυτοιςΑ

200 3539 233 3576 νο
258 3525 330 3577 hom.
349 3522 396 3587 111,
416 3525 433 3577 4
458 3524 499 3576 ed.
527 3526 628 3579 Bened.
648 3525 685 3589 11,
704 3527 756 3578 403
768 3545 773 3578 ι
786 3538 788 3629 γ
801 3525 848 3579 ubi
868 3524 999 3595 legimus:
1025 3521 1055 3580 ἐν
1076 3522 1165 3596 τούτῳ
1189 3522 1343 3591 καυχάσθω
1360 3518 1376 3575 δ

200 3610 255 3663 Sed
268 3613 296 3664 et
314 3611 369 3664 ieta
380 3612 519 3675 meretrix,
530 3628 602 3679 quae
622 3629 669 3666 eos
683 3629 773 3666 susee-
786 3638 788 3665 ι
800 3612 979 3684 καυχώμενος
990 3619 1093 3667 συνιεῖν
1104 3614 1150 3665 καὶ
1168 3607 1315 3681 γινώσκειν
1328 3606 1377 3663 τὸν

200 3697 251 3765 pit,
271 3715 305 3751 ex
321 3699 469 3752 meretrice
488 3698 611 3752 efficitur
635 3700 692 3752 iam
710 3719 772 3769 pro·
800 3700 904 3771 κύριον.
918 3698 1172 3754 Clemensleurlane
1182 3698 1232 3750 Ier.
1241 3698 1265 3759 9,
1273 3696 1377 3751 23—24

200 3787 295 3855 pheta.
786 3792 851 3841 .aut
870 3786 882 3840 1
901 3786 968 3856 Reg.
988 3788 1011 3847 2,
1033 3785 1065 3840 10
1092 3782 1136 3838 vel
1154 3785 1250 3852 pot-ius
1280 3784 1375 3837 ambos

235 3873 308 3938 XIIL
331 3878 351 3929 1.
371 3876 544 3944 ἀποθέμενοι
564 3876 633 3945 κτλ]
658 3874 700 3929 Cf.
720 3846 877 4013 ΙιιοήΙοοοε
906 3872 1069 3927 combinans
1099 3871 1269 3940 particulam
1300 3870 1376 3924 illam

202 3964 224 4022 1,
235 3961 592 4034 19-21.-μήκαυχάσθω
601 3962 671 4031 κτλ]
681 3961 775 4015 Verba
802 3961 954 4015 seeundum
983 3959 1069 4013 verba
1095 3959 1216 4027 apostoli
1242 3957 1376 4013 transfor-

201 4048 217 4104 6
244 4049 422 4120 κυυχιύμενος
454 4047 484 4105 ἐν
509 4051 596 4124 κυρίῳ
623 4049 775 4120 καυχάσθω
802 4066 893 4102 masse
914 4048 1033 4101 videtur.

202 4137 306 4190 Paulus
333 4138 360 4189 11.
390 4153 428 4190 σο.
455 4139 594 4203 tanquam
623 4138 730 4191 dictum
749 4136 775 4189 S.
838 4137 861 4188 2.
881 4136 958 4189 Haec
985 4135 1071 4187 verba
1090 4150 1145 4186 non
1171 4131 1311 4186 habentur
1333 4129 1376 4187 αι’·-

203 4223 363 4292 Scripturee
382 4226 497 4292 profert,
507 4226 536 4277 et
553 4223 641 4278 libere
653 4224 775 4294 allegare
803 4225 908 4290 τολεξεί
926 4222 956 4274 in
974 4221 1000 4274 S.
1021 4220 1179 4288 Scriptura,
1200 4236 1217 4272 υ
1235 4220 1376 4273 Clemente

202 4309 314 4364 videtur
331 4311 383 4364 Ier.
402 4310 427 4375 9,
445 4311 480 4365 24
502 4310 548 4365 νε1
571 4312 584 4364 Ι
603 4312 672 4381 Reg.
691 4313 715 4373 2,
736 4310 775 4373 10,
803 4310 897 4362 autem
910 4326 966 4363 non
986 4325 1020 4361 ex
1033 4305 1188 4375 Evangelio
1207 4306 1303 4373 aliquo
1314 4320 1376 4374 apo·
