2834 5018
172 335 215 399 68
662 327 859 383 BARNABAE

173 507 330 586 τοιούτοις,
355 505 463 580 οίτινὲς
487 505 563 568 εἰσιν
586 507 685 587 ὅμοιοι
708 503 836 587 χοίροις·
860 503 1018 568 τουτέστιν
1042 507 1116 569 ὅταν
1136 506 1348 585 οπαταλῶσιν,

175 609 437 676 ἐπιλανθάνονται
465 619 520 672 τοῦ
543 608 665 691 κυρίου,
689 611 763 672 ὅταν
786 607 821 670 δὲ
848 608 1062 691 ὑστεροῦνται,
1093 610 1350 694 ἐπιγινώσκουσιν

175 718 228 779 τδν
251 714 372 797 κύριον,
401 713 443 789 ὡς
465 716 519 777 καί
538 714 555 776 δ
578 722 692 797 χοῖρος,
725 714 800 775 ὅταν
823 712 950 796 τρύγει,
973 716 1027 777 τὸν
1049 713 1155 795 κύριον
1178 717 1236 776 οὐκ
1259 713 1349 793 οἶδεν,

175 822 250 883 ὅταν
272 819 307 882 δὲ
322 828 423 902 πεινᾷ,
446 817 616 902 κραυγάζει
638 819 692 879 καί
708 815 814 901 λαβὼν
830 817 924 881 πάλιν
941 828 1054 902 σιωπᾷ.
1100 823 1130 884 4.
1157 818 1243 883 Οὐδὲ
1259 822 1350 906 φάγη

147 926 235 990 ντὸν
257 924 358 988 ἀετὸν
380 923 459 988 οὐδὲ
481 924 542 987 τὸν
574 920 763 1006 ὀξύπτερον
786 921 864 986 οὐδὲ
885 923 947 986 τὸν
970 924 1080 987 ίκτῖνα
1108 923 1187 987 οὐδὲ
1211 925 1272 988 τὸν
1294 928 1350 988 κό-

174 1050 276 1114 ρακα·
301 1031 337 1091 ού
361 1028 418 1111 μή,
441 1026 550 1111 φησίν,
573 1025 762 1109 κολληθήση
785 1026 857 1089 οὐδὲ
879 1027 1065 1110 ὁμοιωθίγση
1088 1028 1269 1111 ἀνθρώποις
1291 1050 1351 1093 τοι·

175 1133 287 1211 ούτοις,
311 1134 419 1207 οἵτινες
443 1133 502 1193 οὐκ
518 1130 637 1193 οἴδασιν
660 1129 712 1192 διὰ
733 1130 834 1192 κόπου
857 1131 910 1192 καί
929 1130 1056 1212 ἱδρῶτος
1079 1133 1215 1214 πορίζειν
1232 1133 1351 1208 ἑαυτοῖς

175 1241 231 1320 τὴν
254 1239 388 1319 τροφὴν,
420 1234 503 1298 ἀλλὰ
527 1234 717 1316 ἁρπάζουσιν
739 1237 779 1296 τὰ
802 1233 953 1317 ἀλλότρια
976 1235 1009 1299 ἐν
1032 1238 1145 1321 ἀνομίᾳ
1173 1241 1276 1301 αὐτῶν
1299 1241 1351 1300 καί

176 1341 371 1425 ἐπιτηροῦσιν
394 1341 436 1415 ὡς
460 1339 492 1403 ἐν
515 1338 724 1421 ἀκεραιοσύνη
753 1349 994 1420 περιπατοῦντες
1021 1342 1075 1403 καί
1105 1341 1351 1428 περιβλέπονται,

138 1464 163 1501 10
177 1445 246 1508 τίνα
268 1444 440 1508 ἐκδύσωσιν
462 1444 514 1507 διὰ
535 1446 591 1525 τὴν
615 1441 809 1519 πλεονεξίαν,
834 1442 876 1517 ὡς
898 1445 952 1505 καί
976 1446 1015 1506 τά
1039 1447 1130 1527 δρνεα
1153 1457 1252 1509 ταῦτα
1275 1447 1352 1530 μίνα

176 1549 297 1624 ἑαυτοῖς
319 1551 355 1612 οῦ
378 1548 495 1631 πορίζει
518 1550 573 1627 τὴν
590 1546 718 1630 τροφήν,
742 1546 825 1609 ἀλλὰ
841 1547 923 1631 ἀργά
946 1547 1116 1631 καθήμενα
1132 1549 1264 1634 ἐκζητεῖ,
1288 1560 1353 1626 πῶς

178 1652 342 1735 ἀλλοτρίας
365 1654 484 1735 σάρκας
506 1652 692 1735 καταφάγῃ,
723 1654 799 1715 ὄντα
823 1650 918 1734 λοιμὰ
942 1662 980 1736 τῇ
1009 1654 1141 1738 πονηρία
1163 1657 1277 1719 αὐτῶν.
1324 1661 1351 1721 5.

177 1759 249 1823 Καὶ
272 1762 313 1824 οὐ
336 1761 437 1845 φάγῃ,
462 1757 564 1841 φησίν,
589 1761 781 1842 σμύραιναν
804 1756 883 1822 οὐδὲ
906 1757 1088 1823 πολύποδα
1112 1759 1190 1823 οὐδὲ
1207 1764 1352 1844 σηπίαν·

177 1864 213 1926 ού
237 1862 289 1946 μή,
314 1862 415 1946 φησίν,
439 1861 625 1945 δμοιωθίγση
640 1858 839 1943 κολλώμενος
862 1860 1047 1943 ἀνθρώποις
1062 1863 1221 1942 τοιούτοις,
1246 1865 1355 1940 οἵτινες

139 1985 164 2023 υ
177 1968 220 2043 είς
243 1967 332 2044 τέλος
359 1969 435 2031 εἰσίν
459 1966 580 2051 ἀσεβεῖς
610 1966 664 2028 καί
687 1964 862 2048 κεκριμένοι
896 1965 955 2049 ἤδη
978 1975 1023 2049 τῷ
1055 1968 1203 2051 θανάτῳ,
1236 1967 1280 2044 ὡς
1302 1971 1354 2032 καί

177 2082 276 2134 ταῦτα
307 2073 346 2134 τὰ
370 2071 498 2154 ἰχθύδια
527 2071 608 2154 μύνα
631 2069 844 2152 ἐπικατάρατα
876 2069 908 2133 ἐν
938 2079 982 2153 τῷ
1015 2070 1106 2156 βυθῷ
1134 2073 1281 2155 νήχεται,
1313 2077 1354 2157 μὴ

176 2175 382 2260 κολυμβῶντα
405 2177 447 2252 ὡς
469 2179 509 2239 τὰ
531 2175 635 2254 λοιπά,
661 2174 733 2237 ἀλλ’
756 2175 788 2238 ἐν
811 2184 850 2259 τη
874 2185 915 2258 γη
938 2177 1026 2238 κάτω
1049 2187 1104 2239 τοῦ
1126 2176 1227 2261 βυθοῦ
1251 2199 1354 2242 κατοι-

177 2289 235 2343 κεῖ.
282 2282 310 2346 6.
335 2279 418 2342 ἀλλὰ
449 2282 501 2342 καί
534 2282 595 2346 τὸν
627 2279 805 2345 δασύποδα
836 2282 876 2343 οὐ
909 2282 1010 2365 φάγῃ.
1057 2283 1133 2362 πρὸς
1167 2281 1195 2343 τί
1203 2307 1210 2358 ;
1245 2284 1281 2344 οὐ
1314 2285 1354 2366 μὴ

178 2384 269 2468 γένη,
299 2385 406 2470 φησίν,
439 2386 653 2467 παιδοφθύρος
685 2384 756 2447 οὐδὲ
778 2383 966 2467 ὁμοιωθήση
988 2392 1051 2459 τοῖς
1075 2385 1237 2465 τοιούτοις,
1269 2387 1354 2450 δτιὸ

140 2503 165 2542 20
179 2487 303 2571 λαγωδς
325 2490 395 2552 κατ’
420 2490 559 2555 ἐνιαυτὸν
581 2491 762 2555 πλεονεκτεῖ
784 2494 839 2574 τὴν
856 2490 1040 2572 ἀφύδευσιν·
1064 2493 1125 2554 ὅσα
1147 2495 1207 2575 γάρ
1230 2492 1284 2576 ἔτη
1307 2493 1355 2575 ζῇ,

180 2594 333 2670 τοσαύτας
355 2596 419 2678 ἔχει
442 2597 569 2679 τρύπας.
618 2600 646 2663 7.
672 2595 756 2659 ἀλλὰ
780 2596 856 2660 οὐδὲ
879 2598 944 2679 τὴν
967 2599 1093 2659 ύοιιναν
1116 2598 1226 2682 φάγῃ·
1251 2597 1287 2659 ού
1304 2597 1355 2680 μή,

179 2699 288 2782 φησίν,
320 2699 395 2784 γένη
418 2703 526 2784 μοιχὸς
550 2702 621 2765 οὐδὲ
644 2704 783 2784 φθορεὺς
806 2700 878 2763 οὐδὲ
903 2698 1090 2783 δμοιωθηση
1113 2709 1176 2775 τοῖς
1199 2700 1356 2775 τοιούτοις.

178 2806 253 2886 πρὸς
276 2804 317 2884 τί;
341 2807 388 2868 δτι
411 2807 445 2868 τδ
468 2806 549 2884 ζῶον
572 2815 663 2869 τοῦτο
684 2804 757 2887 παρ’
781 2804 924 2867 ἐνιαυτὸν
950 2802 1103 2867 ἀλλάσσει
1118 2806 1174 2886 τὴν
1199 2804 1357 2886 φύσινκαὶ

251 2944 262 2997 1
284 2940 374 3012 ύμοιοι
395 2943 484 3001 είσίλ1
500 2945 504 3014 Ι
518 2947 623 3016 χοίρων
637 2943 655 2996 S
671 2945 675 3012 Ι
692 2943 835 3001 τουτέστιν
852 2938 924 2998 ὅταν
942 2941 987 2994 SH
1001 2960 1006 2993 :
1020 2937 1155 3015 ὅτανγὰρ
1168 2943 1193 2996 V
1210 2944 1214 3010 Ι
1230 2944 1247 2996 2
1264 2947 1360 3016 κυρίου

180 3028 225 3082 SH
237 3049 243 3082 ι
257 3030 290 3100 Ι-
303 3028 410 3086 ἑαυτῶν
428 3030 476 3083 VL
492 3031 496 3101 Ι
512 3028 693 3106 ὑστεροῦνται
714 3030 731 3084 S
751 3030 786 3084 cf.
807 3029 908 3081 Winer
926 3031 943 3097 β
962 3030 1004 3091 42,
1023 3031 1059 3082 5:
1074 3038 1169 3086 ὕονται
1189 3031 1222 3095 Η,
1242 3037 1360 3102 -ηθὼσιν

181 3117 206 3170 V
222 3117 225 3186 Ι
242 3117 258 3168 3
276 3114 388 3184 ὼς>λί
404 3117 408 3183 Ι
424 3117 475 3175 οὐκ
493 3113 549 3174 οἶδε
569 3119 620 3175 τὸν
637 3118 734 3190 κύριον
746 3117 772 3170 V
788 3119 792 3185 Ι
807 3119 824 3170 4
843 3116 995 3187 πεινάσρλί
1012 3116 1016 3185 Ι
1033 3116 1110 3188 φάγῃ
1128 3116 1173 3169 SH
1186 3135 1192 3169 :
1204 3122 1243 3188 μὴ
1261 3118 1360 3190 φάγῃς,

180 3206 264 3273 φησίν
276 3204 301 3256 V
317 3203 322 3272 Ι
337 3203 354 3257 6
372 3203 435 3261 οὐδὲ
453 3205 481 3275 (ἢ
499 3204 536 3273 H)
554 3205 754 3277 ὁμοιωθὴσῃ>
769 3205 795 3258 V
810 3204 847 3269 19
867 3205 1094 3276 περιτηρουσινὸ
1111 3205 1115 3271 Ι
1130 3201 1169 3271 ὼς
1181 3204 1229 3257 VL
1240 3224 1246 3256 :
1257 3205 1358 3272 >SH3

180 3288 197 3343 9
217 3306 258 3356 sq.
276 3291 488 3364 περιβλέπονται
515 3292 671 3364 (βλέπουσι
689 3293 726 3361 Η)
747 3323 776 3331 -
796 3290 904 3362 ἐκζητεῖ
921 3289 967 3345 SH
981 3309 987 3342 2
1000 3294 1147 3360 καθήμενα
1173 3289 1247 3364 ἀργὰ
1274 3301 1360 3349 ταῦτα

181 3375 290 3448 ἐπιζητεῖ
298 3378 324 3431 V
339 3378 343 3446 Ι
362 3379 393 3433 10
410 3381 484 3448 μόνα
497 3380 566 3434 SHL
579 3399 584 3432 :
599 3381 632 3451 -Ι-
645 3381 689 3437 διὰ
708 3381 799 3437 κόπου
812 3380 861 3432 S**
879 3380 882 3448 Ι
901 3379 932 3432 12
953 3400 1027 3451 φαγη
1041 3379 1058 3431 S
1074 3378 1079 3448 Ι
1097 3379 1128 3432 13
1148 3379 1224 3452 φάγῃ
1235 3399 1241 3432 t
1254 3385 1293 3451 μὴ
1312 3381 1360 3450 φά·

181 3487 230 3538 γης
249 3467 273 3520 V
289 3476 294 3531 Ι
309 3487 434 3539 σμυρναν
453 3466 471 3520 S
494 3469 498 3535 Ι
520 3474 655 3524 πωλυπαν
674 3468 692 3521 S
713 3469 718 3535 Ι
741 3470 841 3537 σηπίαν
852 3467 887 3535 -1-
899 3487 933 3522 ου
950 3489 987 3536 μη
1007 3485 1134 3538 φαγωσιν
1152 3466 1170 3519 S
1186 3467 1191 3532 Ι
1208 3467 1241 3521 14
1259 3465 1361 3524 κολλώ-

180 3574 265 3623 μενος
283 3554 455 3621 Ἦιι>θΗ
471 3557 475 3620 Ι
493 3556 524 3609 15
543 3555 687 3626 ίΙδη>1ίΙ
705 3555 736 3609 16
756 3553 853 3611 ἐνττα
873 3553 933 3611 ενδ
950 3554 954 3622 Ι
972 3555 1004 3608 17
1022 3549 1165 3621 ὼςΙ-κοα
1185 3553 1223 3622 Sl
1242 3554 1362 3626 Ιβφάγμ

182 3640 208 3693 Η
221 3660 227 3693 ι
239 3664 278 3712 μη
296 3664 324 3714 φ.
344 3643 369 3704 S,
389 3665 418 3714 φ.
437 3647 521 3714 φησὶν
540 3643 564 3695 V
581 3643 584 3712 Ι
603 3642 634 3697 19
653 3641 762 3715 γίνηται
782 3643 807 3695 V
822 3642 827 3711 Ι
843 3645 927 3712 φησίν
939 3640 989 3692 HL
1002 3659 1009 3693 ι
1022 3643 1057 3706 >
1069 3639 1114 3694 SV
1130 3639 1134 3708 Ι
1150 3638 1315 3713 ὁμοιωθησφ
1328 3643 1361 3709 -Ι-

182 3731 249 3798 φησί
260 3728 287 3780 Η
302 3730 306 3798 Ι
322 3729 356 3783 20
369 3731 562 3802 τῇάφοδείσει
576 3731 602 3784 Η
618 3731 623 3800 Ι
638 3732 670 3784 21
684 3729 745 3786 ἀλλ’
760 3731 786 3783 V
801 3734 806 3798 Ι
821 3733 860 3800 μνΙ
873 3747 879 3782 :
892 3733 947 3799 μὴν
962 3729 987 3781 V
1003 3730 1008 3796 Ι
1023 3729 1057 3781 22
1075 3727 1240 3799 δμοιωθήση
1252 3733 1361 3800 -Ι-φησί

183 3813 209 3866 Η
224 3817 229 3887 Ι
245 3817 279 3870 23
298 3813 340 3873 ἱίτι
360 3838 383 3873 τ.
402 3822 424 3888 ζ,
443 3839 466 3874 τ.
486 3817 531 3871 SH
544 3837 550 3870 :
564 3827 652 3876 τοῦτο
671 3818 725 3891 γὰρ
744 3837 767 3873 τ.
787 3821 810 3887 ζ.
829 3817 855 3869 V

218 3940 242 3992 3.
279 3940 321 3994 cf.
350 3940 427 3996 Ινοσίι
456 3941 546 3996 Instit.
577 3941 631 3995 div.
651 3940 696 4003 IV,
718 3944 756 4003 17,
820 3942 844 3992 5.
863 3940 889 3993 S.
908 3939 1054 4008 Scriptura
1071 3937 1135 3992 Lev.
1151 3942 1190 4001 ll,
1207 3940 1239 3993 10
1256 3940 1286 3993 in
1302 3940 1361 3993 uni-

186 4026 300 4089 18-21;
320 4027 397 4096 Opus
416 4029 525 4100 imperf.
546 4029 576 4083 in
589 4028 690 4083 Mattlz
704 4030 758 4085 7.6
784 4044 896 4081 versum
917 4026 1051 4088 decernit,
1071 4025 1162 4093 pisces
1181 4025 1313 4094 pinnulas
1332 4030 1360 4081 et

184 4112 256 4167 hom.
279 4117 324 4177 17;
344 4115 498 4170 Αίίετοοίίο
512 4116 577 4170 Sim.
592 4118 621 4170 et
633 4115 755 4184 Theoph.
784 4131 915 4181 squamas
926 4131 982 4168 non
995 4114 1131 4167 habentes
1142 4113 1274 4168 vitandos
1287 4131 1360 4175 τινες

183 4199 243 4261 VII,
264 4201 304 4254 28.
784 4202 929 4256 Barnabas
956 4205 1051 4256 autem
1077 4201 1189 4268 aliquot
1212 4201 1296 4255 huius
1316 4218 1360 4272 ge-

218 4288 242 4341 4.
264 4288 306 4343 ef.
319 4288 443 4360 Theoph
458 4291 502 4345 Ad
514 4289 606 4344 Αυίοί
616 4290 650 4349 ΙΙ,
662 4289 702 4345 16.
717 4291 756 4344 17.
769 4280 772 4356 Ι
784 4291 859 4343 neris
877 4290 970 4359 pisces
989 4289 1124 4344 nominat.
1162 4288 1265 4358 Sepiae
1287 4306 1359 4343 men·
