2834 5018
377 564 579 622 sensuam
598 564 801 622 cmunurrs
820 565 972 623 sonam
1174 573 1262 639 XLV

83 744 132 828 qni
160 745 246 809 inter
278 744 382 809 hbros
414 739 669 826 ἀντιλεγομὲνους
700 749 732 808 61
755 744 953 828 apocryphos
984 745 1151 811 discrimen
1174 746 1260 823 lacit,

82 872 131 913 eas
151 850 237 914 inter
260 849 325 914 hos
349 853 491 915 recenset
513 848 583 932 (PG
607 851 680 927 100,
703 848 810 931 1060).
857 848 989 914 Saeculo
1011 849 1058 914 IX
1080 855 1186 914 autem
1208 873 1261 916 eas

81 954 112 1018 in
133 954 271 1018 ecclesia
305 975 423 1039 graeca
451 955 514 1018 iam
535 954 679 1039 praelegi
702 955 829 1019 desiisse
852 955 955 1019 elucet
985 976 1002 1018 e
1024 955 1127 1020 verbis
1150 955 1259 1020 Photii

82 1058 233 1125 Biblioth.
267 1060 338 1124 cod.
367 1060 428 1124 113
459 1060 605 1137 1116611116,
636 1059 772 1143 priorem
802 1061 886 1144 apud
913 1059 1030 1123 multos
1054 1059 1182 1143 dignam
1204 1081 1260 1122 ex-

82 1163 257 1228 istimatam
280 1163 298 1228 f
305 1164 439 1240 uisse,
464 1185 545 1247 quae
567 1164 664 1229 etiam
683 1164 810 1248 publice
832 1164 1000 1249 legeretur,
1024 1163 1156 1227 alteram
1178 1185 1260 1248 quse

83 1268 239 1332 diceretur
263 1269 304 1332 ab
328 1268 440 1332 iisdem
462 1269 602 1351 spuriam
625 1268 744 1332 haberi.

39 1453 40 1456 Ἴ
167 1372 350 1456 Postquam
374 1373 528 1455 epistulae
550 1373 584 1437 in
606 1395 668 1437 uno
690 1372 849 1437 volumine
871 1396 934 1437 una
957 1394 1029 1437 cum
1051 1372 1148 1437 saeris
1170 1371 1260 1437 libris

84 1477 193 1562 colligi
222 1481 406 1561 coeperunt,
439 1478 507 1542 fieri
532 1478 646 1561 potuit,
677 1483 713 1542 ut
735 1479 775 1542 ab
798 1477 979 1542 hominibus
1000 1476 1187 1560 procacibus
1210 1478 1261 1541 vel

84 1583 329 1667 neglegentibus
350 1581 425 1646 illae
447 1582 497 1646 his
521 1583 807 1647 adnumerarentur.
854 1582 975 1645 Auctor
993 1579 1261 1645 Constitutionum

85 1687 305 1771 apostolorum
326 1687 361 1751 in
383 1688 445 1751 fine
468 1687 572 1771 operis
595 1685 1260 1769 16111111851616160161116111166616111166

85 1792 161 1856 duas
192 1793 276 1856 inter
306 1792 406 1856 libros
430 1793 610 1868 canonicos,
635 1814 698 1856 non
720 1798 880 1876 postera:
901 1795 1051 1863 1161661.
1074 1789 1262 1858 ’1116611166

86 1897 208 1977 syriaco
232 1897 413 1979 nuperrime
436 1897 568 1974 detecto,
592 1897 625 1958 in
640 1896 832 1960 monasterio
847 1896 1007 1961 Edesseno
1031 1920 1058 1960 a.
1078 1898 1162 1963 1170
1185 1920 1260 1962 con-

86 2001 213 2084 scripto,
243 1999 406 2083 epistulae
436 2021 500 2064 non
526 2004 601 2083 post
623 1997 843 2083 Apocalypsin
871 1999 922 2063 vel
943 2000 976 2063 in
997 2001 1060 2065 fine
1080 2001 1260 2079 voluminis,

86 2105 139 2168 sed
167 2108 244 2188 post
266 2105 421 2189 epistulas
450 2105 621 2170 catholicas
645 2104 833 2168 exhibentur
854 2105 1026 2188 eodemque
1048 2105 1142 2169 modo
1166 2110 1261 2191 atque

86 2209 158 2274 illae
180 2209 391 2286 destinantur,
416 2210 506 2273 utin
529 2209 662 2273 ecclesia
684 2209 916 2293 praelegantur.
947 2209 984 2273 In
1000 2211 1189 2274 monasterio
1205 2210 1260 2274 illo

87 2315 185 2400 igitur
205 2315 319 2379 eadem
342 2316 514 2379 auctoritas
535 2315 575 2379 iis
599 2315 754 2380 attributa
776 2318 824 2377 est
840 2335 876 2378 ao
890 2313 980 2378 libris
996 2314 1164 2379 canonicis.
1199 2313 1261 2380 Sed

89 2442 125 2484 an
146 2421 179 2483 in
199 2419 273 2484 aliis
288 2419 488 2484 monasteriis
502 2419 554 2483 rel
569 2419 709 2483 ecelesiis
724 2422 757 2483 et
772 2419 931 2503 quamdiu,
947 2420 1112 2483 nescimus.
1138 2417 1261 2484 Auctor

88 2523 357 2600 constitutionum
378 2523 595 2607 apostolorum
616 2524 667 2587 rel
681 2521 898 2587 Ps.·Clemens
921 2544 1071 2607 magnam
1088 2524 1182 2587 fidem
1197 2546 1261 2589 non

88 2629 240 2693 invenisse
268 2629 400 2693 videtur.
445 2627 559 2712 Neque
589 2629 622 2691 in
646 2627 805 2692 codicibus
827 2626 997 2691 bibliorum
1021 2627 1136 2691 saltem
1158 2651 1260 2713 neque

88 2733 337 2817 ascriptoribus
360 2733 481 2817 graecis
504 2732 659 2817 epistulae
674 2730 844 2796 Clementis
866 2730 956 2794 libris
978 2733 1135 2796 canonicis
1151 2733 1260 2818 aequi-

88 2841 245 2920 parantur.
294 2835 391 2901 Modo
418 2836 564 2901 librarius
595 2836 710 2900 codicis
733 2836 869 2900 Parisini
891 2835 985 2919 Regii
1007 2836 1102 2914 2428,
1133 2837 1260 2902 Ioannis

89 2941 275 3007 Damasceni
307 2940 423 3005 librum
453 2942 490 3005 de
511 2941 572 3004 fide
601 2940 777 3005 orthodoxa
800 2941 993 3018 describens,
1025 2939 1080 3018 IV,
1108 2943 1147 3006 17
1170 2943 1260 3007 libris

89 3045 244 3110 canonicis
267 3050 395 3129 praeter
409 3043 552 3110 canones
576 3045 792 3129 apostolorum
810 3046 907 3109 etiam
922 3043 1091 3112 Clementis
1107 3048 1259 3131 epistulas

89 3149 162 3214 duas
184 3149 318 3224 adiecit3
351 3153 383 3212 et
405 3146 552 3232 Goptitae
574 3152 654 3212 teste
677 3147 870 3213 Vanslebio¹
903 3149 997 3213 etiem
1019 3151 1144 3215 saeculo
1166 3151 1260 3216 XVII

88 3254 238 3337 epistulas
261 3274 367 3318 sacras
389 3252 551 3316 habebant
573 3253 659 3316 etin
681 3252 771 3317 libris
795 3253 878 3318 Novi
893 3253 1089 3318 Testamenti
1111 3278 1259 3321 numera-

87 3358 170 3424 bant.

651 3529 691 3594 V.

169 3669 321 3754 Epistula
348 3669 400 3733 vix
422 3670 506 3753 typis
536 3669 700 3753 publicata
729 3673 805 3747 erat,
836 3691 908 3732 cum
938 3671 1194 3754 integritas
1225 3673 1259 3736 in
1313 3700 1316 3705 ·

87 3774 215 3839 dubium
247 3779 420 3839 vocaretur.
467 3772 678 3858 Hieronymus
701 3773 838 3859 Bignon,
872 3775 1042 3838 advocatus
1064 3776 1171 3861 regius
1193 3776 1258 3839 Pa-

87 3878 209 3955 risinus,
240 3879 305 3943 iam
334 3900 361 3942 a.
388 3879 470 3942 1633
494 3879 621 3962 scripsit
643 3878 774 3962 Hugoni
797 3877 917 3954 Gmtio,
948 3899 1110 3943 occurrere
1133 3879 1258 3943 6111111-

87 3983 151 4047 deri
181 3983 215 4046 in
238 4005 277 4047 es
299 3984 453 4067 quaedam
477 4006 496 4047 a
518 3983 601 4066 stylo
629 3982 802 4066 apostolico
832 3982 944 4060 aliena,
976 3983 1161 4065 praesertim
1193 3983 1258 4047 fre-

87 4088 249 4170 quentiora
285 4087 441 4171 epitheta,
477 4087 620 4152 fabulam
655 4087 720 4151 avis
752 4088 913 4170 phoenicis
947 4092 979 4151 et
1011 4109 1120 4151 vocem
1150 4085 1258 4162 λαικός

89 4189 151 4273 (40,
177 4191 220 4275 5),
254 4192 416 4276 adquievit
438 4197 544 4257 antem
567 4192 741 4257 sententiae
764 4192 825 4254 riri
846 4191 932 4255 illius
956 4192 1128 4256 doctissimi
1150 4193 1256 4257 obiec-

86 4296 184 4361 tionss
212 4295 384 4361 refutantis
393 4293 415 4359 ².
460 4297 535 4362 Non
563 4296 664 4361 multo
693 4301 767 4380 post
796 4318 867 4360 cum
888 4297 1055 4361 Eduardus
1078 4298 1257 4362 Bemardus

155 4432 168 4485 1
187 4432 311 4488 Histoire
328 4432 361 4486 de
377 4432 474 4501 l’epls'se
491 4432 683 4488 &Alexandria
702 4431 768 4487 1617
787 4449 813 4501 p.
833 4430 892 4486 339.

153 4519 170 4572 2
189 4519 232 4575 cf.
251 4518 409 4574 Cotelerius
428 4518 504 4572 Patr.
523 4520 613 4588 apost.
634 4520 675 4574 ed.
698 4517 822 4573 clericus
843 4517 947 4583 17241,
968 4519 1018 4573 133
1037 4534 1078 4585 sq.
