2834 5018
10 21 119 319 ΙΙ
267 21 308 319 ΙΙΙ
352 21 440 321 ΙΙΙΙΙ
544 316 551 321 ·
877 312 964 329 -.ι’--ιι-
979 326 1001 331 ...
1075 324 1078 329 ·
1141 328 1145 332 .

387 657 437 712 AD
456 657 681 714 TRALLIANOS
700 660 745 724 IV,
764 660 876 724 2—V1L
894 661 919 715 2.
1173 667 1237 732 247

61 839 189 915 nescio,
221 861 261 903 an
292 840 406 923 dignus
429 839 498 902 sim.
544 837 753 904 Vehementia
775 841 857 905 enim
886 863 957 906 mea
979 841 1088 906 multis
1112 842 1238 927 quidem

62 966 128 1007 non
152 949 293 1027 apparet,
317 965 367 1008 me
387 966 461 1008 vero
477 944 579 1008 acrius
595 945 771 1027 impugnat.
819 944 907 1030 Opus
922 947 1029 1031 itaque
1052 947 1131 1012 mihi
1145 971 1235 1013 man·

62 1049 239 1121 suetudine,
266 1071 329 1133 qua
350 1049 495 1132 princeps
519 1049 636 1113 saeculi
657 1049 751 1113 huius
775 1050 953 1114 destruitur.

152 1151 191 1215 V.
216 1151 379 1237 Numquid
402 1175 464 1217 non
487 1175 616 1237 possum
639 1153 788 1218 caelestia
810 1154 899 1219 vobis
923 1156 1086 1220 scribere?
1108 1153 1153 1220 At
1168 1178 1235 1221 me·

62 1262 130 1334 tuo,
154 1279 194 1321 ne
216 1259 358 1342 parvulis
381 1259 470 1323 vobis
494 1260 643 1323 damnum
664 1258 814 1336 inferam,
846 1280 882 1323 ac
905 1258 1058 1343 ignoscite
1080 1260 1172 1335 mihi,
1196 1277 1262 1325 neo

61 1362 127 1426 ista
150 1384 263 1444 capere
291 1384 356 1426 non
382 1363 522 1427 valentes
548 1363 797 1448 strangulemini.
844 1364 873 1427 6.
897 1363 982 1428 Nam
1012 1367 1043 1427 et
1066 1385 1126 1448 ego
1155 1366 1235 1444 ideo,

63 1468 148 1551 quod
171 1467 295 1532 vinctus
319 1490 388 1531 sum
410 1470 443 1531 et
457 1468 606 1532 caelestia
628 1468 812 1552 intellegere
827 1489 958 1552 possum
981 1471 1012 1532 et
1027 1467 1114 1533 locos
1137 1491 1235 1554 ange-

61 1571 169 1634 lorum
192 1576 224 1635 et
247 1574 353 1635 coetus
377 1573 680 1656 constitutionesque
703 1572 945 1655 principatuum,
969 1573 1110 1639 visibilia
1132 1579 1164 1638 et
1185 1575 1234 1639 in·

60 1674 210 1751 visibilia,
235 1680 365 1758 propter
386 1676 448 1740 hoc
463 1677 602 1740 nondum
625 1675 796 1759 discipulus
813 1697 897 1752 sum;
922 1677 1023 1741 multa
1046 1679 1130 1742 enim
1145 1679 1235 1743 nobis

61 1780 186 1851 desunt,
210 1801 249 1842 ne
273 1803 292 1843 a
315 1780 371 1844 deo
395 1781 543 1844 absimus.
1249 1799 1274 1836 10

152 1882 208 1946 VI.
234 1882 373 1948 Obsecro
395 1885 504 1967 itaque
525 1907 590 1961 vos,
614 1906 678 1949 non
702 1905 770 1968 ego,
795 1886 851 1949 sed
873 1885 987 1950 caritas
1010 1885 1082 1951 Iesu
1098 1885 1234 1951 Christi:

61 1986 131 2051 solo
155 1987 326 2052 christiano
359 1988 508 2061 alimento
537 1989 678 2066 utimini,
710 1991 749 2054 ab
780 1989 882 2053 aliena
912 1995 1017 2055 autem
1048 1990 1148 2058 herba
1177 1994 1234 2057 ab·

60 2092 188 2168 stinete,
214 2114 294 2176 quae
318 2098 366 2156 est
388 2093 541 2167 haeresis;
567 2094 595 2155 2.
622 2094 675 2177 qui
699 2094 828 2158 sibimet
850 2095 928 2177 ipsis
952 2094 1057 2160 Iesum
1074 2095 1235 2161 Christum

60 2196 236 2260 admiscent
252 2197 345 2261 fidem
361 2196 554 2272 simulantes,
579 2196 698 2261 similes
721 2198 768 2275 iis,
794 2198 848 2281 qui
862 2199 1060 2264 mortiferum
1082 2201 1233 2284 pharma-

60 2322 134 2364 cum
157 2323 228 2364 cum
250 2301 323 2364 vino
355 2300 457 2364 mulso
482 2301 572 2376 dant,
605 2301 689 2384 quod
713 2302 767 2385 qui
787 2303 930 2387 ignorat,
962 2303 1098 2369 libenter
1120 2306 1234 2388 accipit
1248 2318 1273 2357 1⁶

59 2405 94 2468 in
118 2405 283 2488 voluptate
306 2405 401 2469 noxia
423 2409 567 2468 mortem.

149 2509 220 2573 VII.
246 2509 416 2575 Atalibus
444 2510 544 2594 igitur
575 2530 629 2573 vos
661 2510 825 2574 custodite.
872 2510 943 2575 Hoc
976 2516 1081 2577 autem
1110 2512 1182 2588 fiet,
1207 2513 1233 2577 si

58 2637 118 2679 nec
150 2615 253 2678 inflati
281 2637 338 2679 nec
370 2613 470 2678 avulsi
503 2612 626 2678 fueritis
650 2637 668 2677 a
696 2615 754 2678 deo
783 2614 854 2678 Iesu
877 2614 1002 2679 Christo
1031 2620 1063 2680 et
1086 2616 1233 2699 episcopo

60 2723 92 2782 et
115 2720 292 2802 praeceptis
328 2718 551 2802 apostolorum.
599 2719 629 2781 2.
661 2717 722 2795 Qui
754 2719 839 2783 intra
872 2718 970 2784 altare
1005 2724 1068 2796 est,
1099 2721 1233 2784 mundus

60 2927 146 2990 τους).
660 2925 804 2992 pretatur:
832 2923 925 2978 dicere
944 2924 1077 2978 adversus
1102 2923 1233 2991 aliquem,

97 3014 120 3066 1.
139 3010 268 3084 βοτάνης]
297 3012 339 3066 Cf.
357 3011 427 3082 Eph.
449 3013 494 3075 10,
513 3015 543 3075 3;
571 3013 633 3068 Phi·
662 3027 734 3078 quae
754 3010 807 3064 fide
825 3011 944 3080 indigna
962 3012 1038 3073 sunt;
1064 3010 1152 3064 Zahn:
1178 3011 1234 3066 fide

58 3096 117 3150 lad
137 3097 161 3160 3,
183 3097 206 3151 l.
662 3102 690 3152 et
717 3097 865 3168 gravitatis
894 3098 971 3151 fama
1007 3100 1052 3168 (τῇ
1077 3099 1234 3176 ἀξιοπιστίᾳ

95 3183 119 3236 2.
140 3181 177 3252 oi]
197 3183 214 3238 i.
235 3202 257 3239 e.
277 3184 402 3238 haeresis
417 3189 571 3239 sectatores
589 3187 634 3240 vel
661 3184 769 3238 Philad.
789 3187 812 3248 2,
832 3186 862 3247 2;
880 3183 1011 3254 Polyc.3‚
1027 3183 1052 3249 1)
1072 3183 1160 3247 abuti,
1173 3182 1232 3237 vel:

59 3270 204 3324 haeretici.
242 3270 357 3325 Sensus:
376 3271 510 3326 haeretici
529 3274 633 3327 fabulis
662 3274 761 3324 contra
779 3270 909 3338 aliquem,
929 3270 979 3338 qui
998 3270 1138 3324 contraria
1152 3269 1232 3334 dixit,

59 3357 119 3410 suis
133 3357 275 3411 doctrinas
288 3358 456 3412 christianas
470 3359 632 3423 admiscent,
661 3357 745 3411 fidem
755 3357 974 3420 sibivindicare;
994 3356 1155 3425 Lightfoot:
1174 3357 1232 3410 ani-

60 3449 93 3498 ut
113 3444 298 3514 simpliciores
318 3444 474 3514 decipiant,
493 3445 584 3500 instar
601 3447 632 3501 il-
661 3461 721 3498 mos
731 3459 893 3513 permovere
911 3443 956 3497 vel
965 3442 1063 3496 fallere
1076 3445 1233 3514 (impositu)

58 3530 159 3593 lorum,
180 3533 229 3598 qui
246 3548 384 3585 venenum
396 3531 461 3586 vino
479 3532 633 3589 immistum
660 3530 818 3600 profitendo
837 3530 1022 3585 honestatem.
1060 3530 1233 3600 Respicieuti

58 3617 136 3672 dant.
174 3619 251 3672 Zahn
279 3617 399 3672 contulit
426 3618 505 3673 Rom.
526 3620 564 3683 16,
587 3621 632 3683 18;
661 3617 767 3671 Philad
787 3618 811 3679 2,
830 3616 858 3676 2;
888 3616 981 3685 Polyc.
1000 3618 1057 3679 3,1
1087 3616 1156 3670 mihi
1178 3634 1233 3672 vox

58 3703 131 3758 Iren.
150 3705 177 3767 I,
197 3706 237 3767 27,
256 3708 287 3767 4;
316 3705 441 3775 'l'heoph
468 3707 512 3760 Ad
538 3708 631 3762 Autol.
660 3703 797 3758 vertenda
815 3718 876 3757 esse
894 3703 1015 3757 videtur:
1047 3702 1130 3756 fidem
1150 3702 1232 3757 simu-

59 3790 93 3852 Π,
116 3793 161 3854 12;
192 3792 276 3846 Clem.
304 3793 346 3846 Al.
376 3793 476 3846 Strom.
495 3794 521 3857 Ι,
551 3794 633 3858 1,16
660 3792 759 3855 lantes,
779 3789 836 3844 vel:
857 3789 1040 3845 obtendentes
1060 3789 1156 3844 selide
1171 3789 1231 3859 dig-

58 3897 87 3948 p.
107 3878 173 3940 325;
193 3876 268 3949 Orig.
280 3879 360 3933 Hom.
371 3879 405 3933 29
423 3880 453 3933 in
467 3880 563 3936 Ierem
577 3880 631 3948 (ed
660 3895 711 3932 nos
731 3893 798 3932 csse.
835 3878 997 3933 Lectionem
1010 3877 1136 3932 codicum
1150 3877 1231 3932 Cote-

56 3965 163 4018 Bened.
183 3965 229 4028 Ill,
243 3967 313 4035 265).
351 3966 445 4034 cyrill.
460 3967 573 4022 Oatech
583 3967 631 4031 IV,
660 3966 745 4020 larius
762 3966 981 4034 interpretatur:
1007 3963 1117 4019 ratione
1141 3963 1231 4034 digni-

57 4054 82 4107 2.
103 4053 145 4106 26.
169 4084 204 4092 -
227 4053 547 4122 aeruginamentum]
566 4052 632 4107 Var-
659 4053 729 4108 tatis
747 4053 840 4123 (loci),
870 4069 954 4121 quum
978 4053 1120 4116 obtinent,
1148 4052 1231 4106 fidem

57 4139 126 4193 bum
145 4137 387 4207 ἀξιοπιστεύεσθαι
411 4141 559 4207 proferunt
578 4139 631 4193 He·
660 4139 765 4207 adepti.
784 4171 816 4179 -
835 4137 904 4213 ὅπερ
920 4140 991 4210 stt]
1010 4139 1027 4192 i.
1042 4155 1064 4192 e.
1085 4139 1134 4207 qui
1151 4140 1231 4208 igno·

58 4224 173 4295 sychius
192 4244 211 4278 s.
232 4244 256 4279 v.
275 4225 464 4299 βρενθύεσθαι
484 4229 513 4281 et
531 4225 631 4280 Suidas
659 4229 711 4288 rat,
742 4226 807 4280 vino
834 4243 972 4281 venenum
992 4225 1143 4280 admistum
1162 4242 1231 4290 esse,

56 4331 78 4367 s.
99 4330 125 4368 v.
153 4311 384 4385 ἀναπειστηρίαν,
410 4313 633 4383 satagamus
659 4314 781 4367 libenter
799 4311 869 4365 illud
887 4312 1005 4381 accipit,
1026 4311 1076 4365 sed
1094 4328 1151 4366 una
1168 4327 1231 4366 cum

56 4405 142 4457 εσθαι
161 4404 256 4454 autem
273 4402 386 4469 praeter
404 4399 496 4454 locum
507 4403 633 4454 nostrum
658 4400 806 4456 dulcedine
823 4399 943 4453 mortem
959 4397 1042 4452 bibit.

55 4503 199 4553 nusquam
226 4488 281 4541 nisi
310 4487 384 4556 apud
408 4485 554 4555 Polybium
572 4486 631 4550 XII,
693 4486 753 4550 VH,
774 4488 795 4541 1.
813 4485 1066 4557 μὴφυσιουμένοις]
1086 4486 1230 4556 Othlagn

57 4574 125 4636 17,1
146 4573 294 4643 reperitur.
312 4573 413 4627 Hcfele
422 4573 538 4626 verbum
546 4572 630 4628 inter·
660 4573 699 4627 12.
