2834 5018
390 668 440 723 Al)
459 666 716 723 PHILIPPENSES
734 667 794 732 XII,
814 666 937 722 2-x1v.
1189 672 1254 737 313

76 855 108 912 et
130 849 163 911 in
185 849 285 932 ipsius
304 858 449 932 putrem,
485 852 540 926 quoi
562 852 775 910 resuscitavit
797 866 869 911 eum
892 868 913 910 o
935 854 1086 911 mortuis.
1133 848 1162 911 3.
1186 851 1252 912 Pro

75 957 228 1017 omnious
250 958 378 1017 sanctis
401 960 506 1016 orote.
556 953 657 1017 Orate
679 951 774 1015 etiam
791 972 855 1034 pro
872 954 1006 1032 renibus
1029 956 1060 1016 et
1082 953 1251 1036 potestati·

74 1060 135 1122 bus
158 1062 191 1121 et
211 1057 409 1141 principibus
433 1062 528 1141 atque
547 1077 612 1138 pro
630 1060 907 1139 persequentibus
930 1066 963 1120 et
986 1060 1173 1122 odientibus
1196 1079 1253 1123 uos

76 1168 109 1226 et
130 1184 189 1245 pro
222 1168 367 1226 inimicis
397 1168 524 1243 eruas,
558 1171 595 1226 ui
612 1165 748 1241 fructus
778 1171 887 1226 aester
918 1166 1119 1242 manifestus
1150 1170 1196 1228 sii
1218 1170 1252 1229 in

77 1270 238 1348 nunnius,
261 1277 299 1332 ut
320 1274 398 1332 sitis
420 1268 452 1332 in
474 1268 531 1331 illo
550 1272 705 1350 perfecti.
1266 1284 1278 1322 ⁶

163 1370 250 1435 XIII.
275 1371 454 1456 Scripsistis
483 1373 614 1436 mihist
638 1394 693 1435 vos
716 1378 748 1437 et
769 1372 928 1458 IgnatiuS,
958 1379 995 1438 ut
1018 1374 1045 1438 si
1069 1374 1138 1458 quis
1166 1374 1253 1438 vadit

77 1479 116 1542 ad
140 1477 273 1561 Syriam,
299 1478 422 1543 deferat
444 1480 553 1543 literas
575 1501 670 1557 meas,
696 1501 774 1563 quas
797 1479 902 1544 fecero
925 1480 1056 1556 advos,
1081 1479 1108 1543 si
1130 1479 1252 1544 habue-

76 1582 175 1645 rimus
197 1587 322 1666 tempus
346 1588 561 1666 opportunum
584 1584 649 1647 sive
674 1605 749 1668 ego,
774 1585 839 1648 sive
862 1584 996 1669 legatus,
1022 1606 1114 1668 quem
1136 1585 1252 1649 misero

76 1709 135 1769 pro
167 1688 265 1751 vobis.
313 1689 343 1751 2.
367 1688 531 1771 Epistulas
564 1711 639 1752 sane
671 1687 805 1772 Ignatii,
841 1710 921 1773 quae
953 1689 1155 1753 transmissae
1179 1693 1253 1752 sunt

76 1791 166 1855 vobis
190 1793 230 1856 ab
254 1813 300 1867 eo,
326 1796 358 1855 et
373 1791 462 1869 alies,
486 1797 746 1877 quantascunque
770 1795 853 1878 apud
876 1816 934 1859 nos
945 1793 1122 1869 habuimus
1147 1798 1292 1858 trans-10

77 1896 218 1959 misimus
241 1897 341 1972 vobis,
366 1897 535 1961 secundum
558 1898 644 1981 quod
667 1898 856 1974 mandastis3
888 1919 969 1983 quae
992 1903 1066 1962 sunt
1093 1898 1253 1962 subiectae

75 2001 150 2064 huic
173 2000 338 2085 epistulae,
363 2023 401 2069 ex
424 2002 539 2085 quibus
561 2022 696 2085 magnus
718 2002 808 2067 vobis
831 2004 891 2067 erit
905 2002 1036 2067 fructus.
1083 2001 1254 2067 Continent

76 2106 160 2169 enim
182 2105 293 2183 fidem,
324 2107 511 2189 patientiam
534 2112 567 2170 et
590 2128 714 2171 omnem
747 2107 997 2171 aedificationem
1022 2107 1062 2169 ad
1093 2107 1253 2171 dominum

76 2213 220 2273 nostrum
241 2211 461 2294 pertinentem.
507 2210 551 2274 Et
575 2211 612 2273 de
644 2210 713 2292 ipso
736 2210 862 2294 Ignatio
884 2215 917 2274 et
942 2209 1068 2287 dehis,
1104 2211 1253 2295 quicum

77 2337 114 2378 eo
138 2322 219 2393 sunt,
246 2318 328 2400 quod
351 2317 468 2381 certius
491 2315 693 2401 agnoveritis,
717 2315 903 2399 significate.
1267 2332 1292 2372 ιε

164 2419 251 2483 XIV.
276 2420 365 2485 Haec
379 2420 472 2485 vobis
491 2420 604 2504 scripsi
625 2441 683 2503 per
699 2417 907 2496 Crescentem,
933 2441 1026 2505 quem
1048 2420 1254 2504 inpraesenti

76 2525 291 2589 commendari
320 2527 410 2591 vobis
438 2531 471 2590 et
498 2549 581 2591 nunc
611 2525 805 2591 commendo.
852 2523 1062 2589 Conversatus
1090 2530 1139 2589 est
1171 2525 1254 2588 enim

76 2630 242 2694 nobiscum
264 2630 517 2714 inculpabiliter;
542 2631 635 2694 credo
658 2630 733 2714 quia
756 2635 788 2694 et
809 2630 974 2694 vobiscum
996 2630 1151 2694 slmiliter.
1194 2629 1253 2695 so-

76 2756 180 2798 rorem
202 2739 307 2799 autem
331 2736 398 2800 eius
420 2734 579 2800 habebitis
603 2735 865 2811 commendatam,
890 2757 961 2799 cum
982 2735 1104 2799 venerit
1125 2735 1166 2798 ad
1186 2756 1252 2798 vos.

76 2838 255 2903 Incolumes
278 2844 378 2903 estote
407 2840 440 2904 in
463 2840 589 2905 domino
612 2840 684 2905 lesu
707 2839 834 2904 Christo
862 2840 896 2904 in
918 2839 1023 2924 gratia
1055 2861 1126 2904 cum
1149 2839 1251 2903 omni·
1267 2853 1293 2891 2⁰

76 2945 137 3008 bus
159 2944 281 3008 vestris.
329 2944 440 3009 Amen.

149 3078 252 3149 lssph.
271 3081 295 3142 6,
316 3081 355 3135 18.
375 3113 410 3121 -
428 3080 444 3133 2
462 3081 475 3134 Ι
494 3081 564 3135 Tim.
584 3081 608 3145 2,
629 3085 651 3136 1.
672 3083 696 3135 2.
714 3112 748 3121 -
767 3080 783 3133 3
803 3080 904 3133 Matth.
924 3081 948 3143 5,
966 3081 1015 3141 44;
1033 3080 1097 3134 Luc
1117 3082 1141 3142 6,
1159 3080 1200 3135 27.
1220 3111 1254 3119 -

76 3169 93 3220 4
112 3166 233 3236 Philipp.
254 3168 278 3226 3,
300 3167 338 3223 18.
357 3200 392 3207 -
410 3170 428 3223 4
446 3170 543 3223 loann.
564 3171 604 3232 15,
626 3170 670 3231 16;
688 3168 701 3221 Ι
720 3168 791 3221 Tim
811 3168 835 3230 4,
856 3168 896 3220 15.
914 3198 949 3206 -
967 3168 984 3220 5
1002 3167 1056 3220 Iac.
1072 3168 1127 3229 1,4
1146 3167 1181 3219 cf.
1195 3164 1253 3220 Col.

77 3257 101 3316 2,
123 3254 162 3308 10.

150 3377 182 3430 18
200 3377 278 3430 credo
290 3377 323 3443 -Ι-
337 3384 425 3433 ouum
437 3378 458 3431 L
473 3379 478 3446 Ι
494 3378 528 3432 20
545 3379 576 3433 iu
592 3379 685 3449 praua
696 3377 718 3430 L
731 3396 737 3429 :
749 3378 843 3447 prelio
859 3378 951 3446 ipsius
963 3376 1011 3430 PH
1030 3375 1145 3446 (Regius
1159 3374 1253 3445 solus),

76 3469 102 3517 et
117 3481 157 3532 pr.
177 3464 268 3531 ipsius
287 3464 305 3516 Z
321 3463 325 3534 l
341 3464 373 3517 21
393 3466 488 3519 uestris
502 3483 507 3517 :
520 3466 595 3519 uotis
614 3465 640 3518 H

76 3585 115 3638 tis
129 3585 349 3639 circumstantiis
362 3587 535 3657 Polycarpus
549 3591 581 3642 ut
594 3603 650 3641 cer·
678 3585 915 3656 peregrinationis
938 3584 1027 3654 ipsius
1053 3583 1128 3637 diem
1146 3582 1253 3652 prospi-

76 3670 134 3725 tior
152 3671 202 3724 fiat
222 3674 312 3741 rogat.
679 3673 816 3734 cientem,
852 3671 1083 3741 Philippensibus
1116 3685 1254 3723 commen-

113 3758 185 3812 xlv.
213 3759 257 3815 διὰ
284 3757 467 3831 Κρὲσκεντος]
498 3760 652 3814 Contentus
680 3758 769 3813 desse.
793 3758 943 3828 Lightfoot
955 3762 1057 3820 censet,
1071 3757 1254 3825 interpretem

78 3845 257 3899 Crescentem
285 3845 437 3914 epistulam
463 3846 653 3916 Philippensi·
678 3846 799 3900 latinum
811 3845 982 3915 scripturam
993 3844 1086 3898 minus
1105 3845 1180 3896 recte
1193 3843 1253 3896 red-

79 3931 133 3984 bus
152 3931 283 3986 attulisse
297 3933 386 3986 docet.
406 3931 500 3987 Verba
512 3935 577 4003 ipsa
589 3951 654 3988 eum
680 3932 785 3986 didisse
822 3935 851 3987 et
887 3931 1073 4001 Polycarpum
1109 3929 1255 3998 scripsisse

77 4019 166 4071 ctiam
183 4018 334 4087 Polycarpi
354 4036 553 4075 amanuensem
565 4019 652 4075 fuisse
678 4016 742 4092 ἄρτι
754 4042 789 4067 --
800 4035 897 4087 nuper.
907 4047 941 4057 -
957 4017 1111 4087 evolemus]
1123 4016 1164 4070 cf.
1176 4017 1255 4071 Rom.

76 4105 203 4158 indicare
212 4110 339 4173 possunt.
360 4105 401 4159 Cf.
412 4107 470 4176 Igu.
481 4107 558 4162 Rom.
571 4108 651 4170 10,1;
681 4107 768 4169 16,1;
796 4105 821 4159 ll
840 4104 900 4159 Cor.
921 4105 945 4168 3,
967 4105 1088 4165 1;4,2;
1117 4105 1141 4166 5,
1163 4106 1201 4159 12.
1221 4135 1256 4143 -

77 4190 187 4244 Philad.
209 4192 299 4253 11,2;
319 4192 372 4246 Sm.
395 4197 434 4257 12,
456 4194 478 4248 1.
501 4226 536 4235 -
562 4195 602 4262 εἰς
619 4195 653 4253 τὸ
679 4192 839 4264 &nestorion
855 4192 926 4261 nrt]
946 4191 987 4245 Cf.
1007 4190 1117 4245 lClem.
1129 4190 1170 4254 63,
1184 4193 1208 4245 3.
1221 4223 1255 4232 -

75 4278 179 4350 παρόν]
208 4277 237 4331 si
265 4278 436 4348 Polycarpus
462 4280 505 4334 ita
532 4280 652 4350 scripsit,
679 4278 801 4337 πιστεύω
825 4278 896 4347 uit]
924 4277 967 4332 Cf.
987 4277 1012 4332 ll
1030 4277 1100 4331 Tim.
1123 4279 1149 4340 1,
1168 4279 1192 4331 5.
1225 4309 1249 4318 -

77 4364 172 4418 dicere
199 4365 305 4428 voluit,
333 4382 363 4419 se
392 4367 571 4420 Crescentem
596 4367 653 4421 iam
680 4364 711 4423 ἐν
726 4365 828 4438 χάριτι]
848 4363 890 4418 Cf.
911 4365 967 4434 lgn.
986 4365 1041 4419 Sm.
1062 4364 1101 4428 13,
1120 4366 1144 4419 2.

77 4450 222 4518 (inondum
250 4451 397 4506 occasione
417 4452 502 4515 data,
530 4453 561 4506 in
578 4444 668 4512 huncl

564 4661 773 4671 ——-
