2834 5018
415 549 441 604 S.
461 549 666 605 POLYCARPI
683 548 871 604 EPISTULA.

618 797 674 861 ΠΙ.

141 937 272 1004 Occasio
297 938 456 1003 scribendi
487 939 566 1003 haec
594 938 665 1003 fuit.
712 938 934 1023 Philippenses
957 939 1171 1023 Polycarpum
1195 939 1232 1002 de

61 1043 179 1128 Ignatio
194 1045 311 1107 urbem
334 1066 426 1107 suam
440 1047 624 1108 transeunte
647 1044 796 1108 certiores
811 1043 953 1108 fecerant
976 1042 1028 1126 (cf.
1048 1046 1127 1121 1,1;
1151 1043 1231 1125 9,1)

59 1169 187 1231 eumque
202 1151 406 1231 rogaverant,
429 1151 466 1210 11
482 1146 651 1230 epistulam
674 1149 715 1211 ab
737 1148 813 1231 ipsis
836 1148 876 1212 ad
891 1146 1107 1212 Antiochenos
1130 1148 1232 1231 scrip-

59 1255 120 1315 tam
141 1252 173 1315 in
200 1250 328 1334 Syriam
349 1251 492 1316 mitteret
514 1248 628 1332 (111)
652 1256 749 1336 atque
772 1252 893 1317 litteras
916 1249 1045 1337 Ignatii,
1070 1275 1148 1337 quas
1171 1252 1232 1316 ha-

57 1357 151 1434 beret,
175 1357 258 1441 ipsis
273 1357 519 1421 communicaret
535 1354 600 1438 (13,
617 1355 662 1437 2).
701 1357 870 1422 Praeterea
885 1358 926 1421 ab
949 1378 986 1420 eo
1003 1357 1231 1441 quaesiverant,

57 1466 90 1525 11
110 1461 200 1546 ipsos
224 1462 263 1525 de
285 1461 409 1525 iustitia
431 1461 603 1525 christiana
624 1462 795 1527 instrueret
818 1459 924 1544 (3,1),
949 1484 986 1526 ac
1008 1462 1142 1546 denique
1164 1460 1231 1525 Va·

56 1567 148 1632 lentis
170 1566 354 1651 presbyteri
376 1565 506 1650 eiusque
522 1566 628 1630 uxoris
650 1567 841 1630 mentionem
856 1566 1006 1641 fecerant,
1031 1567 1086 1650 qui
1100 1567 1233 1630 avaritia

55 1678 86 1735 91
106 1671 321 1736 fornicatione
340 1675 373 1735 et
395 1670 559 1735 mendacio
591 1670 740 1735 ecclesiae
769 1692 920 1755 magnam
952 1670 1159 1736 offensionem
1182 1677 1230 1736 at·

56 1777 164 1841 tulisse
187 1777 313 1840 ridetur
337 1773 464 1858 (11,1).
508 1776 703 1859 Polycarpus
727 1779 833 1839 autem
855 1773 934 1839 haec
955 1778 1141 1859 respondet:
1166 1797 1233 1840 sese

56 1883 203 1967 gaudere,
229 1881 316 1965 quod
338 1901 400 1955 eos,
426 1880 481 1964 qui
503 1884 634 1964 propter
657 1878 818 1943 Christum
841 1879 966 1943 vincula
988 1880 1129 1955 tulerint,
1153 1883 1233 1946 bene

56 1986 306 2071 susceperintet
328 1985 451 2048 firmam
468 1984 562 2048 fidem
584 1989 713 2048 teneant
729 2006 765 2048 ac
787 1983 975 2067 frugiferam
991 1981 1047 2065 (1).
1094 1985 1233 2049 Domino

55 2091 87 2155 in
108 2091 243 2155 veritate
267 2089 407 2153 serviant
429 2093 461 2153 et
482 2088 516 2151 in
539 2088 697 2152 mandatis
719 2089 786 2151 eius
810 2086 990 2165 ambulent,
1015 2092 1051 2151 ut
1074 2088 1113 2151 ad
1135 2090 1233 2153 vitam

55 2195 246 2260 suscitentur
271 2191 328 2273 (2).
375 2190 450 2255 Sese
473 2191 609 2255 scribere
624 2190 702 2255 haec
723 2212 787 2254 non
801 2191 932 2255 nimiam
955 2193 992 2255 de
1015 2214 1049 2256 se
1064 2193 1234 2258 habentem

56 2300 247 2383 opinionem,
274 2296 329 2361 sed
351 2296 391 2358 ab
414 2295 453 2358 iis
475 2299 690 2379 provocatum.
736 2294 883 2379 Ipsorum
903 2302 1143 2381 praeceptorem
1165 2320 1233 2362 esse

56 2404 201 2481 Paulum,
226 2403 315 2467 cuius
330 2400 486 2484 epistulae
500 2400 644 2484 ipsorum
657 2400 752 2463 fidem
768 2399 942 2482 perfectam
956 2401 1084 2465 reddere
1098 2403 1232 2486 possint,

56 2509 101 2574 111
122 2513 158 2573 11
172 2507 327 2572 mandata
347 2503 503 2587 impleant
517 2503 708 2587 fugiantque
730 2508 861 2587 peccata
877 2500 933 2584 (3),
957 2505 1143 2587 praesertim
1158 2527 1233 2569 ava·

57 2614 170 2678 ritiam.
218 2612 392 2677 Armentur
412 2608 512 2693 igitur
540 2608 636 2672 armis
659 2608 798 2672 iustitiae
830 2613 862 2670 et
883 2609 1001 2671 bonum
1030 2608 1092 2693 ipsi
1114 2608 1234 2674 faciant

58 2723 87 2782 et
109 2740 183 2782 suos
209 2718 343 2780 doceant
366 2710 423 2795 (4).
469 2711 604 2776 11111οηὶ
628 2717 659 2775 11
675 2712 802 2776 iuvenes
825 2716 858 2775 et
879 2711 1016 2795 virgines
1038 2712 1071 2776 in
1087 2714 1233 2778 omnibus

57 2821 266 2905 inculpabiles
290 2820 354 2884 sint
376 2810 434 2900 (5).
479 2816 663 2900 Presbyteri
685 2815 854 2900 diligenter
869 2837 997 2880 munere
1020 2838 1077 2880 suo
1092 2815 1232 2902 fungan-

57 2932 116 2992 tur.
163 2925 284 2991 Omnes
306 2924 456 2988 virtutem
479 2926 638 2987 sectentur
659 2926 692 2986 et
714 2920 812 2986 falsos
836 2920 950 2984 fratres
974 2926 1006 2985 et
1027 2921 1143 2986 falsam
1159 2923 1234 2986 doc-

58 3034 174 3096 trinam
196 3029 326 3114 fugiant
349 3026 478 3109 (6-7),
508 3029 673 3110 sperantes
703 3026 737 3088 in
760 3022 866 3088 Iesum
887 3021 1065 3101 Christum,
1097 3027 1152 3109 qui
1174 3048 1233 3110 pro

56 3136 148 3201 nobis
169 3155 284 3218 passus
307 3132 350 3196 sit
370 3133 526 3215 nobisque
550 3131 729 3216 exemplum
750 3130 924 3214 patientiae
952 3132 1153 3214 proposuerit
1176 3129 1232 3213 (8),

57 3245 89 3304 91
117 3244 192 3304 ante
225 3237 334 3302 oculos
362 3237 515 3302 habentes
547 3236 703 3320 gloriosos
735 3241 890 3318 martyres
914 3234 971 3316 (9).
1017 3234 1055 3299 In
1076 3235 1126 3299 his
1158 3256 1234 3319 ergo

57 3348 141 3408 stent
163 3347 196 3407 et
217 3341 349 3406 Domini
377 3340 538 3424 exemplar
559 3346 741 3425 sequantur,
765 3362 889 3424 semper
917 3344 949 3403 et
972 3340 1088 3424 ubique
1116 3343 1235 3406 bonum

58 3449 209 3513 facientes
234 3444 313 3530 (10).
358 3444 408 3509 De
423 3444 559 3510 Valente
581 3445 783 3509 vehementer
805 3466 838 3508 se
862 3445 1049 3522 contristari,
1074 3446 1158 3529 quod
1173 3445 1235 3509 loci

58 3553 106 3616 sui
128 3552 207 3616 adeo
230 3552 395 3616 immemor
417 3550 523 3614 fuerit.
569 3549 761 3615 Abstineant
788 3549 896 3634 itaque
920 3551 960 3614 ab
990 3550 1122 3614 avaritia
1145 3551 1233 3614 aliis·

58 3679 118 3739 que
139 3656 227 3719 vitiis
249 3660 281 3720 et
303 3655 395 3719 illum
421 3655 550 3739 eiusque
576 3677 708 3719 uxorem
739 3655 779 3718 ad
801 3654 950 3718 virtutem
981 3655 1132 3719 reducant
1156 3653 1232 3737 (11).

59 3759 155 3825 Plura
177 3781 242 3824 non
264 3780 333 3823 esse
361 3760 508 3838 dicenda,
541 3781 613 3824 cum
635 3760 669 3823 in
691 3760 788 3824 sacris
817 3758 933 3824 litteris
963 3761 1042 3824 bene
1070 3759 1234 3823 exercitati

60 3867 130 3930 sint.
178 3864 265 3928 Deus
288 3865 375 3949 ipsos
407 3866 551 3930 aedificet
572 3866 605 3929 in
627 3865 689 3928 fide
711 3869 744 3929 et
766 3864 878 3928 ceteris
907 3864 1087 3929 virtutibus.
1134 3861 1234 3926 Orent

61 3991 116 4052 pro
138 3968 287 4033 omnibus
303 3964 382 4049 (12).
428 3967 573 4052 Ipsorum
596 3968 765 4052 epistulam
781 3967 987 4032 Antiochenis
1003 3988 1036 4031 se
1059 3970 1114 4030 aut
1129 3966 1233 4030 reddi·

61 4077 163 4137 turum
187 4076 244 4137 aut
265 4072 435 4136 missurum
458 4094 542 4145 9111;
567 4073 720 4156 epistulas
743 4071 862 4156 Ignatii
884 4070 958 4134 huic
980 4069 1135 4152 epistulae
1158 4070 1233 4134 sub-

62 4176 154 4241 iectas
177 4198 254 4240 esse.
302 4176 351 4240 De
374 4200 398 4241 s.
416 4181 552 4260 martyre
575 4177 603 4240 si
619 4177 695 4260 quid
717 4179 913 4260 compertum
927 4173 1105 4250 habuerint,
1130 4174 1235 4257 ipsum

64 4417 229 4487 1111111,
247 4419 283 4474 n.
302 4435 329 4486 p.
347 4417 501 4478 411111
520 4416 607 4479 runa,
627 4416 683 4470 ne
699 4416 824 4470 11111
841 4415 888 4468 aa
905 4413 1128 4483 1911111111
1140 4414 1234 4479 anese

68 4503 128 4562 1111
144 4524 171 4576 p.
192 4506 297 4559 14-42
331 4505 558 4559 1111111111
576 4505 601 4558 x
619 4503 720 4573 (1111),
741 4501 792 4556 111
