2834 5018
206 293 268 356 ιιι
671 284 905 340 mmmmm

202 464 298 548 πότης
314 473 367 546 τῆς
391 461 555 527 ἀθανάτου
569 459 716 545 γνώσεως
738 459 819 545 ἡμᾶς
833 460 1022 545 γεύσασθαι,
1045 466 1080 542 ὃς
1097 465 1147 526 ῶν
1168 463 1378 546 ἀπαύγασμα

202 576 260 654 της
282 568 527 652 μεγαλωσύνης
542 568 657 645 αύτού,
680 569 831 650 τοσούτῳ
853 566 982 647 μείζων
1005 567 1097 632 έστὶν
1120 567 1285 650 ἀγγέλων,
1309 568 1377 650 ὅσῳ

202 673 456 757 διαφορώτερον
471 673 581 750 ὄνομα
597 668 902 753 κεκληρονόμηκεν,
949 673 978 736 3.
1003 668 1174 754 γέγραπται
1188 670 1250 753 γὰρ
1266 671 1378 742 οὑτως·

203 777 242 843 ‘O
264 782 376 842 ποιῶν
391 779 470 856 τούς
493 775 654 858 ἀγγέλους
670 777 775 837 αὐτοῦ
798 777 977 855 πνεύματα
993 775 1049 838 καὶ
1072 775 1149 854 τούς
1165 773 1378 858 λειτουργούς

173 885 306 947 ιαύτοῦ
339 881 446 966 πυρός
482 878 601 962 φλόγα.
647 882 676 942 4.
702 876 752 939 ἐπὶ
785 876 820 938 δὲ
842 884 885 960 τῷ
917 876 973 961 υἱῷ
1003 878 1099 939 αὑτοῦ
1130 878 1227 951 οὑτως
1255 876 1379 939 εἶπενό

201 986 370 1069 δεσπότης·
397 982 473 1063 Υἱός
495 1005 563 1063 μου
585 983 618 1045 εἴ
631 985 684 1061 σύ,
707 982 773 1064 ἐγὼ
790 984 940 1066 σήμερον
963 983 1148 1065 γεγέννηκά
1166 1001 1219 1044 σε·
1245 983 1379 1064 αἴτησαι

201 1091 282 1176 παρ’
306 1091 400 1170 ἐμοῦ,
423 1087 479 1151 καλ
502 1086 603 1150 δώσω
628 1107 681 1149 σοι
704 1084 791 1169 ἔθνη
815 1087 878 1169 τήν
900 1085 1131 1171 κληρονομίαν
1154 1107 1217 1150 σου
1240 1087 1298 1149 καὶ
1319 1088 1379 1169 τήν

200 1194 406 1274 κατάσχεσέν
438 1212 500 1253 σου
522 1189 564 1253 τά
591 1190 722 1273 πέρατα
753 1195 811 1273 τῆς
835 1196 903 1273 γής.
951 1193 979 1255 5.
1004 1190 1057 1251 καὶ
1080 1187 1173 1252 πάλιν
1197 1188 1281 1273 λέγει
1305 1190 1379 1271 πρὸς

201 1295 313 1359 αὑτόνΙ
346 1293 473 1359 Κάθου
497 1293 534 1356 ἐκ
557 1291 679 1372 δεξιῶν
700 1316 785 1374 μου,
816 1295 880 1374 ἕως
903 1297 947 1359 δν
969 1293 1024 1359 θῶ
1047 1297 1124 1374 τούς
1148 1292 1294 1380 ἐχθρούς
1319 1316 1379 1358 σου

162 1418 187 1456 1⁰
201 1399 392 1465 ὑποπόδιον
414 1405 484 1465 τῶν
507 1396 626 1460 ποδῶν
650 1418 720 1460 σου.
768 1399 798 1462 6.
822 1395 902 1472 τίνες
925 1394 979 1460 οὑν
1003 1397 1031 1460 οἱ
1054 1396 1188 1480 ἐχθροί,
1213 1397 1242 1460 οἱ
1266 1396 1379 1479 φαῦλοι

199 1504 253 1565 καὶ
277 1500 529 1583 ἀντιτασσόμενοι
552 1506 596 1583 τῷ
621 1499 777 1583 θελήματι
801 1503 906 1568 αὑτοῦ.

287 1606 451 1672 XXXVII.
474 1601 748 1686 Στρατενσιὺμεθα
771 1601 843 1684 οὑν,
876 1604 984 1687 ἄνδρες
1011 1605 1151 1688 ἀδελφοί,
1175 1607 1253 1689 μετὰ
1277 1606 1379 1689 πάσης

200 1708 355 1784 ἐκτενεέας
378 1708 410 1772 ἐν
433 1717 497 1783 τοῖς
513 1706 652 1791 ἀμῶμοις
675 1709 909 1792 προστάγμασιν
927 1712 1032 1775 αὑτοῦ.
1079 1716 1108 1778 2.
1132 1711 1378 1795 κατανοήσωμεν

199 1818 271 1890 τοὺς
301 1812 562 1896 στρατευομένους
591 1822 654 1887 τοῖς
685 1811 867 1897 ἡγουμένοις
894 1814 1001 1898 ήμῶν,
1024 1825 1090 1891 πῶς
1114 1817 1289 1894 εὐτάκτως,
1313 1823 1379 1889 πῶς

160 1944 187 1982 ιι
200 1919 352 1997 εἰκτικῶς,
375 1927 442 1992 πῶς
464 1916 720 2000 ὑποτεταγμένοις
738 1916 931 1983 ἐπιτελοῦσιν
953 1922 993 1982 τά
1009 1920 1247 2004 διατασσόμενα.
1294 1924 1326 1987 3.
1343 1922 1378 1982 οὐ

197 2024 310 2098 πάντες
332 2024 408 2087 εἰσὶν
423 2024 554 2105 ἔπαρχοι
578 2021 650 2085 οὐδὲ
665 2021 821 2105 χιλίαρχοι
845 2025 917 2087 οὑδὲ
932 2024 1155 2107 ἑκατόνταρχοι
1179 2024 1251 2087 οὑδὲ
1266 2045 1377 2108 πεντη-

197 2128 363 2211 κόνταρχοι
387 2126 460 2190 οὑδὲ
482 2128 517 2189 τό
539 2125 689 2210 καθεξῆς,
713 2125 786 2188 ἀλλ’
808 2128 942 2202 ἕκαστος
966 2128 998 2193 ἐν
1022 2138 1065 2212 τῷ
1090 2130 1155 2214 ἰδίῳ
1180 2129 1316 2213 τάγματι
1339 2130 1378 2191 τά

199 2231 427 2315 ἐπιτασσόμενα
460 2231 520 2293 ὑπὸ
554 2239 609 2293 τοὺ
644 2229 797 2316 βασιλέως
830 2233 883 2294 καλ
917 2240 979 2296 τῶν
1018 2231 1198 2317 ἡγουμένων
1233 2231 1377 2296 ἐπιτελεῖ.

200 2342 230 2403 4.
254 2336 283 2399 οἱ
305 2334 435 2420 μεγάλοι
458 2334 531 2417 δίχα
563 2343 625 2398 τῶν
648 2343 765 2418 μικρῶν
797 2338 833 2399 οὑ
856 2337 1001 2401 δύνανται
1026 2336 1102 2401 εἶναι
1126 2341 1198 2400 οὑτε
1221 2337 1251 2400 οἱ
1274 2338 1377 2421 μικροί

159 2463 186 2502 ιι
200 2440 273 2522 δίχα
294 2449 356 2503 τῶν
379 2438 543 2523 μεγάλων·
567 2439 736 2524 σὺγκρασές
758 2439 803 2515 τίς
826 2440 908 2504 ἐστιν
933 2440 965 2505 ἐν
989 2453 1100 2522 πᾶσιν,
1123 2443 1176 2504 καὶ
1200 2441 1233 2505 ἐν
1257 2441 1377 2516 τούτοις

199 2555 317 2628 χρῆσις.
364 2548 393 2609 5.
418 2541 563 2628 λάβωμεν
586 2544 621 2605 τό
644 2551 736 2627 σῶμα
758 2544 865 2628 ήμῶν·
898 2545 919 2628 ἡ
942 2545 1066 2629 κεφαλή
1090 2546 1163 2628 δίχα
1185 2555 1247 2610 τῶν
1271 2547 1377 2609 ποδῶν

200 2648 289 2712 οὐδέν
312 2647 410 2726 ἐστιν,
441 2649 540 2722 οὑτως
563 2647 635 2709 οὑδὲ
658 2647 686 2709 οἱ
708 2647 801 2722 πόδες
824 2647 896 2730 δίχα
919 2659 974 2732 τῆς
997 2649 1156 2733 κεφαλῆς·
1180 2652 1219 2712 τά
1243 2651 1278 2713 δὲ
1301 2649 1376 2712 ἐλά·

198 2771 292 2835 χιστα
312 2751 391 2836 μέλη
414 2759 468 2814 τοῦ
492 2749 634 2834 σώματος
656 2749 744 2834 ήμῶν
767 2753 925 2837 ἀναγκαῖοι
947 2755 1001 2816 καλ
1024 2755 1180 2837 εὑχρηστά
1210 2755 1287 2817 εἰσιν
1311 2754 1375 2837 όλῳ

198 2866 242 2942 τῷ
265 2857 401 2941 σώματι·
431 2855 515 2919 ἀλλὰ
536 2857 639 2919 πάντα
661 2866 787 2920 συνπνεῖ
808 2859 861 2920 καὶ
891 2859 1032 2944 ὑποταγῇ
1055 2868 1111 2943 μιᾷ
1139 2869 1251 2942 χρῆται
1275 2859 1319 2934 εἰς
1342 2860 1376 2921 τό

159 2985 185 3023 τι
199 2962 360 3040 σώζεσθαι
383 2960 456 3024 ὅλον
479 2962 514 3023 τό
538 2969 639 3044 σῶμα.

284 3067 463 3133 XXXVIII
494 3064 657 3142 Σωζέσθω
686 3064 740 3130 οὑν
772 3066 860 3151 ήμῶν
890 3068 963 3133 όλον
996 3071 1031 3132 τὸ
1062 3077 1153 3152 σῶμα
1183 3067 1216 3131 ἐν
1246 3066 1373 3151 Χριστῷ

198 3170 313 3255 Ἰησοῦ,
336 3171 391 3232 καλ
407 3168 639 3236 ὑποτασσέσθω
656 3171 789 3247 ἕκαστος
805 3180 848 3255 τῷ
871 3172 1002 3257 πλησίον
1018 3174 1124 3252 αὑτοῦ,
1147 3174 1261 3248 καθὼς
1278 3173 1374 3257 ἐτέθη

198 3274 231 3338 ἐν
253 3281 297 3357 τῷ
327 3273 494 3358 χαρίσματι
523 3275 628 3338 αὑτοῦ.
674 3279 704 3341 2.
729 3275 745 3338 ό
769 3275 893 3359 ἰσχυρός
916 3276 1086 3360 τημελείτω
1116 3278 1169 3340 τόν
1200 3278 1374 3362 ἀσθενῆ,δ

198 3379 232 3441 δὲ
255 3379 393 3460 ἀσθενὴς
416 3376 616 3459 ἐντρεπέσθω
639 3379 693 3441 τόν
716 3379 857 3462 ἰσχυρόν·
880 3381 897 3442 ό
919 3380 1066 3456 πλούσιος
1089 3381 1315 3465 ἐπιχορηγείτω
1332 3389 1373 3464 τῷ

159 3504 184 3542 ιο
198 3488 325 3564 πτωχῷ,
350 3481 366 3542 ό
389 3481 424 3543 δέ
446 3482 571 3564 πτωχός
594 3483 812 3565 εὑχαριστεὺτω
835 3492 879 3567 τῷ
904 3486 981 3567 θεῷ,
1006 3487 1051 3547 ότι
1073 3486 1191 3548 ἔδωκεν
1214 3488 1312 3570 αὐτῷ,
1337 3484 1375 3550 δι’

270 3653 300 3706 11
318 3651 404 3710 αὑτοῦ
417 3671 423 3704 :
436 3673 476 3709 τω
496 3658 604 3724 θέλημα
688 3657 713 3706 Α
737 3655 741 3725 Ι
770 3657 800 3710 15
820 3655 946 3723 εἰκτικῶς
970 3656 1142 3727 (Lightf00t‚
1169 3657 1213 3711 vel
1236 3658 1371 3725 εὑείκτως,

199 3737 397 3808 Tischendorf)
415 3742 440 3793 A
455 3759 461 3792 :
474 3737 590 3808 ἑκτικῶς
608 3741 641 3805 Η,
660 3741 762 3796 leniter
775 3743 800 3804 S,
815 3743 880 3809 >L
896 3748 900 3813 Ι
916 3749 1025 3802 τελοῦσι
1042 3745 1068 3796 Η
1084 3745 1087 3815 λ
1107 3743 1138 3798 18
1156 3743 1372 3816 ὑποτασσόμενα

198 3824 294 3894 {1120
312 3823 342 3882 ἐν
361 3827 470 3894 τούτοις
487 3827 559 3882 AHs
574 3846 579 3880 :
594 3828 672 3881 aliud
690 3829 746 3883 alio
765 3829 803 3892 L,
831 3828 862 3886 έν
879 3828 1006 3902 ἀλλήλοις
1024 3830 1121 3901 Knopf
1135 3832 1189 3893 124
1206 3841 1307 3907 χρᾶται
1327 3832 1352 3886 Η
1367 3882 1370 3901 ,

197 3912 230 3965 2Ἷ
250 3907 342 3980 Ἰησοῦ
361 3912 407 3965 AL
421 3932 427 3964 ι
440 3917 474 3980 >
484 3913 528 3968 HS
545 3914 549 3984 Ι
564 3915 662 3983 καθὼς
674 3917 708 3988 -I-
719 3938 764 3972 και
783 3918 807 3970 Α
828 3917 832 3987 Ι
855 3916 889 3970 28
908 3922 1059 3989 τημελελτω
1076 3918 1144 3973 HLS
1157 3938 1164 3971 τ
1177 3927 1372 3991 μητμμελειτω

198 3997 247 4068 (μή
265 3997 355 4068 ἀτημ.)
374 3999 419 4068 ΑΙ
435 4002 468 4055 29
486 4021 644 4076 εντρεπετω
663 4005 687 4056 Α

233 4133 373 4198 XXXVII,
394 4138 416 4190 1.
447 4140 693 4210 στρατευσόμεθα]
727 4141 865 4205 cmm
887 4148 915 4207 1,
937 4145 982 4207 18;
1012 4145 1037 4199 II
1056 4146 1126 4199 Tim.
1146 4148 1173 4208 2,
1200 4148 1224 4202 3.
1251 4149 1285 4209 4;
1313 4148 1368 4216 [gn

199 4219 224 4272 τι
244 4219 305 4276 σοι.
326 4222 456 4285 10‚3.4;
480 4224 552 4294 τρο.
571 4230 595 4291 τ,
617 4230 731 4290 11-17;
756 4210 888 4297 12120150.
907 4230 930 4295 6,
950 4232 974 4285 2.
