<?xml version="1.0" encoding="UTF-8"?>
<!DOCTYPE html PUBLIC "-//W3C//DTD XHTML 1.0 Transitional//EN"
    "http://www.w3.org/TR/xhtml1/DTD/xhtml1-transitional.dtd">
<html xmlns="http://www.w3.org/1999/xhtml" xml:lang="en" lang="en">
 <head>
  <title>
</title>
<meta http-equiv="Content-Type" content="text/html;charset=utf-8" />
  <meta name='ocr-system' content='tesseract 3.04.00' />
  <meta name='ocr-capabilities' content='ocr_page ocr_carea ocr_par ocr_line ocrx_word'/>
</head>
<body>
  <div class='ocr_page' id='page_1' title='image "./patresapostolic00piongoog_0053.png"; bbox 0 0 2834 5018; ppageno 0'>
   <div class='ocr_carea' id='block_1_1' title="bbox 121 276 848 346">
    <p class='ocr_par' dir='ltr' id='par_1_1' title="bbox 121 276 848 346">
     <span class='ocr_line' id='line_1_1' title="bbox 121 276 848 346; baseline -0.004 -12"><span class='ocrx_word' id='word_1_1' title='bbox 121 282 177 346; x_wconf 78' lang='lat' dir='ltr'><strong>XL</strong></span> <span class='ocrx_word' id='word_1_2' title='bbox 564 276 848 334; x_wconf 72' lang='lat' dir='ltr'><strong>Paomooamun.</strong></span> 
     </span>
    </p>
   </div>
   <div class='ocr_carea' id='block_1_2' title="bbox 113 454 1296 4293">
    <p class='ocr_par' dir='ltr' id='par_1_2' title="bbox 115 454 1296 2839">
     <span class='ocr_line' id='line_1_2' title="bbox 124 454 1295 543; baseline 0.003 -23"><span class='ocrx_word' id='word_1_3' title='bbox 124 454 289 539; x_wconf 85' lang='lat'><strong>(17-18).</strong></span> <span class='ocrx_word' id='word_1_4' title='bbox 337 455 422 533; x_wconf 88' lang='lat' dir='ltr'><strong>Quos</strong></span> <span class='ocrx_word' id='word_1_5' title='bbox 445 461 618 541; x_wconf 89' lang='lat' dir='ltr'><strong>sequantur</strong></span> <span class='ocrx_word' id='word_1_6' title='bbox 638 478 675 521; x_wconf 90' lang='lat' dir='ltr'><strong>ac</strong></span> <span class='ocrx_word' id='word_1_7' title='bbox 690 457 795 521; x_wconf 90' lang='lat' dir='ltr'><strong>Deum</strong></span> <span class='ocrx_word' id='word_1_8' title='bbox 810 456 955 542; x_wconf 76' lang='lat' dir='ltr'>diligant,</span> <span class='ocrx_word' id='word_1_9' title='bbox 981 459 1035 543; x_wconf 91' lang='lat' dir='ltr'><strong>qui</strong></span> <span class='ocrx_word' id='word_1_10' title='bbox 1049 459 1091 523; x_wconf 91' lang='lat' dir='ltr'><strong>sit</strong></span> <span class='ocrx_word' id='word_1_11' title='bbox 1106 459 1192 523; x_wconf 90' lang='lat' dir='ltr'><strong>Deus</strong></span> <span class='ocrx_word' id='word_1_12' title='bbox 1207 461 1295 543; x_wconf 81' lang='lat' dir='ltr'><strong>pacis</strong></span> 
     </span>
     <span class='ocr_line' id='line_1_3' title="bbox 123 559 1293 646; baseline 0.002 -21"><span class='ocrx_word' id='word_1_13' title='bbox 123 559 200 642; x_wconf 83' lang='lat'><strong>(19).</strong></span> <span class='ocrx_word' id='word_1_14' title='bbox 236 561 393 626; x_wconf 81' lang='lat' dir='ltr'><strong>Naturam</strong></span> <span class='ocrx_word' id='word_1_15' title='bbox 414 561 593 625; x_wconf 84' lang='lat' dir='ltr'><strong>universam</strong></span> <span class='ocrx_word' id='word_1_16' title='bbox 616 561 650 625; x_wconf 91' lang='lat' dir='ltr'><strong>in</strong></span> <span class='ocrx_word' id='word_1_17' title='bbox 671 583 750 644; x_wconf 88' lang='lat' dir='ltr'><strong>pace</strong></span> <span class='ocrx_word' id='word_1_18' title='bbox 773 566 805 625; x_wconf 92' lang='lat' dir='ltr'><strong>et</strong></span> <span class='ocrx_word' id='word_1_19' title='bbox 827 562 992 627; x_wconf 86' lang='lat' dir='ltr'><strong>concordia</strong></span> <span class='ocrx_word' id='word_1_20' title='bbox 1015 562 1121 627; x_wconf 91' lang='lat' dir='ltr'><strong>omnia</strong></span> <span class='ocrx_word' id='word_1_21' title='bbox 1134 562 1293 646; x_wconf 89' lang='lat' dir='ltr'><strong>perficere,</strong></span> 
     </span>
     <span class='ocr_line' id='line_1_4' title="bbox 120 665 1296 752; baseline -0.001 -21"><span class='ocrx_word' id='word_1_22' title='bbox 120 670 153 731; x_wconf 91' lang='lat' dir='ltr'><strong>et</strong></span> <span class='ocrx_word' id='word_1_23' title='bbox 182 665 286 731; x_wconf 91' lang='lat' dir='ltr'><strong>Deum</strong></span> <span class='ocrx_word' id='word_1_24' title='bbox 320 666 401 731; x_wconf 89' lang='lat' dir='ltr'><strong>hanc</strong></span> <span class='ocrx_word' id='word_1_25' title='bbox 431 666 627 730; x_wconf 83' lang='lat' dir='ltr'><strong>harmoniam</strong></span> <span class='ocrx_word' id='word_1_26' title='bbox 658 666 877 731; x_wconf 77' lang='lat' dir='ltr'><strong>instituentem</strong></span> <span class='ocrx_word' id='word_1_27' title='bbox 909 666 1189 731; x_wconf 91' lang='lat' dir='ltr'><strong>clementissimum</strong></span> <span class='ocrx_word' id='word_1_28' title='bbox 1219 689 1296 752; x_wconf 87' lang='lat' dir='ltr'><strong>erga</strong></span> 
     </span>
     <span class='ocr_line' id='line_1_5' title="bbox 120 769 1293 856; baseline 0.002 -23"><span class='ocrx_word' id='word_1_29' title='bbox 120 792 179 834; x_wconf 91' lang='lat' dir='ltr'><strong>nos</strong></span> <span class='ocrx_word' id='word_1_30' title='bbox 202 793 235 835; x_wconf 91' lang='lat' dir='ltr'><strong>se</strong></span> <span class='ocrx_word' id='word_1_31' title='bbox 256 773 408 855; x_wconf 89' lang='lat' dir='ltr'><strong>praebere</strong></span> <span class='ocrx_word' id='word_1_32' title='bbox 430 769 509 856; x_wconf 92' lang='lat'><strong>(20).</strong></span> <span class='ocrx_word' id='word_1_33' title='bbox 556 769 704 849; x_wconf 84' lang='lat' dir='ltr'><strong>Gaveant,</strong></span> <span class='ocrx_word' id='word_1_34' title='bbox 727 793 767 835; x_wconf 92' lang='lat' dir='ltr'><strong>ne</strong></span> <span class='ocrx_word' id='word_1_35' title='bbox 790 772 856 835; x_wconf 92' lang='lat' dir='ltr'><strong>eius</strong></span> <span class='ocrx_word' id='word_1_36' title='bbox 878 771 1032 837; x_wconf 89' lang='lat' dir='ltr'><strong>beneficia</strong></span> <span class='ocrx_word' id='word_1_37' title='bbox 1053 772 1086 835; x_wconf 91' lang='lat' dir='ltr'><strong>in</strong></span> <span class='ocrx_word' id='word_1_38' title='bbox 1105 772 1293 835; x_wconf 92' lang='lat' dir='ltr'><strong>condemna·</strong></span> 
     </span>
     <span class='ocr_line' id='line_1_6' title="bbox 120 875 1294 960; baseline -0.001 -21"><span class='ocrx_word' id='word_1_39' title='bbox 120 875 238 939; x_wconf 91' lang='lat' dir='ltr'><strong>tionem</strong></span> <span class='ocrx_word' id='word_1_40' title='bbox 260 876 339 960; x_wconf 91' lang='lat' dir='ltr'><strong>ipsis</strong></span> <span class='ocrx_word' id='word_1_41' title='bbox 361 877 483 940; x_wconf 87' lang='lat' dir='ltr'><strong>cedant.</strong></span> <span class='ocrx_word' id='word_1_42' title='bbox 529 876 663 940; x_wconf 82' lang='lat' dir='ltr'><strong>Faciant</strong></span> <span class='ocrx_word' id='word_1_43' title='bbox 684 876 880 940; x_wconf 79' lang='lat' dir='ltr'><strong>voluntatem</strong></span> <span class='ocrx_word' id='word_1_44' title='bbox 898 877 974 951; x_wconf 91' lang='lat' dir='ltr'><strong>eius,</strong></span> <span class='ocrx_word' id='word_1_45' title='bbox 1000 876 1054 960; x_wconf 92' lang='lat' dir='ltr'><strong>qui</strong></span> <span class='ocrx_word' id='word_1_46' title='bbox 1069 876 1175 940; x_wconf 89' lang='lat' dir='ltr'><strong>omnia</strong></span> <span class='ocrx_word' id='word_1_47' title='bbox 1189 876 1294 939; x_wconf 86' lang='lat' dir='ltr'><strong>rideat</strong></span> 
     </span>
     <span class='ocr_line' id='line_1_7' title="bbox 120 979 1294 1066; baseline 0.001 -22"><span class='ocrx_word' id='word_1_48' title='bbox 120 985 153 1044; x_wconf 90' lang='lat' dir='ltr'><strong>et</strong></span> <span class='ocrx_word' id='word_1_49' title='bbox 174 980 384 1065; x_wconf 85' lang='lat' dir='ltr'><strong>cogitationes</strong></span> <span class='ocrx_word' id='word_1_50' title='bbox 418 1002 542 1066; x_wconf 87' lang='lat' dir='ltr'><strong>quoqne</strong></span> <span class='ocrx_word' id='word_1_51' title='bbox 565 984 722 1045; x_wconf 83' lang='lat' dir='ltr'><strong>scrutetur</strong></span> <span class='ocrx_word' id='word_1_52' title='bbox 751 979 829 1063; x_wconf 92' lang='lat'><strong>(21).</strong></span> <span class='ocrx_word' id='word_1_53' title='bbox 875 980 995 1044; x_wconf 82' lang='lat' dir='ltr'><strong>Eadem</strong></span> <span class='ocrx_word' id='word_1_54' title='bbox 1016 980 1177 1064; x_wconf 89' lang='lat' dir='ltr'><strong>postulare</strong></span> <span class='ocrx_word' id='word_1_55' title='bbox 1199 981 1294 1045; x_wconf 90' lang='lat' dir='ltr'><strong>fidem</strong></span> 
     </span>
     <span class='ocr_line' id='line_1_8' title="bbox 120 1084 1291 1170; baseline 0.001 -22"><span class='ocrx_word' id='word_1_56' title='bbox 120 1084 333 1163; x_wconf 87' lang='lat' dir='ltr'><strong>christianam,</strong></span> <span class='ocrx_word' id='word_1_57' title='bbox 357 1110 428 1151; x_wconf 90' lang='lat' dir='ltr'><strong>cum</strong></span> <span class='ocrx_word' id='word_1_58' title='bbox 444 1086 589 1151; x_wconf 79' lang='lat' dir='ltr'><strong>Christus</strong></span> <span class='ocrx_word' id='word_1_59' title='bbox 610 1107 668 1170; x_wconf 87' lang='lat' dir='ltr'><strong>per</strong></span> <span class='ocrx_word' id='word_1_60' title='bbox 689 1085 836 1168; x_wconf 90' lang='lat' dir='ltr'><strong>spiritum</strong></span> <span class='ocrx_word' id='word_1_61' title='bbox 859 1090 1004 1151; x_wconf 89' lang='lat' dir='ltr'><strong>sanctum</strong></span> <span class='ocrx_word' id='word_1_62' title='bbox 1027 1108 1085 1149; x_wconf 94' lang='lat' dir='ltr'><strong>nos</strong></span> <span class='ocrx_word' id='word_1_63' title='bbox 1100 1085 1291 1159; x_wconf 88' lang='lat' dir='ltr'><strong>exhortetur,</strong></span> 
     </span>
     <span class='ocr_line' id='line_1_9' title="bbox 119 1189 1293 1277; baseline 0.002 -26"><span class='ocrx_word' id='word_1_64' title='bbox 119 1192 157 1252; x_wconf 92' lang='lat' dir='ltr'><strong>ut</strong></span> <span class='ocrx_word' id='word_1_65' title='bbox 179 1189 332 1255; x_wconf 85' lang='lat' dir='ltr'><strong>faciamus</strong></span> <span class='ocrx_word' id='word_1_66' title='bbox 355 1192 471 1256; x_wconf 91' lang='lat' dir='ltr'><strong>bonum</strong></span> <span class='ocrx_word' id='word_1_67' title='bbox 495 1214 531 1256; x_wconf 89' lang='lat' dir='ltr'><strong>ac</strong></span> <span class='ocrx_word' id='word_1_68' title='bbox 554 1213 741 1277; x_wconf 85' lang='lat' dir='ltr'><strong>quaeramus</strong></span> <span class='ocrx_word' id='word_1_69' title='bbox 757 1213 869 1276; x_wconf 87' lang='lat' dir='ltr'><strong>pacem</strong></span> <span class='ocrx_word' id='word_1_70' title='bbox 891 1190 970 1273; x_wconf 95' lang='lat'><strong>(22).</strong></span> <span class='ocrx_word' id='word_1_71' title='bbox 1002 1190 1106 1255; x_wconf 90' lang='lat' dir='ltr'><strong>Deum</strong></span> <span class='ocrx_word' id='word_1_72' title='bbox 1120 1191 1293 1274; x_wconf 86' lang='lat' dir='ltr'><strong>benignum</strong></span> 
     </span>
     <span class='ocr_line' id='line_1_10' title="bbox 120 1295 1293 1381; baseline -0.001 -23"><span class='ocrx_word' id='word_1_73' title='bbox 120 1316 189 1359; x_wconf 89' lang='lat' dir='ltr'><strong>esse</strong></span> <span class='ocrx_word' id='word_1_74' title='bbox 218 1318 295 1381; x_wconf 89' lang='lat' dir='ltr'><strong>erga</strong></span> <span class='ocrx_word' id='word_1_75' title='bbox 326 1318 389 1374; x_wconf 90' lang='lat' dir='ltr'><strong>eos,</strong></span> <span class='ocrx_word' id='word_1_76' title='bbox 423 1297 477 1380; x_wconf 92' lang='lat' dir='ltr'><strong>qui</strong></span> <span class='ocrx_word' id='word_1_77' title='bbox 505 1297 610 1381; x_wconf 88' lang='lat' dir='ltr'><strong>ipsum</strong></span> <span class='ocrx_word' id='word_1_78' title='bbox 637 1296 770 1360; x_wconf 89' lang='lat' dir='ltr'><strong>timeant</strong></span> <span class='ocrx_word' id='word_1_79' title='bbox 799 1299 831 1359; x_wconf 93' lang='lat' dir='ltr'><strong>et</strong></span> <span class='ocrx_word' id='word_1_80' title='bbox 853 1295 990 1378; x_wconf 89' lang='lat' dir='ltr'><strong>simplici</strong></span> <span class='ocrx_word' id='word_1_81' title='bbox 1012 1296 1104 1360; x_wconf 90' lang='lat' dir='ltr'><strong>corde</strong></span> <span class='ocrx_word' id='word_1_82' title='bbox 1127 1296 1167 1360; x_wconf 90' lang='lat' dir='ltr'><strong>ad</strong></span> <span class='ocrx_word' id='word_1_83' title='bbox 1190 1295 1293 1377; x_wconf 89' lang='lat' dir='ltr'><strong>ipsum</strong></span> 
     </span>
     <span class='ocr_line' id='line_1_11' title="bbox 120 1399 1293 1485; baseline 0 -23"><span class='ocrx_word' id='word_1_84' title='bbox 120 1400 279 1464; x_wconf 89' lang='lat' dir='ltr'><strong>accedant.</strong></span> <span class='ocrx_word' id='word_1_85' title='bbox 325 1400 436 1485; x_wconf 88' lang='lat' dir='ltr'><strong>Itaque</strong></span> <span class='ocrx_word' id='word_1_86' title='bbox 465 1423 505 1465; x_wconf 91' lang='lat' dir='ltr'><strong>ne</strong></span> <span class='ocrx_word' id='word_1_87' title='bbox 533 1401 685 1465; x_wconf 84' lang='lat' dir='ltr'><strong>dubitent.</strong></span> <span class='ocrx_word' id='word_1_88' title='bbox 732 1399 812 1464; x_wconf 85' lang='lat' dir='ltr'><strong>Fore</strong></span> <span class='ocrx_word' id='word_1_89' title='bbox 834 1403 871 1464; x_wconf 91' lang='lat' dir='ltr'><strong>ut</strong></span> <span class='ocrx_word' id='word_1_90' title='bbox 892 1401 989 1465; x_wconf 90' lang='lat' dir='ltr'><strong>verba</strong></span> <span class='ocrx_word' id='word_1_91' title='bbox 1012 1401 1078 1465; x_wconf 92' lang='lat' dir='ltr'><strong>eius</strong></span> <span class='ocrx_word' id='word_1_92' title='bbox 1100 1399 1293 1483; x_wconf 83' lang='lat' dir='ltr'><strong>impleantur</strong></span> 
     </span>
     <span class='ocr_line' id='line_1_12' title="bbox 122 1501 1291 1586; baseline -0.001 -19"><span class='ocrx_word' id='word_1_93' title='bbox 122 1501 201 1585; x_wconf 86' lang='lat'><strong>(23).</strong></span> <span class='ocrx_word' id='word_1_94' title='bbox 226 1503 325 1569; x_wconf 88' lang='lat' dir='ltr'><strong>Vario</strong></span> <span class='ocrx_word' id='word_1_95' title='bbox 339 1505 433 1569; x_wconf 93' lang='lat' dir='ltr'><strong>modo</strong></span> <span class='ocrx_word' id='word_1_96' title='bbox 449 1527 520 1570; x_wconf 92' lang='lat' dir='ltr'><strong>eum</strong></span> <span class='ocrx_word' id='word_1_97' title='bbox 535 1505 794 1570; x_wconf 86' lang='lat' dir='ltr'><strong>resurrectionem</strong></span> <span class='ocrx_word' id='word_1_98' title='bbox 806 1504 947 1570; x_wconf 89' lang='lat' dir='ltr'><strong>futuram</strong></span> <span class='ocrx_word' id='word_1_99' title='bbox 960 1505 1122 1568; x_wconf 86' lang='lat' dir='ltr'><strong>ostendere</strong></span> <span class='ocrx_word' id='word_1_100' title='bbox 1136 1502 1291 1586; x_wconf 83' lang='lat'><strong>(24-25)</strong></span> 
     </span>
     <span class='ocr_line' id='line_1_13' title="bbox 121 1606 1293 1692; baseline -0.002 -21"><span class='ocrx_word' id='word_1_101' title='bbox 121 1612 153 1671; x_wconf 91' lang='lat' dir='ltr'><strong>et</strong></span> <span class='ocrx_word' id='word_1_102' title='bbox 174 1630 232 1691; x_wconf 92' lang='lat' dir='ltr'><strong>per</strong></span> <span class='ocrx_word' id='word_1_103' title='bbox 253 1608 399 1692; x_wconf 87' lang='lat' dir='ltr'><strong>spiritum</strong></span> <span class='ocrx_word' id='word_1_104' title='bbox 422 1614 567 1674; x_wconf 89' lang='lat' dir='ltr'><strong>sanctum</strong></span> <span class='ocrx_word' id='word_1_105' title='bbox 597 1631 667 1673; x_wconf 90' lang='lat' dir='ltr'><strong>eam</strong></span> <span class='ocrx_word' id='word_1_106' title='bbox 688 1608 883 1692; x_wconf 81' lang='lat' dir='ltr'><strong>praedixisse</strong></span> <span class='ocrx_word' id='word_1_107' title='bbox 910 1606 989 1690; x_wconf 87' lang='lat'><strong>(26).</strong></span> <span class='ocrx_word' id='word_1_108' title='bbox 1036 1606 1173 1671; x_wconf 80' lang='lat' dir='ltr'><strong>Credant</strong></span> <span class='ocrx_word' id='word_1_109' title='bbox 1194 1607 1293 1690; x_wconf 85' lang='lat' dir='ltr'><strong>igitur</strong></span> 
     </span>
     <span class='ocr_line' id='line_1_14' title="bbox 119 1710 1290 1798; baseline -0.001 -23"><span class='ocrx_word' id='word_1_110' title='bbox 119 1710 189 1776; x_wconf 90' lang='lat' dir='ltr'><strong>Deo</strong></span> <span class='ocrx_word' id='word_1_111' title='bbox 212 1716 403 1796; x_wconf 87' lang='lat' dir='ltr'><strong>sperentque</strong></span> <span class='ocrx_word' id='word_1_112' title='bbox 424 1713 458 1776; x_wconf 92' lang='lat' dir='ltr'><strong>in</strong></span> <span class='ocrx_word' id='word_1_113' title='bbox 481 1735 561 1791; x_wconf 92' lang='lat' dir='ltr'><strong>eum,</strong></span> <span class='ocrx_word' id='word_1_114' title='bbox 594 1713 648 1798; x_wconf 92' lang='lat' dir='ltr'><strong>qui</strong></span> <span class='ocrx_word' id='word_1_115' title='bbox 671 1734 733 1776; x_wconf 92' lang='lat' dir='ltr'><strong>non</strong></span> <span class='ocrx_word' id='word_1_116' title='bbox 756 1713 936 1789; x_wconf 85' lang='lat' dir='ltr'><strong>mentiatur,</strong></span> <span class='ocrx_word' id='word_1_117' title='bbox 961 1713 1016 1775; x_wconf 90' lang='lat' dir='ltr'><strong>sed</strong></span> <span class='ocrx_word' id='word_1_118' title='bbox 1038 1715 1228 1796; x_wconf 88' lang='lat' dir='ltr'><strong>exsequatur</strong></span> <span class='ocrx_word' id='word_1_119' title='bbox 1249 1711 1290 1786; x_wconf 89' lang='lat' dir='ltr'><strong>id,</strong></span> 
     </span>
     <span class='ocr_line' id='line_1_15' title="bbox 119 1815 1293 1900; baseline -0.001 -21"><span class='ocrx_word' id='word_1_120' title='bbox 119 1816 204 1900; x_wconf 89' lang='lat' dir='ltr'><strong>quod</strong></span> <span class='ocrx_word' id='word_1_121' title='bbox 227 1816 398 1881; x_wconf 91' lang='lat' dir='ltr'><strong>decreverit</strong></span> <span class='ocrx_word' id='word_1_122' title='bbox 421 1815 501 1900; x_wconf 84' lang='lat'><strong>(27).</strong></span> <span class='ocrx_word' id='word_1_123' title='bbox 541 1816 687 1882; x_wconf 88' lang='lat' dir='ltr'><strong>Metuant</strong></span> <span class='ocrx_word' id='word_1_124' title='bbox 709 1839 790 1893; x_wconf 91' lang='lat' dir='ltr'><strong>eum,</strong></span> <span class='ocrx_word' id='word_1_125' title='bbox 815 1838 909 1900; x_wconf 90' lang='lat' dir='ltr'><strong>quem</strong></span> <span class='ocrx_word' id='word_1_126' title='bbox 930 1837 1023 1880; x_wconf 91' lang='lat' dir='ltr'><strong>nemo</strong></span> <span class='ocrx_word' id='word_1_127' title='bbox 1039 1815 1177 1899; x_wconf 83' lang='lat' dir='ltr'><strong>effugere</strong></span> <span class='ocrx_word' id='word_1_128' title='bbox 1191 1815 1293 1897; x_wconf 89' lang='lat' dir='ltr'><strong>possit</strong></span> 
     </span>
     <span class='ocr_line' id='line_1_16' title="bbox 118 1918 1292 2003; baseline -0.001 -20"><span class='ocrx_word' id='word_1_129' title='bbox 118 1919 206 2003; x_wconf 87' lang='lat'><strong>(28);</strong></span> <span class='ocrx_word' id='word_1_130' title='bbox 231 1921 382 1985; x_wconf 88' lang='lat' dir='ltr'><strong>accedant</strong></span> <span class='ocrx_word' id='word_1_131' title='bbox 405 1922 445 1986; x_wconf 93' lang='lat' dir='ltr'><strong>ad</strong></span> <span class='ocrx_word' id='word_1_132' title='bbox 468 1944 539 1986; x_wconf 89' lang='lat' dir='ltr'><strong>eum</strong></span> <span class='ocrx_word' id='word_1_133' title='bbox 560 1922 593 1986; x_wconf 90' lang='lat' dir='ltr'><strong>in</strong></span> <span class='ocrx_word' id='word_1_134' title='bbox 617 1921 785 1986; x_wconf 87' lang='lat' dir='ltr'><strong>sanctitate</strong></span> <span class='ocrx_word' id='word_1_135' title='bbox 801 1921 904 1985; x_wconf 89' lang='lat' dir='ltr'><strong>cordis</strong></span> <span class='ocrx_word' id='word_1_136' title='bbox 921 1918 987 2001; x_wconf 82' lang='grc'><strong>(29)</strong></span> <span class='ocrx_word' id='word_1_137' title='bbox 1004 1919 1194 2002; x_wconf 82' lang='lat' dir='ltr'><strong>faciantque,</strong></span> <span class='ocrx_word' id='word_1_138' title='bbox 1212 1939 1292 2003; x_wconf 90' lang='lat' dir='ltr'><strong>quae</strong></span> 
     </span>
     <span class='ocr_line' id='line_1_17' title="bbox 118 2021 1291 2108; baseline 0.001 -22"><span class='ocrx_word' id='word_1_139' title='bbox 118 2023 147 2087; x_wconf 89' lang='lat' dir='ltr'><strong>ei</strong></span> <span class='ocrx_word' id='word_1_140' title='bbox 177 2023 340 2107; x_wconf 74' lang='lat' dir='ltr'><strong>placeant,</strong></span> <span class='ocrx_word' id='word_1_141' title='bbox 373 2030 409 2089; x_wconf 91' lang='lat' dir='ltr'><strong>ut</strong></span> <span class='ocrx_word' id='word_1_142' title='bbox 440 2025 689 2090; x_wconf 90' lang='lat' dir='ltr'><strong>benedictionem</strong></span> <span class='ocrx_word' id='word_1_143' title='bbox 721 2025 788 2090; x_wconf 92' lang='lat' dir='ltr'><strong>eius</strong></span> <span class='ocrx_word' id='word_1_144' title='bbox 821 2028 1054 2108; x_wconf 90' lang='lat' dir='ltr'><strong>consequantur</strong></span> <span class='ocrx_word' id='word_1_145' title='bbox 1088 2021 1175 2104; x_wconf 85' lang='lat'><strong>(30),</strong></span> <span class='ocrx_word' id='word_1_146' title='bbox 1210 2024 1291 2087; x_wconf 88' lang='lat' dir='ltr'><strong>siout</strong></span> 
     </span>
     <span class='ocr_line' id='line_1_18' title="bbox 117 2125 1291 2213; baseline 0 -22"><span class='ocrx_word' id='word_1_147' title='bbox 117 2125 283 2192; x_wconf 85' lang='lat' dir='ltr'><strong>Abraham</strong></span> <span class='ocrx_word' id='word_1_148' title='bbox 307 2134 339 2193; x_wconf 92' lang='lat' dir='ltr'><strong>et</strong></span> <span class='ocrx_word' id='word_1_149' title='bbox 362 2129 416 2194; x_wconf 92' lang='lat' dir='ltr'><strong>alii</strong></span> <span class='ocrx_word' id='word_1_150' title='bbox 441 2128 518 2213; x_wconf 89' lang='grc'><strong>(31).</strong></span> <span class='ocrx_word' id='word_1_151' title='bbox 553 2128 647 2193; x_wconf 92' lang='lat' dir='ltr'><strong>Dona</strong></span> <span class='ocrx_word' id='word_1_152' title='bbox 668 2130 730 2194; x_wconf 91' lang='lat' dir='ltr'><strong>Dei</strong></span> <span class='ocrx_word' id='word_1_153' title='bbox 750 2151 815 2193; x_wconf 93' lang='lat' dir='ltr'><strong>non</strong></span> <span class='ocrx_word' id='word_1_154' title='bbox 837 2128 950 2193; x_wconf 90' lang='lat' dir='ltr'><strong>mereri</strong></span> <span class='ocrx_word' id='word_1_155' title='bbox 972 2149 1029 2191; x_wconf 88' lang='lat' dir='ltr'><strong>neo</strong></span> <span class='ocrx_word' id='word_1_156' title='bbox 1047 2127 1211 2191; x_wconf 88' lang='lat' dir='ltr'><strong>iustificari</strong></span> <span class='ocrx_word' id='word_1_157' title='bbox 1233 2149 1291 2191; x_wconf 91' lang='lat' dir='ltr'><strong>nos</strong></span> 
     </span>
     <span class='ocr_line' id='line_1_19' title="bbox 117 2232 1292 2317; baseline 0 -22"><span class='ocrx_word' id='word_1_158' title='bbox 117 2253 175 2314; x_wconf 89' lang='lat' dir='ltr'><strong>per</strong></span> <span class='ocrx_word' id='word_1_159' title='bbox 197 2254 294 2316; x_wconf 90' lang='lat' dir='ltr'><strong>opera</strong></span> <span class='ocrx_word' id='word_1_160' title='bbox 314 2238 433 2311; x_wconf 88' lang='lat' dir='ltr'><strong>nostra,</strong></span> <span class='ocrx_word' id='word_1_161' title='bbox 456 2235 512 2298; x_wconf 89' lang='lat' dir='ltr'><strong>sed</strong></span> <span class='ocrx_word' id='word_1_162' title='bbox 533 2234 706 2317; x_wconf 91' lang='lat' dir='ltr'><strong>perfidem</strong></span> <span class='ocrx_word' id='word_1_163' title='bbox 729 2232 808 2315; x_wconf 87' lang='grc'><strong>(32).</strong></span> <span class='ocrx_word' id='word_1_164' title='bbox 854 2232 1071 2298; x_wconf 88' lang='lat' dir='ltr'><strong>Nihilominus</strong></span> <span class='ocrx_word' id='word_1_165' title='bbox 1092 2233 1177 2296; x_wconf 89' lang='lat' dir='ltr'><strong>bona</strong></span> <span class='ocrx_word' id='word_1_166' title='bbox 1195 2254 1292 2315; x_wconf 90' lang='lat' dir='ltr'><strong>opera</strong></span> 
     </span>
     <span class='ocr_line' id='line_1_20' title="bbox 117 2334 1291 2423; baseline 0.001 -24"><span class='ocrx_word' id='word_1_167' title='bbox 117 2336 209 2401; x_wconf 91' lang='lat' dir='ltr'><strong>nobis</strong></span> <span class='ocrx_word' id='word_1_168' title='bbox 240 2339 421 2423; x_wconf 81' lang='lat' dir='ltr'><strong>peragenda</strong></span> <span class='ocrx_word' id='word_1_169' title='bbox 453 2359 529 2403; x_wconf 89' lang='lat' dir='ltr'><strong>esse.</strong></span> <span class='ocrx_word' id='word_1_170' title='bbox 576 2334 682 2402; x_wconf 90' lang='lat' dir='ltr'><strong>Deum</strong></span> <span class='ocrx_word' id='word_1_171' title='bbox 711 2339 795 2403; x_wconf 91' lang='lat' dir='ltr'><strong>euim</strong></span> <span class='ocrx_word' id='word_1_172' title='bbox 822 2342 853 2402; x_wconf 92' lang='lat' dir='ltr'><strong>et</strong></span> <span class='ocrx_word' id='word_1_173' title='bbox 875 2338 979 2420; x_wconf 90' lang='lat' dir='ltr'><strong>ipsum</strong></span> <span class='ocrx_word' id='word_1_174' title='bbox 1002 2359 1098 2420; x_wconf 93' lang='lat' dir='ltr'><strong>opera</strong></span> <span class='ocrx_word' id='word_1_175' title='bbox 1120 2336 1291 2420; x_wconf 88' lang='lat' dir='ltr'><strong>perfecisse</strong></span> 
     </span>
     <span class='ocr_line' id='line_1_21' title="bbox 117 2442 1291 2526; baseline -0.001 -22"><span class='ocrx_word' id='word_1_176' title='bbox 117 2444 149 2505; x_wconf 92' lang='lat' dir='ltr'><strong>et</strong></span> <span class='ocrx_word' id='word_1_177' title='bbox 176 2461 232 2524; x_wconf 92' lang='lat' dir='ltr'><strong>per</strong></span> <span class='ocrx_word' id='word_1_178' title='bbox 253 2442 444 2526; x_wconf 91' lang='lat' dir='ltr'><strong>prophetam</strong></span> <span class='ocrx_word' id='word_1_179' title='bbox 473 2443 663 2519; x_wconf 84' lang='lat' dir='ltr'><strong>declarasse,</strong></span> <span class='ocrx_word' id='word_1_180' title='bbox 697 2464 731 2506; x_wconf 91' lang='lat' dir='ltr'><strong>se</strong></span> <span class='ocrx_word' id='word_1_181' title='bbox 761 2464 858 2526; x_wconf 85' lang='lat' dir='ltr'><strong>opera</strong></span> <span class='ocrx_word' id='word_1_182' title='bbox 887 2445 997 2505; x_wconf 89' lang='lat' dir='ltr'><strong>nostra</strong></span> <span class='ocrx_word' id='word_1_183' title='bbox 1018 2446 1291 2505; x_wconf 86' lang='lat' dir='ltr'><strong>remuneraturum</strong></span> 
     </span>
     <span class='ocr_line' id='line_1_22' title="bbox 116 2544 1291 2631; baseline 0 -23"><span class='ocrx_word' id='word_1_184' title='bbox 116 2565 193 2608; x_wconf 90' lang='lat' dir='ltr'><strong>esse.</strong></span> <span class='ocrx_word' id='word_1_185' title='bbox 240 2544 358 2631; x_wconf 82' lang='lat' dir='ltr'><strong>Magna</strong></span> <span class='ocrx_word' id='word_1_186' title='bbox 379 2568 488 2612; x_wconf 91' lang='lat' dir='ltr'><strong>revera</strong></span> <span class='ocrx_word' id='word_1_187' title='bbox 510 2551 543 2610; x_wconf 89' lang='lat' dir='ltr'><strong>et</strong></span> <span class='ocrx_word' id='word_1_188' title='bbox 563 2546 723 2611; x_wconf 87' lang='lat' dir='ltr'><strong>mirabilia</strong></span> <span class='ocrx_word' id='word_1_189' title='bbox 745 2545 1014 2631; x_wconf 84' lang='lat' dir='ltr'><strong>compromisisse</strong></span> <span class='ocrx_word' id='word_1_190' title='bbox 1033 2545 1291 2628; x_wconf 86' lang='lat' dir='ltr'><strong>exspectantibus</strong></span> 
     </span>
     <span class='ocr_line' id='line_1_23' title="bbox 115 2647 1291 2734; baseline 0.001 -23"><span class='ocrx_word' id='word_1_191' title='bbox 115 2648 219 2731; x_wconf 91' lang='lat' dir='ltr'><strong>ipsum</strong></span> <span class='ocrx_word' id='word_1_192' title='bbox 250 2648 405 2732; x_wconf 83' lang='lat'><strong>(33-35)</strong></span> <span class='ocrx_word' id='word_1_193' title='bbox 440 2656 472 2715; x_wconf 92' lang='lat' dir='ltr'><strong>et</strong></span> <span class='ocrx_word' id='word_1_194' title='bbox 504 2651 650 2715; x_wconf 90' lang='lat' dir='ltr'><strong>daturum</strong></span> <span class='ocrx_word' id='word_1_195' title='bbox 679 2672 747 2715; x_wconf 90' lang='lat' dir='ltr'><strong>esse</strong></span> <span class='ocrx_word' id='word_1_196' title='bbox 776 2672 833 2734; x_wconf 91' lang='lat' dir='ltr'><strong>per</strong></span> <span class='ocrx_word' id='word_1_197' title='bbox 861 2649 967 2714; x_wconf 91' lang='lat' dir='ltr'><strong>Iesum</strong></span> <span class='ocrx_word' id='word_1_198' title='bbox 996 2647 1156 2713; x_wconf 83' lang='lat' dir='ltr'><strong>Christum</strong></span> <span class='ocrx_word' id='word_1_199' title='bbox 1188 2649 1291 2713; x_wconf 88' lang='lat' dir='ltr'><strong>filium</strong></span> 
     </span>
     <span class='ocr_line' id='line_1_24' title="bbox 117 2752 1175 2839; baseline -0.001 -22"><span class='ocrx_word' id='word_1_200' title='bbox 117 2775 217 2829; x_wconf 91' lang='lat' dir='ltr'><strong>suum,</strong></span> <span class='ocrx_word' id='word_1_201' title='bbox 241 2754 434 2819; x_wconf 87' lang='lat' dir='ltr'><strong>infirmitatis</strong></span> <span class='ocrx_word' id='word_1_202' title='bbox 456 2760 583 2819; x_wconf 91' lang='lat' dir='ltr'><strong>nostrae</strong></span> <span class='ocrx_word' id='word_1_203' title='bbox 605 2759 775 2839; x_wconf 91' lang='lat' dir='ltr'><strong>patronum</strong></span> <span class='ocrx_word' id='word_1_204' title='bbox 798 2759 830 2818; x_wconf 90' lang='lat' dir='ltr'><strong>et</strong></span> <span class='ocrx_word' id='word_1_205' title='bbox 852 2753 1072 2818; x_wconf 85' lang='lat' dir='ltr'><strong>auxiliatorem</strong></span> <span class='ocrx_word' id='word_1_206' title='bbox 1097 2752 1175 2836; x_wconf 84' lang='grc'><strong>(36).</strong></span> 
     </span>
    </p>

    <p class='ocr_par' dir='ltr' id='par_1_3' title="bbox 113 2857 1292 4293">
     <span class='ocr_line' id='line_1_25' title="bbox 204 2857 1289 2943; baseline -0.001 -21"><span class='ocrx_word' id='word_1_207' title='bbox 204 2858 241 2922; x_wconf 91' lang='lat' dir='ltr'><strong>In</strong></span> <span class='ocrx_word' id='word_1_208' title='bbox 264 2858 365 2923; x_wconf 90' lang='lat' dir='ltr'><strong>altera</strong></span> <span class='ocrx_word' id='word_1_209' title='bbox 385 2864 477 2943; x_wconf 89' lang='lat' dir='ltr'><strong>parte</strong></span> <span class='ocrx_word' id='word_1_210' title='bbox 500 2857 656 2940; x_wconf 88' lang='grc'><strong>(37-61)</strong></span> <span class='ocrx_word' id='word_1_211' title='bbox 680 2857 824 2923; x_wconf 82' lang='lat' dir='ltr'><strong>Clemens</strong></span> <span class='ocrx_word' id='word_1_212' title='bbox 845 2858 977 2943; x_wconf 91' lang='lat' dir='ltr'><strong>propius</strong></span> <span class='ocrx_word' id='word_1_213' title='bbox 1006 2859 1134 2923; x_wconf 88' lang='lat' dir='ltr'><strong>adrem</strong></span> <span class='ocrx_word' id='word_1_214' title='bbox 1157 2858 1289 2934; x_wconf 86' lang='lat' dir='ltr'><strong>accedit,</strong></span> 
     </span>
     <span class='ocr_line' id='line_1_26' title="bbox 115 2962 1291 3047; baseline -0.002 -20"><span class='ocrx_word' id='word_1_215' title='bbox 115 2967 148 3027; x_wconf 87' lang='lat' dir='ltr'><strong>et</strong></span> <span class='ocrx_word' id='word_1_216' title='bbox 169 2968 340 3047; x_wconf 89' lang='lat' dir='ltr'><strong>postquam</strong></span> <span class='ocrx_word' id='word_1_217' title='bbox 362 2965 510 3042; x_wconf 88' lang='lat' dir='ltr'><strong>ostendit,</strong></span> <span class='ocrx_word' id='word_1_218' title='bbox 535 2964 568 3029; x_wconf 93' lang='lat' dir='ltr'><strong>in</strong></span> <span class='ocrx_word' id='word_1_219' title='bbox 591 2964 728 3028; x_wconf 89' lang='lat' dir='ltr'><strong>exercitu</strong></span> <span class='ocrx_word' id='word_1_220' title='bbox 752 2963 830 3029; x_wconf 91' lang='lat' dir='ltr'><strong>alios</strong></span> <span class='ocrx_word' id='word_1_221' title='bbox 852 2964 1018 3047; x_wconf 89' lang='lat' dir='ltr'><strong>imperare,</strong></span> <span class='ocrx_word' id='word_1_222' title='bbox 1042 2962 1122 3027; x_wconf 84' lang='lat' dir='ltr'><strong>ahos</strong></span> <span class='ocrx_word' id='word_1_223' title='bbox 1143 2962 1291 3027; x_wconf 91' lang='lat' dir='ltr'><strong>oboedire</strong></span> 
     </span>
     <span class='ocr_line' id='line_1_27' title="bbox 115 3067 1291 3153; baseline -0.003 -21"><span class='ocrx_word' id='word_1_224' title='bbox 115 3072 147 3132; x_wconf 94' lang='lat' dir='ltr'><strong>et</strong></span> <span class='ocrx_word' id='word_1_225' title='bbox 168 3069 325 3152; x_wconf 89' lang='lat' dir='ltr'><strong>imperata</strong></span> <span class='ocrx_word' id='word_1_226' title='bbox 347 3069 491 3153; x_wconf 85' lang='lat' dir='ltr'><strong>exsequi,</strong></span> <span class='ocrx_word' id='word_1_227' title='bbox 526 3068 559 3132; x_wconf 93' lang='lat' dir='ltr'><strong>in</strong></span> <span class='ocrx_word' id='word_1_228' title='bbox 582 3089 713 3152; x_wconf 89' lang='lat' dir='ltr'><strong>corpore</strong></span> <span class='ocrx_word' id='word_1_229' title='bbox 737 3090 861 3152; x_wconf 91' lang='lat' dir='ltr'><strong>quoque</strong></span> <span class='ocrx_word' id='word_1_230' title='bbox 884 3068 947 3133; x_wconf 88' lang='lat' dir='ltr'><strong>alia</strong></span> <span class='ocrx_word' id='word_1_231' title='bbox 969 3068 1111 3132; x_wconf 90' lang='lat' dir='ltr'><strong>membra</strong></span> <span class='ocrx_word' id='word_1_232' title='bbox 1133 3067 1206 3132; x_wconf 89' lang='lat' dir='ltr'><strong>aliis</strong></span> <span class='ocrx_word' id='word_1_233' title='bbox 1228 3067 1291 3130; x_wconf 93' lang='lat' dir='ltr'><strong>mi·</strong></span> 
     </span>
     <span class='ocr_line' id='line_1_28' title="bbox 114 3169 1291 3256; baseline -0.001 -21"><span class='ocrx_word' id='word_1_234' title='bbox 114 3170 249 3243; x_wconf 87' lang='lat' dir='ltr'><strong>nistrare</strong></span> <span class='ocrx_word' id='word_1_235' title='bbox 280 3176 313 3236; x_wconf 89' lang='lat' dir='ltr'><strong>et</strong></span> <span class='ocrx_word' id='word_1_236' title='bbox 339 3173 445 3237; x_wconf 90' lang='lat' dir='ltr'><strong>omnia</strong></span> <span class='ocrx_word' id='word_1_237' title='bbox 474 3173 572 3256; x_wconf 91' lang='lat' dir='ltr'><strong>capiti</strong></span> <span class='ocrx_word' id='word_1_238' title='bbox 604 3169 689 3255; x_wconf 83' lang='lat'><strong>(37),</strong></span> <span class='ocrx_word' id='word_1_239' title='bbox 723 3170 902 3237; x_wconf 83' lang='lat' dir='ltr'><strong>Corinthios</strong></span> <span class='ocrx_word' id='word_1_240' title='bbox 934 3173 1096 3248; x_wconf 91' lang='lat' dir='ltr'><strong>admonet,</strong></span> <span class='ocrx_word' id='word_1_241' title='bbox 1130 3175 1167 3234; x_wconf 91' lang='lat' dir='ltr'><strong>ut</strong></span> <span class='ocrx_word' id='word_1_242' title='bbox 1198 3193 1291 3234; x_wconf 91' lang='lat' dir='ltr'><strong>suum</strong></span> 
     </span>
     <span class='ocr_line' id='line_1_29' title="bbox 116 3274 1291 3360; baseline 0.001 -22"><span class='ocrx_word' id='word_1_243' title='bbox 116 3274 249 3359; x_wconf 88' lang='lat' dir='ltr'><strong>quisque</strong></span> <span class='ocrx_word' id='word_1_244' title='bbox 271 3276 375 3341; x_wconf 93' lang='lat' dir='ltr'><strong>locum</strong></span> <span class='ocrx_word' id='word_1_245' title='bbox 398 3277 542 3342; x_wconf 90' lang='lat' dir='ltr'><strong>obtineat</strong></span> <span class='ocrx_word' id='word_1_246' title='bbox 564 3275 720 3360; x_wconf 85' lang='grc'><strong>(38-39)</strong></span> <span class='ocrx_word' id='word_1_247' title='bbox 753 3282 785 3342; x_wconf 93' lang='lat' dir='ltr'><strong>et</strong></span> <span class='ocrx_word' id='word_1_248' title='bbox 806 3299 915 3342; x_wconf 88' lang='lat' dir='ltr'><strong>omnes</strong></span> <span class='ocrx_word' id='word_1_249' title='bbox 938 3277 1080 3341; x_wconf 91' lang='lat' dir='ltr'><strong>ordinem</strong></span> <span class='ocrx_word' id='word_1_250' title='bbox 1102 3276 1136 3339; x_wconf 93' lang='lat' dir='ltr'><strong>in</strong></span> <span class='ocrx_word' id='word_1_251' title='bbox 1158 3275 1291 3340; x_wconf 88' lang='lat' dir='ltr'><strong>ecelesia</strong></span> 
     </span>
     <span class='ocr_line' id='line_1_30' title="bbox 115 3377 1292 3466; baseline -0.002 -22"><span class='ocrx_word' id='word_1_252' title='bbox 115 3379 298 3444; x_wconf 90' lang='lat' dir='ltr'><strong>institutum</strong></span> <span class='ocrx_word' id='word_1_253' title='bbox 320 3388 445 3447; x_wconf 87' lang='lat' dir='ltr'><strong>servent</strong></span> <span class='ocrx_word' id='word_1_254' title='bbox 475 3381 552 3465; x_wconf 88' lang='grc'><strong>(40).</strong></span> <span class='ocrx_word' id='word_1_255' title='bbox 599 3381 741 3466; x_wconf 77' lang='lat' dir='ltr'><strong>Singulis</strong></span> <span class='ocrx_word' id='word_1_256' title='bbox 763 3402 827 3444; x_wconf 93' lang='lat' dir='ltr'><strong>non</strong></span> <span class='ocrx_word' id='word_1_257' title='bbox 849 3381 957 3444; x_wconf 89' lang='lat' dir='ltr'><strong>omnia</strong></span> <span class='ocrx_word' id='word_1_258' title='bbox 979 3380 1082 3443; x_wconf 90' lang='lat' dir='ltr'><strong>licere.</strong></span> <span class='ocrx_word' id='word_1_259' title='bbox 1130 3377 1292 3443; x_wconf 82' lang='lat' dir='ltr'><strong>Sacrificio</strong></span> 
     </span>
     <span class='ocr_line' id='line_1_31' title="bbox 115 3483 1290 3568; baseline -0.001 -20"><span class='ocrx_word' id='word_1_260' title='bbox 115 3483 355 3567; x_wconf 86' lang='lat' dir='ltr'><strong>Hierosolymae</strong></span> <span class='ocrx_word' id='word_1_261' title='bbox 377 3489 504 3550; x_wconf 91' lang='lat' dir='ltr'><strong>tantum</strong></span> <span class='ocrx_word' id='word_1_262' title='bbox 526 3486 633 3550; x_wconf 87' lang='lat' dir='ltr'><strong>offerri</strong></span> <span class='ocrx_word' id='word_1_263' title='bbox 656 3484 735 3568; x_wconf 82' lang='grc'><strong>(41),</strong></span> <span class='ocrx_word' id='word_1_264' title='bbox 760 3490 792 3549; x_wconf 90' lang='lat' dir='ltr'><strong>et</strong></span> <span class='ocrx_word' id='word_1_265' title='bbox 814 3484 974 3568; x_wconf 88' lang='lat' dir='ltr'><strong>apostolos</strong></span> <span class='ocrx_word' id='word_1_266' title='bbox 998 3483 1198 3548; x_wconf 87' lang='lat' dir='ltr'><strong>constituisse</strong></span> <span class='ocrx_word' id='word_1_267' title='bbox 1221 3483 1290 3567; x_wconf 91' lang='lat' dir='ltr'><strong>epi·</strong></span> 
     </span>
     <span class='ocr_line' id='line_1_32' title="bbox 114 3586 1289 3673; baseline 0 -21"><span class='ocrx_word' id='word_1_268' title='bbox 114 3610 227 3673; x_wconf 89' lang='lat' dir='ltr'><strong>scopos</strong></span> <span class='ocrx_word' id='word_1_269' title='bbox 250 3594 282 3653; x_wconf 94' lang='lat' dir='ltr'><strong>et</strong></span> <span class='ocrx_word' id='word_1_270' title='bbox 306 3590 469 3667; x_wconf 88' lang='lat' dir='ltr'><strong>diaconos,</strong></span> <span class='ocrx_word' id='word_1_271' title='bbox 500 3595 538 3655; x_wconf 90' lang='lat' dir='ltr'><strong>ut</strong></span> <span class='ocrx_word' id='word_1_272' title='bbox 559 3590 710 3654; x_wconf 89' lang='lat' dir='ltr'><strong>ecclesiae</strong></span> <span class='ocrx_word' id='word_1_273' title='bbox 732 3593 916 3673; x_wconf 89' lang='lat' dir='ltr'><strong>praeessent</strong></span> <span class='ocrx_word' id='word_1_274' title='bbox 939 3587 1017 3671; x_wconf 85' lang='grc'><strong>(42).</strong></span> <span class='ocrx_word' id='word_1_275' title='bbox 1062 3586 1167 3651; x_wconf 91' lang='lat' dir='ltr'><strong>Deum</strong></span> <span class='ocrx_word' id='word_1_276' title='bbox 1189 3588 1289 3652; x_wconf 92' lang='lat' dir='ltr'><strong>mira-</strong></span> 
     </span>
     <span class='ocr_line' id='line_1_33' title="bbox 115 3690 1288 3778; baseline -0.002 -21"><span class='ocrx_word' id='word_1_277' title='bbox 115 3692 185 3757; x_wconf 93' lang='lat' dir='ltr'><strong>culo</strong></span> <span class='ocrx_word' id='word_1_278' title='bbox 208 3695 390 3771; x_wconf 90' lang='lat' dir='ltr'><strong>ostendisse,</strong></span> <span class='ocrx_word' id='word_1_279' title='bbox 416 3694 470 3778; x_wconf 93' lang='lat' dir='ltr'><strong>qui</strong></span> <span class='ocrx_word' id='word_1_280' title='bbox 492 3694 553 3778; x_wconf 92' lang='lat' dir='ltr'><strong>ipsi</strong></span> <span class='ocrx_word' id='word_1_281' title='bbox 577 3697 680 3758; x_wconf 90' lang='lat' dir='ltr'><strong>essent</strong></span> <span class='ocrx_word' id='word_1_282' title='bbox 696 3694 873 3757; x_wconf 90' lang='lat' dir='ltr'><strong>sacerdotes</strong></span> <span class='ocrx_word' id='word_1_283' title='bbox 890 3690 967 3774; x_wconf 82' lang='grc'><strong>(43),</strong></span> <span class='ocrx_word' id='word_1_284' title='bbox 989 3695 1021 3755; x_wconf 91' lang='lat' dir='ltr'><strong>et</strong></span> <span class='ocrx_word' id='word_1_285' title='bbox 1037 3690 1199 3774; x_wconf 89' lang='lat' dir='ltr'><strong>apostolos</strong></span> <span class='ocrx_word' id='word_1_286' title='bbox 1214 3713 1288 3775; x_wconf 94' lang='lat' dir='ltr'><strong>pro·</strong></span> 
     </span>
     <span class='ocr_line' id='line_1_34' title="bbox 113 3794 1290 3879; baseline -0.001 -19"><span class='ocrx_word' id='word_1_287' title='bbox 113 3796 237 3873; x_wconf 87' lang='lat' dir='ltr'><strong>vidisse,</strong></span> <span class='ocrx_word' id='word_1_288' title='bbox 260 3818 300 3861; x_wconf 91' lang='lat' dir='ltr'><strong>ne</strong></span> <span class='ocrx_word' id='word_1_289' title='bbox 322 3799 399 3863; x_wconf 90' lang='lat' dir='ltr'><strong>ordo</strong></span> <span class='ocrx_word' id='word_1_290' title='bbox 423 3798 572 3863; x_wconf 88' lang='lat' dir='ltr'><strong>ecclesiae</strong></span> <span class='ocrx_word' id='word_1_291' title='bbox 594 3797 759 3862; x_wconf 88' lang='lat' dir='ltr'><strong>tolleretur</strong></span> <span class='ocrx_word' id='word_1_292' title='bbox 782 3795 860 3879; x_wconf 83' lang='grc'><strong>(44).</strong></span> <span class='ocrx_word' id='word_1_293' title='bbox 899 3794 960 3872; x_wconf 88' lang='lat' dir='ltr'><strong>Qui</strong></span> <span class='ocrx_word' id='word_1_294' title='bbox 981 3794 1123 3878; x_wconf 80' lang='lat' dir='ltr'><strong>legitime</strong></span> <span class='ocrx_word' id='word_1_295' title='bbox 1139 3795 1290 3859; x_wconf 89' lang='lat' dir='ltr'><strong>ecclesiae</strong></span> 
     </span>
     <span class='ocr_line' id='line_1_35' title="bbox 113 3899 1289 3986; baseline 0 -22"><span class='ocrx_word' id='word_1_296' title='bbox 113 3901 267 3984; x_wconf 89' lang='lat' dir='ltr'><strong>praefecti</strong></span> <span class='ocrx_word' id='word_1_297' title='bbox 290 3901 354 3966; x_wconf 89' lang='lat' dir='ltr'><strong>sint</strong></span> <span class='ocrx_word' id='word_1_298' title='bbox 378 3906 410 3965; x_wconf 89' lang='lat' dir='ltr'><strong>et</strong></span> <span class='ocrx_word' id='word_1_299' title='bbox 435 3902 525 3986; x_wconf 76' lang='lat' dir='ltr'><strong>gregi</strong></span> <span class='ocrx_word' id='word_1_300' title='bbox 540 3899 660 3965; x_wconf 82' lang='lat' dir='ltr'><strong>Christi</strong></span> <span class='ocrx_word' id='word_1_301' title='bbox 681 3901 841 3984; x_wconf 89' lang='lat' dir='ltr'><strong>inculpate</strong></span> <span class='ocrx_word' id='word_1_302' title='bbox 857 3899 1069 3973; x_wconf 85' lang='lat' dir='ltr'><strong>deservierint,</strong></span> <span class='ocrx_word' id='word_1_303' title='bbox 1094 3920 1147 3963; x_wconf 91' lang='lat' dir='ltr'><strong>eos</strong></span> <span class='ocrx_word' id='word_1_304' title='bbox 1164 3900 1289 3984; x_wconf 89' lang='lat' dir='ltr'><strong>episco-</strong></span> 
     </span>
     <span class='ocr_line' id='line_1_36' title="bbox 113 4003 1287 4089; baseline -0.001 -21"><span class='ocrx_word' id='word_1_305' title='bbox 113 4009 193 4088; x_wconf 89' lang='lat' dir='ltr'><strong>patu</strong></span> <span class='ocrx_word' id='word_1_306' title='bbox 221 4028 283 4069; x_wconf 93' lang='lat' dir='ltr'><strong>non</strong></span> <span class='ocrx_word' id='word_1_307' title='bbox 306 4006 499 4082; x_wconf 87' lang='lat' dir='ltr'><strong>deiciendos,</strong></span> <span class='ocrx_word' id='word_1_308' title='bbox 534 4011 566 4070; x_wconf 94' lang='lat' dir='ltr'><strong>et</strong></span> <span class='ocrx_word' id='word_1_309' title='bbox 588 4006 644 4088; x_wconf 91' lang='lat' dir='ltr'><strong>qui</strong></span> <span class='ocrx_word' id='word_1_310' title='bbox 665 4004 738 4069; x_wconf 91' lang='lat' dir='ltr'><strong>illos</strong></span> <span class='ocrx_word' id='word_1_311' title='bbox 759 4003 916 4086; x_wconf 90' lang='lat' dir='ltr'><strong>persecuti</strong></span> <span class='ocrx_word' id='word_1_312' title='bbox 938 4003 1002 4066; x_wconf 90' lang='lat' dir='ltr'><strong>sint</strong></span> <span class='ocrx_word' id='word_1_313' title='bbox 1024 4003 1287 4089; x_wconf 87' lang='lat' dir='ltr'><strong>removerintque,</strong></span> 
     </span>
     <span class='ocr_line' id='line_1_37' title="bbox 114 4105 1289 4192; baseline -0.003 -19"><span class='ocrx_word' id='word_1_314' title='bbox 114 4130 167 4173; x_wconf 87' lang='lat' dir='ltr'><strong>eos</strong></span> <span class='ocrx_word' id='word_1_315' title='bbox 194 4130 257 4173; x_wconf 92' lang='lat' dir='ltr'><strong>non</strong></span> <span class='ocrx_word' id='word_1_316' title='bbox 286 4108 386 4174; x_wconf 91' lang='lat' dir='ltr'><strong>iustos</strong></span> <span class='ocrx_word' id='word_1_317' title='bbox 417 4131 502 4187; x_wconf 88' lang='lat' dir='ltr'><strong>esse,</strong></span> <span class='ocrx_word' id='word_1_318' title='bbox 527 4110 581 4173; x_wconf 93' lang='lat' dir='ltr'><strong>sed</strong></span> <span class='ocrx_word' id='word_1_319' title='bbox 604 4109 766 4192; x_wconf 91' lang='lat' dir='ltr'><strong>improbos</strong></span> <span class='ocrx_word' id='word_1_320' title='bbox 790 4105 867 4189; x_wconf 81' lang='grc'><strong>(45).</strong></span> <span class='ocrx_word' id='word_1_321' title='bbox 914 4106 981 4170; x_wconf 92' lang='lat' dir='ltr'><strong>Illis</strong></span> <span class='ocrx_word' id='word_1_322' title='bbox 1003 4107 1118 4189; x_wconf 82' lang='lat' dir='ltr'><strong>igitur,</strong></span> <span class='ocrx_word' id='word_1_323' title='bbox 1150 4129 1216 4171; x_wconf 91' lang='lat' dir='ltr'><strong>non</strong></span> <span class='ocrx_word' id='word_1_324' title='bbox 1238 4108 1289 4171; x_wconf 93' lang='lat' dir='ltr'><strong>his</strong></span> 
     </span>
     <span class='ocr_line' id='line_1_38' title="bbox 114 4210 1289 4293; baseline -0.003 -16"><span class='ocrx_word' id='word_1_325' title='bbox 114 4212 345 4278; x_wconf 88' lang='lat' dir='ltr'><strong>adhaerendum</strong></span> <span class='ocrx_word' id='word_1_326' title='bbox 377 4234 445 4277; x_wconf 90' lang='lat' dir='ltr'><strong>esse</strong></span> <span class='ocrx_word' id='word_1_327' title='bbox 477 4217 509 4278; x_wconf 92' lang='lat' dir='ltr'><strong>et</strong></span> <span class='ocrx_word' id='word_1_328' title='bbox 530 4212 716 4277; x_wconf 89' lang='lat' dir='ltr'><strong>seditionem</strong></span> <span class='ocrx_word' id='word_1_329' title='bbox 740 4210 985 4286; x_wconf 89' lang='lat' dir='ltr'><strong>terminandam,</strong></span> <span class='ocrx_word' id='word_1_330' title='bbox 1018 4230 1097 4293; x_wconf 88' lang='lat' dir='ltr'><strong>quae</strong></span> <span class='ocrx_word' id='word_1_331' title='bbox 1125 4211 1218 4292; x_wconf 91' lang='lat' dir='ltr'><strong>peior</strong></span> <span class='ocrx_word' id='word_1_332' title='bbox 1246 4211 1289 4274; x_wconf 93' lang='lat' dir='ltr'><strong>sit</strong></span> 
     </span>
    </p>
   </div>
   <div class='ocr_carea' id='block_1_3' title="bbox 0 0 1422 5018">
    <p class='ocr_par' dir='ltr' id='par_1_4' title="bbox 0 0 1422 5018">
     <span class='ocr_line' id='line_1_39' title="bbox 0 0 1422 5018; baseline 0 1"><span class='ocrx_word' id='word_1_333' title='bbox 0 0 1422 5018; x_wconf 95' lang='lat' dir='ltr'><strong> </strong></span> 
     </span>
    </p>
   </div>
  </div>
 </body>
</html>
