<?xml version="1.0" encoding="UTF-8"?>
<!DOCTYPE html PUBLIC "-//W3C//DTD XHTML 1.0 Transitional//EN"
    "http://www.w3.org/TR/xhtml1/DTD/xhtml1-transitional.dtd">
<html xmlns="http://www.w3.org/1999/xhtml" xml:lang="en" lang="en">
 <head>
  <title>
</title>
<meta http-equiv="Content-Type" content="text/html;charset=utf-8" />
  <meta name='ocr-system' content='tesseract 3.04.00' />
  <meta name='ocr-capabilities' content='ocr_page ocr_carea ocr_par ocr_line ocrx_word'/>
</head>
<body>
  <div class='ocr_page' id='page_1' title='image "./patresapostolic00piongoog_0786.png"; bbox 0 0 2834 5018; ppageno 0'>
   <div class='ocr_carea' id='block_1_1' title="bbox 524 628 1291 698">
    <p class='ocr_par' dir='ltr' id='par_1_1' title="bbox 524 628 1291 698">
     <span class='ocr_line' id='line_1_1' title="bbox 524 628 1291 698; baseline 0.018 -14"><span class='ocrx_word' id='word_1_1' title='bbox 524 630 593 684; x_wconf 86' lang='lat' dir='ltr'>SIM.</span> <span class='ocrx_word' id='word_1_2' title='bbox 612 629 658 693; x_wconf 84' lang='lat' dir='ltr'>IX,</span> <span class='ocrx_word' id='word_1_3' title='bbox 677 630 719 692; x_wconf 85' lang='grc'>27,</span> <span class='ocrx_word' id='word_1_4' title='bbox 738 628 832 694; x_wconf 88' lang='grc'>2-28,</span> <span class='ocrx_word' id='word_1_5' title='bbox 852 631 876 683; x_wconf 82' lang='grc'>5.</span> <span class='ocrx_word' id='word_1_6' title='bbox 1229 633 1291 698; x_wconf 86' lang='grc'>625</span> 
     </span>
    </p>
   </div>
   <div class='ocr_carea' id='block_1_2' title="bbox 115 809 1337 3294">
    <p class='ocr_par' dir='ltr' id='par_1_2' title="bbox 115 809 1337 3294">
     <span class='ocr_line' id='line_1_2' title="bbox 115 809 1293 896; baseline -0.001 -20"><span class='ocrx_word' id='word_1_7' title='bbox 115 814 183 877; x_wconf 87' lang='lat' dir='ltr'>sine</span> <span class='ocrx_word' id='word_1_8' title='bbox 197 811 357 896; x_wconf 86' lang='lat' dir='ltr'>hypocrisi</span> <span class='ocrx_word' id='word_1_9' title='bbox 371 835 378 886; x_wconf 75' lang='lat'>3</span> <span class='ocrx_word' id='word_1_10' title='bbox 401 811 542 895; x_wconf 79' lang='lat' dir='ltr'>episcopi</span> <span class='ocrx_word' id='word_1_11' title='bbox 557 815 663 876; x_wconf 90' lang='lat' dir='ltr'>autem</span> <span class='ocrx_word' id='word_1_12' title='bbox 678 831 801 892; x_wconf 84' lang='lat' dir='ltr'>semper</span> <span class='ocrx_word' id='word_1_13' title='bbox 815 809 926 893; x_wconf 79' lang='lat' dir='ltr'><strong>inopes</strong></span> <span class='ocrx_word' id='word_1_14' title='bbox 942 830 979 873; x_wconf 88' lang='lat' dir='ltr'>ac</span> <span class='ocrx_word' id='word_1_15' title='bbox 993 810 1104 876; x_wconf 81' lang='lat' dir='ltr'>viduas</span> <span class='ocrx_word' id='word_1_16' title='bbox 1119 811 1293 877; x_wconf 89' lang='lat' dir='ltr'>ministerio</span> 
     </span>
     <span class='ocr_line' id='line_1_3' title="bbox 115 916 1293 1000; baseline 0 -19"><span class='ocrx_word' id='word_1_17' title='bbox 115 938 171 981; x_wconf 90' lang='lat' dir='ltr'>suo</span> <span class='ocrx_word' id='word_1_18' title='bbox 195 917 317 981; x_wconf 81' lang='lat' dir='ltr'>assidue</span> <span class='ocrx_word' id='word_1_19' title='bbox 332 920 539 1000; x_wconf 84' lang='lat' dir='ltr'>protexerunt</span> <span class='ocrx_word' id='word_1_20' title='bbox 561 920 708 999; x_wconf 73' lang='lat' dir='ltr'>casteque</span> <span class='ocrx_word' id='word_1_21' title='bbox 722 917 876 998; x_wconf 86' lang='lat' dir='ltr'>perpetuo</span> <span class='ocrx_word' id='word_1_22' title='bbox 900 916 1075 979; x_wconf 85' lang='lat' dir='ltr'>conversati</span> <span class='ocrx_word' id='word_1_23' title='bbox 1089 921 1172 981; x_wconf 88' lang='lat' dir='ltr'>sunt.</span> <span class='ocrx_word' id='word_1_24' title='bbox 1202 916 1232 980; x_wconf 89' lang='lat'>3.</span> <span class='ocrx_word' id='word_1_25' title='bbox 1249 916 1293 981; x_wconf 90' lang='lat' dir='ltr'>Hi</span> 
     </span>
     <span class='ocr_line' id='line_1_4' title="bbox 115 1017 1294 1106; baseline 0 -20"><span class='ocrx_word' id='word_1_26' title='bbox 115 1043 190 1106; x_wconf 89' lang='lat' dir='ltr'>ergo</span> <span class='ocrx_word' id='word_1_27' title='bbox 222 1043 330 1086; x_wconf 90' lang='lat' dir='ltr'>omnes</span> <span class='ocrx_word' id='word_1_28' title='bbox 354 1042 373 1084; x_wconf 90' lang='lat' dir='ltr'>a</span> <span class='ocrx_word' id='word_1_29' title='bbox 395 1019 520 1084; x_wconf 91' lang='lat' dir='ltr'>domino</span> <span class='ocrx_word' id='word_1_30' title='bbox 551 1023 705 1102; x_wconf 87' lang='lat' dir='ltr'>perpetuo</span> <span class='ocrx_word' id='word_1_31' title='bbox 737 1020 955 1101; x_wconf 84' lang='lat' dir='ltr'>protegentur.</span> <span class='ocrx_word' id='word_1_32' title='bbox 1001 1017 1090 1084; x_wconf 87' lang='lat' dir='ltr'>Haec</span> <span class='ocrx_word' id='word_1_33' title='bbox 1118 1021 1217 1104; x_wconf 86' lang='lat' dir='ltr'>igitur</span> <span class='ocrx_word' id='word_1_34' title='bbox 1239 1021 1294 1104; x_wconf 90' lang='lat' dir='ltr'>qui</span> 
     </span>
     <span class='ocr_line' id='line_1_5' title="bbox 117 1120 1292 1210; baseline -0.001 -20"><span class='ocrx_word' id='word_1_35' title='bbox 117 1126 248 1210; x_wconf 79' lang='lat' dir='ltr'>egerint,</span> <span class='ocrx_word' id='word_1_36' title='bbox 273 1125 404 1209; x_wconf 85' lang='lat' dir='ltr'>gloriosi</span> <span class='ocrx_word' id='word_1_37' title='bbox 433 1128 506 1188; x_wconf 91' lang='lat' dir='ltr'>sunt</span> <span class='ocrx_word' id='word_1_38' title='bbox 529 1122 614 1207; x_wconf 89' lang='lat' dir='ltr'>apud</span> <span class='ocrx_word' id='word_1_39' title='bbox 637 1122 730 1186; x_wconf 88' lang='lat' dir='ltr'>deum</span> <span class='ocrx_word' id='word_1_40' title='bbox 752 1127 784 1186; x_wconf 93' lang='lat' dir='ltr'>et</span> <span class='ocrx_word' id='word_1_41' title='bbox 805 1120 894 1186; x_wconf 89' lang='lat' dir='ltr'>locus</span> <span class='ocrx_word' id='word_1_42' title='bbox 926 1142 1035 1185; x_wconf 85' lang='lat' dir='ltr'>eorum</span> <span class='ocrx_word' id='word_1_43' title='bbox 1056 1122 1120 1187; x_wconf 86' lang='lat' dir='ltr'>iam</span> <span class='ocrx_word' id='word_1_44' title='bbox 1143 1145 1213 1188; x_wconf 92' lang='lat' dir='ltr'>cum</span> <span class='ocrx_word' id='word_1_45' title='bbox 1236 1147 1292 1189; x_wconf 86' lang='lat' dir='ltr'>an-</span> 
     </span>
     <span class='ocr_line' id='line_1_6' title="bbox 116 1226 1320 1314; baseline -0.005 -20"><span class='ocrx_word' id='word_1_46' title='bbox 116 1231 195 1314; x_wconf 88' lang='lat' dir='ltr'>gelis</span> <span class='ocrx_word' id='word_1_47' title='bbox 220 1235 283 1307; x_wconf 89' lang='lat' dir='ltr'>est,</span> <span class='ocrx_word' id='word_1_48' title='bbox 317 1230 345 1294; x_wconf 92' lang='lat' dir='ltr'>si</span> <span class='ocrx_word' id='word_1_49' title='bbox 366 1227 634 1314; x_wconf 85' lang='lat' dir='ltr'>perseveraverint</span> <span class='ocrx_word' id='word_1_50' title='bbox 656 1248 755 1310; x_wconf 86' lang='lat' dir='ltr'>usque</span> <span class='ocrx_word' id='word_1_51' title='bbox 785 1226 826 1290; x_wconf 87' lang='lat' dir='ltr'>ad</span> <span class='ocrx_word' id='word_1_52' title='bbox 846 1226 942 1290; x_wconf 88' lang='lat' dir='ltr'>finem</span> <span class='ocrx_word' id='word_1_53' title='bbox 964 1227 1134 1292; x_wconf 87' lang='lat' dir='ltr'>servientes</span> <span class='ocrx_word' id='word_1_54' title='bbox 1157 1229 1320 1294; x_wconf 77' lang='lat' dir='ltr'>dominos</span> 
     </span>
     <span class='ocr_line' id='line_1_7' title="bbox 204 1328 1295 1409; baseline 0.001 -12"><span class='ocrx_word' id='word_1_55' title='bbox 204 1328 267 1398; x_wconf 83' lang='lat'>28.</span> <span class='ocrx_word' id='word_1_56' title='bbox 291 1334 340 1398; x_wconf 90' lang='lat' dir='ltr'>De</span> <span class='ocrx_word' id='word_1_57' title='bbox 355 1338 463 1399; x_wconf 87' lang='lat' dir='ltr'>monte</span> <span class='ocrx_word' id='word_1_58' title='bbox 486 1336 592 1396; x_wconf 89' lang='lat' dir='ltr'>autem</span> <span class='ocrx_word' id='word_1_59' title='bbox 607 1331 781 1409; x_wconf 87' lang='lat' dir='ltr'>undecimo,</span> <span class='ocrx_word' id='word_1_60' title='bbox 806 1331 862 1397; x_wconf 91' lang='lat' dir='ltr'>ubi</span> <span class='ocrx_word' id='word_1_61' title='bbox 877 1336 967 1396; x_wconf 85' lang='lat' dir='ltr'>erant</span> <span class='ocrx_word' id='word_1_62' title='bbox 991 1330 1118 1396; x_wconf 91' lang='lat' dir='ltr'>arbores</span> <span class='ocrx_word' id='word_1_63' title='bbox 1138 1332 1295 1398; x_wconf 89' lang='lat' dir='ltr'>fructibus</span> 
     </span>
     <span class='ocr_line' id='line_1_8' title="bbox 116 1435 1294 1523; baseline 0.001 -22"><span class='ocrx_word' id='word_1_64' title='bbox 116 1438 238 1523; x_wconf 86' lang='lat' dir='ltr'>plenae,</span> <span class='ocrx_word' id='word_1_65' title='bbox 262 1437 333 1502; x_wconf 86' lang='lat' dir='ltr'>aliis</span> <span class='ocrx_word' id='word_1_66' title='bbox 356 1442 452 1521; x_wconf 89' lang='lat' dir='ltr'>atque</span> <span class='ocrx_word' id='word_1_67' title='bbox 481 1436 552 1500; x_wconf 88' lang='lat' dir='ltr'>aliis</span> <span class='ocrx_word' id='word_1_68' title='bbox 575 1435 732 1500; x_wconf 90' lang='lat' dir='ltr'>fructibus</span> <span class='ocrx_word' id='word_1_69' title='bbox 755 1442 900 1515; x_wconf 86' lang='lat' dir='ltr'>ornatae,</span> <span class='ocrx_word' id='word_1_70' title='bbox 926 1437 981 1520; x_wconf 92' lang='lat' dir='ltr'>qui</span> <span class='ocrx_word' id='word_1_71' title='bbox 1003 1436 1210 1515; x_wconf 89' lang='lat' dir='ltr'>crediderunt,</span> <span class='ocrx_word' id='word_1_72' title='bbox 1233 1439 1294 1502; x_wconf 91' lang='lat' dir='ltr'>hu-</span> 
     </span>
     <span class='ocr_line' id='line_1_9' title="bbox 116 1540 1296 1626; baseline 0 -19"><span class='ocrx_word' id='word_1_73' title='bbox 116 1542 250 1608; x_wconf 86' lang='lat' dir='ltr'>iusmodi</span> <span class='ocrx_word' id='word_1_74' title='bbox 274 1547 365 1607; x_wconf 89' lang='lat' dir='ltr'>sunt:</span> <span class='ocrx_word' id='word_1_75' title='bbox 394 1544 424 1606; x_wconf 83' lang='lat'>2.</span> <span class='ocrx_word' id='word_1_76' title='bbox 450 1541 504 1624; x_wconf 90' lang='lat' dir='ltr'>qui</span> <span class='ocrx_word' id='word_1_77' title='bbox 525 1540 612 1624; x_wconf 89' lang='lat' dir='ltr'>passi</span> <span class='ocrx_word' id='word_1_78' title='bbox 634 1545 708 1604; x_wconf 88' lang='lat' dir='ltr'>sunt</span> <span class='ocrx_word' id='word_1_79' title='bbox 730 1561 787 1623; x_wconf 91' lang='lat' dir='ltr'>pro</span> <span class='ocrx_word' id='word_1_80' title='bbox 811 1541 936 1605; x_wconf 90' lang='lat' dir='ltr'>nomine</span> <span class='ocrx_word' id='word_1_81' title='bbox 958 1540 1018 1604; x_wconf 90' lang='lat' dir='ltr'>filii</span> <span class='ocrx_word' id='word_1_82' title='bbox 1040 1541 1099 1618; x_wconf 89' lang='lat' dir='ltr'>dei,</span> <span class='ocrx_word' id='word_1_83' title='bbox 1124 1541 1178 1626; x_wconf 92' lang='lat' dir='ltr'>qui</span> <span class='ocrx_word' id='word_1_84' title='bbox 1200 1543 1296 1607; x_wconf 86' lang='lat' dir='ltr'>etiam</span> 
     </span>
     <span class='ocr_line' id='line_1_10' title="bbox 118 1645 1296 1731; baseline 0 -19"><span class='ocrx_word' id='word_1_85' title='bbox 118 1648 222 1712; x_wconf 89' lang='lat' dir='ltr'>animo</span> <span class='ocrx_word' id='word_1_86' title='bbox 244 1649 395 1731; x_wconf 91' lang='lat' dir='ltr'>prompto</span> <span class='ocrx_word' id='word_1_87' title='bbox 417 1645 504 1730; x_wconf 88' lang='lat' dir='ltr'>passi</span> <span class='ocrx_word' id='word_1_88' title='bbox 526 1649 599 1709; x_wconf 90' lang='lat' dir='ltr'>sunt</span> <span class='ocrx_word' id='word_1_89' title='bbox 622 1667 661 1709; x_wconf 86' lang='lat' dir='ltr'>ex</span> <span class='ocrx_word' id='word_1_90' title='bbox 683 1645 860 1710; x_wconf 89' lang='lat' dir='ltr'>totocorde</span> <span class='ocrx_word' id='word_1_91' title='bbox 883 1650 916 1710; x_wconf 93' lang='lat' dir='ltr'>et</span> <span class='ocrx_word' id='word_1_92' title='bbox 939 1649 1151 1711; x_wconf 76' lang='lat' dir='ltr'>tradirlernnt</span> <span class='ocrx_word' id='word_1_93' title='bbox 1165 1653 1296 1712; x_wconf 78' lang='lat' dir='ltr'>anirnaa</span> 
     </span>
     <span class='ocr_line' id='line_1_11' title="bbox 117 1749 1334 1835; baseline -0.006 -18"><span class='ocrx_word' id='word_1_94' title='bbox 117 1772 206 1817; x_wconf 77' lang='lat' dir='ltr'>suar.</span> <span class='ocrx_word' id='word_1_95' title='bbox 252 1753 282 1816; x_wconf 87' lang='lat'>3.</span> <span class='ocrx_word' id='word_1_96' title='bbox 307 1752 411 1830; x_wconf 85' lang='lat' dir='ltr'>Quare</span> <span class='ocrx_word' id='word_1_97' title='bbox 432 1750 540 1835; x_wconf 87' lang='lat' dir='ltr'>igitur,</span> <span class='ocrx_word' id='word_1_98' title='bbox 565 1750 703 1833; x_wconf 87' lang='lat' dir='ltr'>inquam,</span> <span class='ocrx_word' id='word_1_99' title='bbox 729 1749 866 1827; x_wconf 87' lang='lat' dir='ltr'>domine,</span> <span class='ocrx_word' id='word_1_100' title='bbox 891 1770 999 1813; x_wconf 86' lang='lat' dir='ltr'>omnes</span> <span class='ocrx_word' id='word_1_101' title='bbox 1022 1752 1151 1817; x_wconf 88' lang='lat' dir='ltr'>arbores</span> <span class='ocrx_word' id='word_1_102' title='bbox 1173 1752 1296 1818; x_wconf 84' lang='lat' dir='ltr'>fructus</span> <span class='ocrx_word' id='word_1_103' title='bbox 1310 1775 1334 1811; x_wconf 83' lang='grc' dir='ltr'>ιο</span> 
     </span>
     <span class='ocr_line' id='line_1_12' title="bbox 117 1853 1295 1939; baseline 0.001 -18"><span class='ocrx_word' id='word_1_104' title='bbox 117 1857 244 1934; x_wconf 87' lang='lat' dir='ltr'>habent,</span> <span class='ocrx_word' id='word_1_105' title='bbox 269 1857 398 1939; x_wconf 89' lang='lat' dir='ltr'>quidam</span> <span class='ocrx_word' id='word_1_106' title='bbox 419 1876 492 1918; x_wconf 81' lang='lat' dir='ltr'>vero</span> <span class='ocrx_word' id='word_1_107' title='bbox 516 1875 624 1918; x_wconf 88' lang='lat' dir='ltr'>earum</span> <span class='ocrx_word' id='word_1_108' title='bbox 643 1853 765 1918; x_wconf 85' lang='lat' dir='ltr'>fructus</span> <span class='ocrx_word' id='word_1_109' title='bbox 795 1853 970 1938; x_wconf 87' lang='lat' dir='ltr'>pulcriores</span> <span class='ocrx_word' id='word_1_110' title='bbox 993 1860 1095 1922; x_wconf 72' lang='lat' dir='ltr'>srmt?</span> <span class='ocrx_word' id='word_1_111' title='bbox 1127 1856 1221 1935; x_wconf 86' lang='lat' dir='ltr'>Audi,</span> <span class='ocrx_word' id='word_1_112' title='bbox 1245 1858 1295 1922; x_wconf 92' lang='lat' dir='ltr'>in·</span> 
     </span>
     <span class='ocr_line' id='line_1_13' title="bbox 118 1959 1297 2048; baseline 0.002 -22"><span class='ocrx_word' id='word_1_113' title='bbox 118 1963 201 2047; x_wconf 87' lang='lat' dir='ltr'>quit:</span> <span class='ocrx_word' id='word_1_114' title='bbox 234 1962 423 2045; x_wconf 85' lang='lat' dir='ltr'>quicumque</span> <span class='ocrx_word' id='word_1_115' title='bbox 444 1960 532 2043; x_wconf 84' lang='lat' dir='ltr'>passi</span> <span class='ocrx_word' id='word_1_116' title='bbox 554 1964 627 2023; x_wconf 88' lang='lat' dir='ltr'>sunt</span> <span class='ocrx_word' id='word_1_117' title='bbox 649 1963 779 2042; x_wconf 91' lang='lat' dir='ltr'>propter</span> <span class='ocrx_word' id='word_1_118' title='bbox 801 1980 930 2036; x_wconf 88' lang='lat' dir='ltr'>nomen,</span> <span class='ocrx_word' id='word_1_119' title='bbox 962 1959 1092 2043; x_wconf 90' lang='lat' dir='ltr'>gloriosi</span> <span class='ocrx_word' id='word_1_120' title='bbox 1116 1967 1190 2026; x_wconf 89' lang='lat' dir='ltr'>sunt</span> <span class='ocrx_word' id='word_1_121' title='bbox 1213 1964 1297 2048; x_wconf 91' lang='lat' dir='ltr'>apud</span> 
     </span>
     <span class='ocr_line' id='line_1_14' title="bbox 118 2054 1295 2150; baseline 0.002 -20"><span class='ocrx_word' id='word_1_122' title='bbox 118 2068 220 2142; x_wconf 86' lang='lat' dir='ltr'>deum,</span> <span class='ocrx_word' id='word_1_123' title='bbox 244 2069 276 2128; x_wconf 93' lang='lat' dir='ltr'>et</span> <span class='ocrx_word' id='word_1_124' title='bbox 298 2064 438 2128; x_wconf 91' lang='lat' dir='ltr'>omnium</span> <span class='ocrx_word' id='word_1_125' title='bbox 460 2063 574 2127; x_wconf 91' lang='lat' dir='ltr'>horum</span> <span class='ocrx_word' id='word_1_126' title='bbox 596 2054 727 2147; x_wconf 86' lang='lat' dir='ltr'>peccata</span> <span class='ocrx_word' id='word_1_127' title='bbox 749 2063 857 2128; x_wconf 90' lang='lat' dir='ltr'>ablata</span> <span class='ocrx_word' id='word_1_128' title='bbox 879 2069 964 2142; x_wconf 80' lang='lat' dir='ltr'>sunt,</span> <span class='ocrx_word' id='word_1_129' title='bbox 991 2065 1064 2149; x_wconf 91' lang='lat' dir='ltr'>quia</span> <span class='ocrx_word' id='word_1_130' title='bbox 1086 2071 1216 2150; x_wconf 89' lang='lat' dir='ltr'>propter</span> <span class='ocrx_word' id='word_1_131' title='bbox 1237 2090 1295 2132; x_wconf 94' lang='lat' dir='ltr'>no-</span> 
     </span>
     <span class='ocr_line' id='line_1_15' title="bbox 119 2165 1295 2251; baseline 0.001 -17"><span class='ocrx_word' id='word_1_132' title='bbox 119 2192 191 2234; x_wconf 88' lang='lat' dir='ltr'>men</span> <span class='ocrx_word' id='word_1_133' title='bbox 212 2168 272 2232; x_wconf 89' lang='lat' dir='ltr'>filii</span> <span class='ocrx_word' id='word_1_134' title='bbox 295 2167 343 2231; x_wconf 94' lang='lat' dir='ltr'>dei</span> <span class='ocrx_word' id='word_1_135' title='bbox 366 2167 453 2251; x_wconf 89' lang='lat' dir='ltr'>passi</span> <span class='ocrx_word' id='word_1_136' title='bbox 475 2171 557 2231; x_wconf 88' lang='lat' dir='ltr'>sunt.</span> <span class='ocrx_word' id='word_1_137' title='bbox 605 2165 708 2243; x_wconf 83' lang='lat' dir='ltr'>Quare</span> <span class='ocrx_word' id='word_1_138' title='bbox 732 2172 838 2231; x_wconf 89' lang='lat' dir='ltr'>autem</span> <span class='ocrx_word' id='word_1_139' title='bbox 853 2167 975 2233; x_wconf 85' lang='lat' dir='ltr'>fructus</span> <span class='ocrx_word' id='word_1_140' title='bbox 1000 2191 1108 2233; x_wconf 90' lang='lat' dir='ltr'>eorum</span> <span class='ocrx_word' id='word_1_141' title='bbox 1123 2171 1201 2234; x_wconf 84' lang='lat' dir='ltr'>varii</span> <span class='ocrx_word' id='word_1_142' title='bbox 1224 2172 1295 2249; x_wconf 88' lang='lat' dir='ltr'>sint,</span> 
     </span>
     <span class='ocr_line' id='line_1_16' title="bbox 120 2268 1336 2359; baseline 0.001 -21"><span class='ocrx_word' id='word_1_143' title='bbox 120 2275 247 2359; x_wconf 90' lang='lat' dir='ltr'>quidam</span> <span class='ocrx_word' id='word_1_144' title='bbox 270 2271 468 2348; x_wconf 86' lang='lat' dir='ltr'>excellentes,</span> <span class='ocrx_word' id='word_1_145' title='bbox 492 2270 574 2334; x_wconf 86' lang='lat' dir='ltr'>audi.</span> <span class='ocrx_word' id='word_1_146' title='bbox 621 2271 651 2333; x_wconf 89' lang='grc'>4.</span> <span class='ocrx_word' id='word_1_147' title='bbox 677 2268 881 2356; x_wconf 85' lang='lat' dir='ltr'>Quicumque,</span> <span class='ocrx_word' id='word_1_148' title='bbox 906 2272 1020 2356; x_wconf 90' lang='lat' dir='ltr'>inquit,</span> <span class='ocrx_word' id='word_1_149' title='bbox 1045 2273 1085 2337; x_wconf 85' lang='lat' dir='ltr'>ad</span> <span class='ocrx_word' id='word_1_150' title='bbox 1106 2278 1297 2358; x_wconf 86' lang='lat' dir='ltr'>potestatem</span> <span class='ocrx_word' id='word_1_151' title='bbox 1312 2297 1336 2334; x_wconf 73' lang='lat'>1⁵</span> 
     </span>
     <span class='ocr_line' id='line_1_17' title="bbox 118 2376 1299 2465; baseline -0.002 -20"><span class='ocrx_word' id='word_1_152' title='bbox 118 2381 262 2465; x_wconf 91' lang='lat' dir='ltr'>perducti</span> <span class='ocrx_word' id='word_1_153' title='bbox 285 2384 316 2443; x_wconf 88' lang='lat' dir='ltr'>et</span> <span class='ocrx_word' id='word_1_154' title='bbox 338 2377 526 2462; x_wconf 87' lang='lat' dir='ltr'>interrogati</span> <span class='ocrx_word' id='word_1_155' title='bbox 547 2398 612 2441; x_wconf 93' lang='lat' dir='ltr'>non</span> <span class='ocrx_word' id='word_1_156' title='bbox 627 2379 829 2460; x_wconf 87' lang='lat' dir='ltr'>negaverunt,</span> <span class='ocrx_word' id='word_1_157' title='bbox 853 2376 908 2440; x_wconf 88' lang='lat' dir='ltr'>sed</span> <span class='ocrx_word' id='word_1_158' title='bbox 923 2382 1070 2461; x_wconf 90' lang='lat' dir='ltr'>prompto</span> <span class='ocrx_word' id='word_1_159' title='bbox 1094 2377 1197 2442; x_wconf 89' lang='lat' dir='ltr'>animo</span> <span class='ocrx_word' id='word_1_160' title='bbox 1212 2379 1299 2462; x_wconf 89' lang='lat' dir='ltr'>passi</span> 
     </span>
     <span class='ocr_line' id='line_1_18' title="bbox 120 2481 1297 2566; baseline 0 -18"><span class='ocrx_word' id='word_1_161' title='bbox 120 2489 204 2562; x_wconf 87' lang='lat' dir='ltr'>sunt,</span> <span class='ocrx_word' id='word_1_162' title='bbox 228 2484 352 2548; x_wconf 89' lang='lat' dir='ltr'>bisunt</span> <span class='ocrx_word' id='word_1_163' title='bbox 374 2482 474 2546; x_wconf 86' lang='lat' dir='ltr'>multo</span> <span class='ocrx_word' id='word_1_164' title='bbox 491 2481 692 2566; x_wconf 88' lang='lat' dir='ltr'>gloriosiores</span> <span class='ocrx_word' id='word_1_165' title='bbox 717 2483 801 2565; x_wconf 90' lang='lat' dir='ltr'>apud</span> <span class='ocrx_word' id='word_1_166' title='bbox 818 2481 997 2557; x_wconf 91' lang='lat' dir='ltr'>dominum;</span> <span class='ocrx_word' id='word_1_167' title='bbox 1021 2481 1133 2546; x_wconf 89' lang='lat' dir='ltr'>borum</span> <span class='ocrx_word' id='word_1_168' title='bbox 1149 2487 1197 2546; x_wconf 91' lang='lat' dir='ltr'>est</span> <span class='ocrx_word' id='word_1_169' title='bbox 1211 2482 1297 2548; x_wconf 81' lang='lat' dir='ltr'>fruc-</span> 
     </span>
     <span class='ocr_line' id='line_1_19' title="bbox 119 2585 1298 2668; baseline -0.001 -15"><span class='ocrx_word' id='word_1_170' title='bbox 119 2595 171 2654; x_wconf 90' lang='lat' dir='ltr'>tus</span> <span class='ocrx_word' id='word_1_171' title='bbox 194 2588 359 2653; x_wconf 85' lang='lat' dir='ltr'>excellens.</span> <span class='ocrx_word' id='word_1_172' title='bbox 406 2586 602 2668; x_wconf 85' lang='lat' dir='ltr'>Quicumque</span> <span class='ocrx_word' id='word_1_173' title='bbox 625 2608 698 2651; x_wconf 85' lang='lat' dir='ltr'>vero</span> <span class='ocrx_word' id='word_1_174' title='bbox 721 2586 825 2651; x_wconf 87' lang='lat' dir='ltr'>timidi</span> <span class='ocrx_word' id='word_1_175' title='bbox 848 2591 879 2650; x_wconf 91' lang='lat' dir='ltr'>et</span> <span class='ocrx_word' id='word_1_176' title='bbox 900 2585 1087 2650; x_wconf 79' lang='lat' dir='ltr'>vacillantes</span> <span class='ocrx_word' id='word_1_177' title='bbox 1110 2586 1238 2651; x_wconf 88' lang='lat' dir='ltr'>fuerunt</span> <span class='ocrx_word' id='word_1_178' title='bbox 1262 2609 1298 2652; x_wconf 86' lang='lat' dir='ltr'>ac</span> 
     </span>
     <span class='ocr_line' id='line_1_20' title="bbox 121 2690 1297 2775; baseline -0.001 -18"><span class='ocrx_word' id='word_1_179' title='bbox 121 2693 372 2758; x_wconf 87' lang='lat' dir='ltr'>deliberavenmt</span> <span class='ocrx_word' id='word_1_180' title='bbox 403 2691 437 2755; x_wconf 93' lang='lat' dir='ltr'>in</span> <span class='ocrx_word' id='word_1_181' title='bbox 459 2690 605 2755; x_wconf 86' lang='lat' dir='ltr'>cordibus</span> <span class='ocrx_word' id='word_1_182' title='bbox 629 2690 711 2768; x_wconf 84' lang='lat' dir='ltr'>suis,</span> <span class='ocrx_word' id='word_1_183' title='bbox 744 2696 851 2755; x_wconf 92' lang='lat' dir='ltr'>utrum</span> <span class='ocrx_word' id='word_1_184' title='bbox 872 2695 1026 2775; x_wconf 86' lang='lat' dir='ltr'>negarent</span> <span class='ocrx_word' id='word_1_185' title='bbox 1049 2713 1090 2756; x_wconf 84' lang='lat' dir='ltr'>an</span> <span class='ocrx_word' id='word_1_186' title='bbox 1112 2692 1297 2756; x_wconf 88' lang='lat' dir='ltr'>confiteren-</span> 
     </span>
     <span class='ocr_line' id='line_1_21' title="bbox 118 2794 1337 2880; baseline -0.007 -19"><span class='ocrx_word' id='word_1_187' title='bbox 118 2803 179 2873; x_wconf 88' lang='lat' dir='ltr'>tur,</span> <span class='ocrx_word' id='word_1_188' title='bbox 205 2801 236 2860; x_wconf 88' lang='lat' dir='ltr'>et</span> <span class='ocrx_word' id='word_1_189' title='bbox 258 2795 346 2880; x_wconf 85' lang='lat' dir='ltr'>passi</span> <span class='ocrx_word' id='word_1_190' title='bbox 368 2799 456 2871; x_wconf 86' lang='lat' dir='ltr'>sunt,</span> <span class='ocrx_word' id='word_1_191' title='bbox 487 2795 600 2858; x_wconf 93' lang='lat' dir='ltr'>horum</span> <span class='ocrx_word' id='word_1_192' title='bbox 623 2794 744 2860; x_wconf 85' lang='lat' dir='ltr'>fructus</span> <span class='ocrx_word' id='word_1_193' title='bbox 767 2796 903 2859; x_wconf 88' lang='lat' dir='ltr'>minores</span> <span class='ocrx_word' id='word_1_194' title='bbox 926 2800 1017 2873; x_wconf 87' lang='lat' dir='ltr'>sunt,</span> <span class='ocrx_word' id='word_1_195' title='bbox 1050 2795 1199 2878; x_wconf 92' lang='lat' dir='ltr'>quoniam</span> <span class='ocrx_word' id='word_1_196' title='bbox 1220 2796 1298 2861; x_wconf 88' lang='lat' dir='ltr'>haec</span> <span class='ocrx_word' id='word_1_197' title='bbox 1312 2817 1337 2855; x_wconf 81' lang='lat' dir='ltr'>rc</span> 
     </span>
     <span class='ocr_line' id='line_1_22' title="bbox 120 2898 1298 2985; baseline -0.001 -20"><span class='ocrx_word' id='word_1_198' title='bbox 120 2900 272 2985; x_wconf 90' lang='lat' dir='ltr'>cogitatio</span> <span class='ocrx_word' id='word_1_199' title='bbox 296 2899 435 2963; x_wconf 88' lang='lat' dir='ltr'>ascendit</span> <span class='ocrx_word' id='word_1_200' title='bbox 457 2898 488 2962; x_wconf 90' lang='lat' dir='ltr'>in</span> <span class='ocrx_word' id='word_1_201' title='bbox 512 2920 566 2963; x_wconf 93' lang='lat' dir='ltr'>cor</span> <span class='ocrx_word' id='word_1_202' title='bbox 587 2920 711 2975; x_wconf 82' lang='lat' dir='ltr'>eorum3</span> <span class='ocrx_word' id='word_1_203' title='bbox 746 2898 832 2963; x_wconf 82' lang='lat' dir='ltr'>mala</span> <span class='ocrx_word' id='word_1_204' title='bbox 853 2899 937 2963; x_wconf 91' lang='lat' dir='ltr'>enim</span> <span class='ocrx_word' id='word_1_205' title='bbox 960 2902 1008 2963; x_wconf 88' lang='lat' dir='ltr'>est</span> <span class='ocrx_word' id='word_1_206' title='bbox 1036 2899 1188 2964; x_wconf 90' lang='lat' dir='ltr'>eiusmodi</span> <span class='ocrx_word' id='word_1_207' title='bbox 1211 2901 1298 2984; x_wconf 88' lang='lat' dir='ltr'>cogi-</span> 
     </span>
     <span class='ocr_line' id='line_1_23' title="bbox 120 3001 1297 3087; baseline 0 -19"><span class='ocrx_word' id='word_1_208' title='bbox 120 3005 216 3081; x_wconf 87' lang='lat' dir='ltr'>tati0,</span> <span class='ocrx_word' id='word_1_209' title='bbox 248 3026 311 3086; x_wconf 89' lang='lat' dir='ltr'>qua</span> <span class='ocrx_word' id='word_1_210' title='bbox 340 3025 447 3067; x_wconf 79' lang='lat' dir='ltr'>servus</span> <span class='ocrx_word' id='word_1_211' title='bbox 477 3002 638 3067; x_wconf 92' lang='lat' dir='ltr'>dominum</span> <span class='ocrx_word' id='word_1_212' title='bbox 670 3025 762 3066; x_wconf 87' lang='lat' dir='ltr'>auum</span> <span class='ocrx_word' id='word_1_213' title='bbox 793 3007 897 3085; x_wconf 85' lang='lat' dir='ltr'>neget.</span> <span class='ocrx_word' id='word_1_214' title='bbox 945 3003 974 3066; x_wconf 88' lang='lat'>5.</span> <span class='ocrx_word' id='word_1_215' title='bbox 998 3001 1112 3066; x_wconf 90' lang='lat' dir='ltr'>Videte</span> <span class='ocrx_word' id='word_1_216' title='bbox 1134 3024 1210 3087; x_wconf 91' lang='lat' dir='ltr'>ergo</span> <span class='ocrx_word' id='word_1_217' title='bbox 1232 3025 1297 3081; x_wconf 86' lang='lat' dir='ltr'>vos,</span> 
     </span>
     <span class='ocr_line' id='line_1_24' title="bbox 121 3105 1298 3192; baseline -0.001 -20"><span class='ocrx_word' id='word_1_218' title='bbox 121 3109 174 3192; x_wconf 91' lang='lat' dir='ltr'>qui</span> <span class='ocrx_word' id='word_1_219' title='bbox 197 3108 276 3172; x_wconf 85' lang='lat' dir='ltr'>haec</span> <span class='ocrx_word' id='word_1_220' title='bbox 305 3108 469 3192; x_wconf 86' lang='lat' dir='ltr'>cogitatis,</span> <span class='ocrx_word' id='word_1_221' title='bbox 501 3128 541 3170; x_wconf 90' lang='lat' dir='ltr'>ne</span> <span class='ocrx_word' id='word_1_222' title='bbox 563 3105 646 3170; x_wconf 87' lang='lat' dir='ltr'>forte</span> <span class='ocrx_word' id='word_1_223' title='bbox 674 3106 752 3171; x_wconf 90' lang='lat' dir='ltr'>haec</span> <span class='ocrx_word' id='word_1_224' title='bbox 774 3128 863 3170; x_wconf 93' lang='lat' dir='ltr'>mens</span> <span class='ocrx_word' id='word_1_225' title='bbox 892 3111 1076 3190; x_wconf 86' lang='lat' dir='ltr'>permaneat</span> <span class='ocrx_word' id='word_1_226' title='bbox 1097 3107 1130 3172; x_wconf 92' lang='lat' dir='ltr'>in</span> <span class='ocrx_word' id='word_1_227' title='bbox 1154 3107 1298 3173; x_wconf 88' lang='lat' dir='ltr'>cordibus</span> 
     </span>
     <span class='ocr_line' id='line_1_25' title="bbox 119 3210 1300 3294; baseline -0.001 -19"><span class='ocrx_word' id='word_1_228' title='bbox 119 3212 232 3276; x_wconf 83' lang='lat' dir='ltr'>restris</span> <span class='ocrx_word' id='word_1_229' title='bbox 263 3216 294 3275; x_wconf 87' lang='lat' dir='ltr'>et</span> <span class='ocrx_word' id='word_1_230' title='bbox 325 3212 383 3276; x_wconf 91' lang='lat' dir='ltr'>deo</span> <span class='ocrx_word' id='word_1_231' title='bbox 413 3211 601 3275; x_wconf 87' lang='lat' dir='ltr'>moriamini.</span> <span class='ocrx_word' id='word_1_232' title='bbox 654 3210 719 3275; x_wconf 90' lang='lat' dir='ltr'>Vos</span> <span class='ocrx_word' id='word_1_233' title='bbox 751 3215 875 3287; x_wconf 89' lang='lat' dir='ltr'>autem,</span> <span class='ocrx_word' id='word_1_234' title='bbox 908 3210 962 3293; x_wconf 91' lang='lat' dir='ltr'>qui</span> <span class='ocrx_word' id='word_1_235' title='bbox 993 3210 1139 3294; x_wconf 88' lang='lat' dir='ltr'>patimini</span> <span class='ocrx_word' id='word_1_236' title='bbox 1169 3216 1300 3294; x_wconf 91' lang='lat' dir='ltr'>propter</span> 
     </span>
    </p>
   </div>
   <div class='ocr_carea' id='block_1_3' title="bbox 195 3346 430 3409">
    <p class='ocr_par' dir='ltr' id='par_1_3' title="bbox 195 3346 430 3409">
     <span class='ocr_line' id='line_1_26' title="bbox 195 3346 430 3409; baseline -0.009 -8"><span class='ocrx_word' id='word_1_237' title='bbox 195 3351 225 3403; x_wconf 95' lang='grc'>11</span> <span class='ocrx_word' id='word_1_238' title='bbox 245 3347 307 3400; x_wconf 85' lang='lat' dir='ltr'>Act.</span> <span class='ocrx_word' id='word_1_239' title='bbox 329 3348 369 3409; x_wconf 84' lang='lat'>15,</span> <span class='ocrx_word' id='word_1_240' title='bbox 388 3346 430 3400; x_wconf 91' lang='grc'>26.</span> 
     </span>
    </p>
   </div>
   <div class='ocr_carea' id='block_1_4' title="bbox 120 3451 1299 3579">
    <p class='ocr_par' dir='ltr' id='par_1_4' title="bbox 120 3451 1299 3579">
     <span class='ocr_line' id='line_1_27' title="bbox 120 3451 1299 3579; baseline 0.004 -74"><span class='ocrx_word' id='word_1_241' title='bbox 120 3451 251 3521; x_wconf 85' lang='lat' dir='ltr'>scripsit,</span> <span class='ocrx_word' id='word_1_242' title='bbox 278 3455 310 3505; x_wconf 88' lang='lat' dir='ltr'>ut</span> <span class='ocrx_word' id='word_1_243' title='bbox 329 3451 430 3504; x_wconf 89' lang='lat' dir='ltr'>librum</span> <span class='ocrx_word' id='word_1_244' title='bbox 458 3469 514 3505; x_wconf 90' lang='lat' dir='ltr'>non</span> <span class='ocrx_word' id='word_1_245' title='bbox 534 3456 599 3507; x_wconf 81' lang='lat' dir='ltr'>ante</span> <span class='ocrx_word' id='word_1_246' title='bbox 621 3452 696 3506; x_wconf 91' lang='lat' dir='ltr'>hunc</span> <span class='ocrx_word' id='word_1_247' title='bbox 707 3454 711 3579; x_wconf 69' lang='lat' dir='ltr'><strong>i</strong></span> <span class='ocrx_word' id='word_1_248' title='bbox 723 3451 929 3527; x_wconf 78' lang='grc' dir='ltr'><em>ἁμαρτημάτων</em></span> <span class='ocrx_word' id='word_1_249' title='bbox 945 3455 1131 3525; x_wconf 82' lang='grc' dir='ltr'><strong><em>παρεχόμενα,</em></strong></span> <span class='ocrx_word' id='word_1_250' title='bbox 1149 3453 1243 3520; x_wconf 74' lang='grc' dir='ltr'><em>πάθος</em></span> <span class='ocrx_word' id='word_1_251' title='bbox 1255 3453 1299 3510; x_wconf 80' lang='grc' dir='ltr'>διὰ</span> 
     </span>
    </p>
   </div>
   <div class='ocr_carea' id='block_1_5' title="bbox 120 3536 1302 4735">
    <p class='ocr_par' dir='ltr' id='par_1_5' title="bbox 120 3536 1302 4735">
     <span class='ocr_line' id='line_1_28' title="bbox 121 3536 1299 3612; baseline -0.003 -18"><span class='ocrx_word' id='word_1_252' title='bbox 121 3540 320 3608; x_wconf 87' lang='lat' dir='ltr'>imperatorem</span> <span class='ocrx_word' id='word_1_253' title='bbox 329 3536 489 3590; x_wconf 88' lang='lat' dir='ltr'>confectum</span> <span class='ocrx_word' id='word_1_254' title='bbox 499 3554 558 3592; x_wconf 82' lang='lat' dir='ltr'>esse</span> <span class='ocrx_word' id='word_1_255' title='bbox 569 3538 696 3592; x_wconf 87' lang='lat' dir='ltr'>conicere</span> <span class='ocrx_word' id='word_1_256' title='bbox 724 3540 847 3611; x_wconf 79' lang='grc' dir='ltr'><strong><em>Χριστὸν</em></strong></span> <span class='ocrx_word' id='word_1_257' title='bbox 858 3543 904 3596; x_wconf 79' lang='grc' dir='ltr'>καὶ</span> <span class='ocrx_word' id='word_1_258' title='bbox 915 3539 1065 3612; x_wconf 80' lang='grc' dir='ltr'><strong><em>βάπτισμα.</em></strong></span> <span class='ocrx_word' id='word_1_259' title='bbox 1087 3538 1162 3593; x_wconf 85' lang='lat' dir='ltr'>Tert.</span> <span class='ocrx_word' id='word_1_260' title='bbox 1176 3537 1218 3592; x_wconf 89' lang='lat' dir='ltr'>De</span> <span class='ocrx_word' id='word_1_261' title='bbox 1230 3538 1299 3608; x_wconf 87' lang='lat' dir='ltr'>bap·</span> 
     </span>
     <span class='ocr_line' id='line_1_29' title="bbox 121 3622 1299 3695; baseline 0.002 -17"><span class='ocrx_word' id='word_1_262' title='bbox 121 3625 213 3680; x_wconf 85' lang='lat' dir='ltr'>liceat.</span> <span class='ocrx_word' id='word_1_263' title='bbox 251 3623 306 3677; x_wconf 84' lang='lat' dir='ltr'>Vix</span> <span class='ocrx_word' id='word_1_264' title='bbox 325 3623 382 3676; x_wconf 90' lang='lat' dir='ltr'>iam</span> <span class='ocrx_word' id='word_1_265' title='bbox 398 3622 559 3679; x_wconf 87' lang='lat' dir='ltr'>Domitiano</span> <span class='ocrx_word' id='word_1_266' title='bbox 578 3624 696 3694; x_wconf 83' lang='lat' dir='ltr'>impera·</span> <span class='ocrx_word' id='word_1_267' title='bbox 723 3626 808 3681; x_wconf 88' lang='lat' dir='ltr'>tismo</span> <span class='ocrx_word' id='word_1_268' title='bbox 837 3627 930 3689; x_wconf 83' lang='grc' dir='ltr'>α.16;</span> <span class='ocrx_word' id='word_1_269' title='bbox 967 3626 1008 3680; x_wconf 86' lang='lat' dir='ltr'>De</span> <span class='ocrx_word' id='word_1_270' title='bbox 1036 3626 1174 3695; x_wconf 84' lang='lat' dir='ltr'>pudicitia</span> <span class='ocrx_word' id='word_1_271' title='bbox 1202 3643 1225 3679; x_wconf 93' lang='lat' dir='ltr'>c.</span> <span class='ocrx_word' id='word_1_272' title='bbox 1249 3627 1299 3688; x_wconf 80' lang='lat'>22;</span> 
     </span>
     <span class='ocr_line' id='line_1_30' title="bbox 120 3709 1299 3783; baseline -0.001 -16"><span class='ocrx_word' id='word_1_273' title='bbox 120 3717 183 3767; x_wconf 88' lang='lat' dir='ltr'>tore</span> <span class='ocrx_word' id='word_1_274' title='bbox 202 3710 331 3780; x_wconf 85' lang='lat' dir='ltr'>quaestio</span> <span class='ocrx_word' id='word_1_275' title='bbox 350 3709 487 3763; x_wconf 87' lang='lat' dir='ltr'>eiusmodi</span> <span class='ocrx_word' id='word_1_276' title='bbox 504 3710 671 3767; x_wconf 87' lang='lat' dir='ltr'>habebatur.</span> <span class='ocrx_word' id='word_1_277' title='bbox 725 3713 855 3782; x_wconf 76' lang='lat' dir='ltr'>cyprian.</span> <span class='ocrx_word' id='word_1_278' title='bbox 880 3713 931 3782; x_wconf 82' lang='lat' dir='ltr'>Ep.</span> <span class='ocrx_word' id='word_1_279' title='bbox 951 3714 984 3767; x_wconf 85' lang='grc'>73</span> <span class='ocrx_word' id='word_1_280' title='bbox 1003 3729 1025 3766; x_wconf 91' lang='lat' dir='ltr'>c.</span> <span class='ocrx_word' id='word_1_281' title='bbox 1039 3714 1080 3768; x_wconf 84' lang='lat'>21.</span> <span class='ocrx_word' id='word_1_282' title='bbox 1098 3713 1145 3775; x_wconf 74' lang='lat'>223</span> <span class='ocrx_word' id='word_1_283' title='bbox 1165 3712 1299 3783; x_wconf 86' lang='lat' dir='ltr'>Origenes</span> 
     </span>
     <span class='ocr_line' id='line_1_31' title="bbox 157 3766 1143 3891; baseline 0.001 -40"><span class='ocrx_word' id='word_1_284' title='bbox 157 3800 181 3852; x_wconf 82' lang='lat'>2.</span> <span class='ocrx_word' id='word_1_285' title='bbox 200 3800 344 3864; x_wconf 78' lang='grc' dir='ltr'><strong><em>παθόντες</em></strong></span> <span class='ocrx_word' id='word_1_286' title='bbox 354 3797 424 3866; x_wconf 75' lang='grc' dir='ltr'><strong><em>κτλ]</em></strong></span> <span class='ocrx_word' id='word_1_287' title='bbox 444 3766 800 3891; x_wconf 67' lang='grc'>01111111,1,9;]1])11</span> <span class='ocrx_word' id='word_1_288' title='bbox 820 3799 884 3854; x_wconf 81' lang='lat' dir='ltr'>Eua.</span> <span class='ocrx_word' id='word_1_289' title='bbox 904 3799 937 3852; x_wconf 81' lang='lat' dir='ltr'>IL</span> <span class='ocrx_word' id='word_1_290' title='bbox 957 3798 987 3853; x_wconf 77' lang='lat' dir='ltr'>E.</span> <span class='ocrx_word' id='word_1_291' title='bbox 1008 3799 1054 3862; x_wconf 81' lang='lat' dir='ltr'>vl,</span> <span class='ocrx_word' id='word_1_292' title='bbox 1073 3799 1098 3862; x_wconf 82' lang='lat'>4,</span> <span class='ocrx_word' id='word_1_293' title='bbox 1118 3799 1143 3853; x_wconf 89' lang='grc'>3.</span> 
     </span>
     <span class='ocr_line' id='line_1_32' title="bbox 122 3881 1299 3957; baseline 0 -19"><span class='ocrx_word' id='word_1_294' title='bbox 122 3888 146 3948; x_wconf 91' lang='grc'>2,</span> <span class='ocrx_word' id='word_1_295' title='bbox 167 3886 195 3947; x_wconf 91' lang='grc'>1;</span> <span class='ocrx_word' id='word_1_296' title='bbox 215 3887 239 3949; x_wconf 85' lang='grc'>5,</span> <span class='ocrx_word' id='word_1_297' title='bbox 258 3886 288 3945; x_wconf 85' lang='grc'>2;</span> <span class='ocrx_word' id='word_1_298' title='bbox 316 3881 712 3957; x_wconf 74' lang='grc' dir='ltr'>8111.111Π,3,6;1111.Π,</span> <span class='ocrx_word' id='word_1_299' title='bbox 758 3889 782 3940; x_wconf 85' lang='grc'>4.</span> <span class='ocrx_word' id='word_1_300' title='bbox 802 3885 843 3944; x_wconf 78' lang='grc' dir='ltr'>ἐπ’</span> <span class='ocrx_word' id='word_1_301' title='bbox 862 3887 1000 3956; x_wconf 79' lang='grc' dir='ltr'>ἐξουσίαν]</span> <span class='ocrx_word' id='word_1_302' title='bbox 1018 3886 1036 3939; x_wconf 88' lang='grc'>1.</span> <span class='ocrx_word' id='word_1_303' title='bbox 1051 3902 1074 3940; x_wconf 89' lang='lat' dir='ltr'>e.</span> <span class='ocrx_word' id='word_1_304' title='bbox 1094 3885 1132 3940; x_wconf 90' lang='lat' dir='ltr'>ad</span> <span class='ocrx_word' id='word_1_305' title='bbox 1151 3886 1299 3956; x_wconf 86' lang='lat' dir='ltr'>magistra-</span> 
     </span>
     <span class='ocr_line' id='line_1_33' title="bbox 122 3968 1302 4045; baseline -0.001 -19"><span class='ocrx_word' id='word_1_306' title='bbox 122 3974 146 4036; x_wconf 91' lang='grc'>2,</span> <span class='ocrx_word' id='word_1_307' title='bbox 166 3973 188 4025; x_wconf 83' lang='grc'>7.</span> <span class='ocrx_word' id='word_1_308' title='bbox 209 3972 233 4026; x_wconf 87' lang='grc'>8.</span> <span class='ocrx_word' id='word_1_309' title='bbox 254 3968 476 4042; x_wconf 79' lang='grc' dir='ltr'><strong><em>Ἀρνησαμένους</em></strong></span> <span class='ocrx_word' id='word_1_310' title='bbox 493 3970 648 4025; x_wconf 84' lang='lat' dir='ltr'>habeaVis.</span> <span class='ocrx_word' id='word_1_311' title='bbox 664 3971 696 4034; x_wconf 84' lang='lat' dir='ltr'>Il,</span> <span class='ocrx_word' id='word_1_312' title='bbox 723 3977 777 4028; x_wconf 85' lang='lat' dir='ltr'>tus.</span> <span class='ocrx_word' id='word_1_313' title='bbox 796 4004 831 4013; x_wconf 91' lang='lat'>-</span> <span class='ocrx_word' id='word_1_314' title='bbox 849 3971 1051 4045; x_wconf 75' lang='grc' dir='ltr'><strong><em>ἐξητάσθησαν]</em></strong></span> <span class='ocrx_word' id='word_1_315' title='bbox 1073 3990 1109 4029; x_wconf 84' lang='lat' dir='ltr'>sc.</span> <span class='ocrx_word' id='word_1_316' title='bbox 1123 3991 1190 4027; x_wconf 90' lang='lat' dir='ltr'>num</span> <span class='ocrx_word' id='word_1_317' title='bbox 1208 3973 1302 4027; x_wconf 87' lang='lat' dir='ltr'>essent</span> 
     </span>
     <span class='ocr_line' id='line_1_34' title="bbox 121 4057 1301 4124; baseline 0.001 -12"><span class='ocrx_word' id='word_1_318' title='bbox 121 4058 146 4122; x_wconf 82' lang='lat'>3,</span> <span class='ocrx_word' id='word_1_319' title='bbox 166 4061 197 4121; x_wconf 84' lang='lat'>4;</span> <span class='ocrx_word' id='word_1_320' title='bbox 216 4058 281 4112; x_wconf 87' lang='lat' dir='ltr'>Sim.</span> <span class='ocrx_word' id='word_1_321' title='bbox 301 4057 372 4119; x_wconf 78' lang='lat' dir='ltr'>VIII,</span> <span class='ocrx_word' id='word_1_322' title='bbox 392 4057 415 4120; x_wconf 89' lang='lat'>8,</span> <span class='ocrx_word' id='word_1_323' title='bbox 435 4060 465 4119; x_wconf 83' lang='lat'>4;</span> <span class='ocrx_word' id='word_1_324' title='bbox 483 4057 530 4120; x_wconf 89' lang='lat' dir='ltr'>IX,</span> <span class='ocrx_word' id='word_1_325' title='bbox 544 4059 585 4123; x_wconf 92' lang='grc'>26,</span> <span class='ocrx_word' id='word_1_326' title='bbox 598 4062 621 4115; x_wconf 87' lang='grc'>3.</span> <span class='ocrx_word' id='word_1_327' title='bbox 635 4062 659 4113; x_wconf 85' lang='grc'>5.</span> <span class='ocrx_word' id='word_1_328' title='bbox 673 4061 696 4115; x_wconf 91' lang='grc'>6.</span> <span class='ocrx_word' id='word_1_329' title='bbox 726 4059 885 4113; x_wconf 81' lang='lat' dir='ltr'>Christiani.</span> <span class='ocrx_word' id='word_1_330' title='bbox 908 4057 1015 4124; x_wconf 84' lang='lat' dir='ltr'>Quodsi</span> <span class='ocrx_word' id='word_1_331' title='bbox 1028 4059 1149 4113; x_wconf 83' lang='lat' dir='ltr'>confessi</span> <span class='ocrx_word' id='word_1_332' title='bbox 1162 4064 1234 4122; x_wconf 89' lang='lat' dir='ltr'>sunt,</span> <span class='ocrx_word' id='word_1_333' title='bbox 1244 4060 1301 4112; x_wconf 82' lang='lat' dir='ltr'>iam</span> 
     </span>
     <span class='ocr_line' id='line_1_35' title="bbox 157 4143 1299 4217; baseline -0.001 -18"><span class='ocrx_word' id='word_1_334' title='bbox 157 4145 182 4199; x_wconf 82' lang='lat'>3.</span> <span class='ocrx_word' id='word_1_335' title='bbox 208 4144 237 4201; x_wconf 82' lang='lat' dir='ltr'>al</span> <span class='ocrx_word' id='word_1_336' title='bbox 263 4143 394 4217; x_wconf 73' lang='grc' dir='ltr'>ἁμαρτίαι</span> <span class='ocrx_word' id='word_1_337' title='bbox 422 4143 613 4216; x_wconf 72' lang='grc' dir='ltr'><strong><em>ἀφῃρέθησαν]</em></strong></span> <span class='ocrx_word' id='word_1_338' title='bbox 645 4145 907 4201; x_wconf 81' lang='lat' dir='ltr'>Per=condemnati</span> <span class='ocrx_word' id='word_1_339' title='bbox 935 4147 1022 4200; x_wconf 89' lang='lat' dir='ltr'>erant.</span> <span class='ocrx_word' id='word_1_340' title='bbox 1060 4147 1180 4214; x_wconf 85' lang='lat' dir='ltr'>Propter</span> <span class='ocrx_word' id='word_1_341' title='bbox 1198 4161 1299 4199; x_wconf 88' lang='lat' dir='ltr'>nomen</span> 
     </span>
     <span class='ocr_line' id='line_1_36' title="bbox 123 4228 1300 4304; baseline 0.001 -21"><span class='ocrx_word' id='word_1_342' title='bbox 123 4231 289 4299; x_wconf 85' lang='lat' dir='ltr'>martyrium</span> <span class='ocrx_word' id='word_1_343' title='bbox 302 4228 596 4300; x_wconf 84' lang='lat' dir='ltr'>peccatadeleriinde</span> <span class='ocrx_word' id='word_1_344' title='bbox 609 4250 626 4286; x_wconf 86' lang='lat' dir='ltr'>a</span> <span class='ocrx_word' id='word_1_345' title='bbox 639 4250 698 4287; x_wconf 88' lang='lat' dir='ltr'>sae·</span> <span class='ocrx_word' id='word_1_346' title='bbox 726 4235 801 4289; x_wconf 89' lang='lat' dir='ltr'>enim</span> <span class='ocrx_word' id='word_1_347' title='bbox 828 4235 1012 4304; x_wconf 84' lang='lat' dir='ltr'>magistratus</span> <span class='ocrx_word' id='word_1_348' title='bbox 1042 4232 1219 4288; x_wconf 81' lang='lat' dir='ltr'>Christianos</span> <span class='ocrx_word' id='word_1_349' title='bbox 1237 4248 1300 4301; x_wconf 90' lang='lat' dir='ltr'>per·</span> 
     </span>
     <span class='ocr_line' id='line_1_37' title="bbox 122 4316 1299 4391; baseline -0.002 -19"><span class='ocrx_word' id='word_1_350' title='bbox 122 4318 187 4372; x_wconf 89' lang='lat' dir='ltr'>culo</span> <span class='ocrx_word' id='word_1_351' title='bbox 207 4318 329 4372; x_wconf 90' lang='lat' dir='ltr'>secundo</span> <span class='ocrx_word' id='word_1_352' title='bbox 347 4317 441 4371; x_wconf 86' lang='lat' dir='ltr'>medio</span> <span class='ocrx_word' id='word_1_353' title='bbox 460 4333 555 4371; x_wconf 86' lang='lat' dir='ltr'>omnes</span> <span class='ocrx_word' id='word_1_354' title='bbox 573 4319 631 4372; x_wconf 83' lang='lat' dir='ltr'>lere</span> <span class='ocrx_word' id='word_1_355' title='bbox 650 4336 698 4389; x_wconf 84' lang='lat' dir='ltr'>pa·</span> <span class='ocrx_word' id='word_1_356' title='bbox 726 4322 817 4376; x_wconf 85' lang='lat' dir='ltr'>secuti</span> <span class='ocrx_word' id='word_1_357' title='bbox 836 4325 908 4376; x_wconf 90' lang='lat' dir='ltr'>sunt.</span> <span class='ocrx_word' id='word_1_358' title='bbox 929 4352 963 4360; x_wconf 99' lang='lat'>-</span> <span class='ocrx_word' id='word_1_359' title='bbox 982 4318 1155 4391; x_wconf 79' lang='grc' dir='ltr'><strong><em>ἐνδοξότεροι</em></strong></span> <span class='ocrx_word' id='word_1_360' title='bbox 1167 4318 1237 4387; x_wconf 81' lang='grc' dir='ltr'><strong><em>κτλ]</em></strong></span> <span class='ocrx_word' id='word_1_361' title='bbox 1257 4316 1299 4373; x_wconf 82' lang='lat' dir='ltr'>Cf.</span> 
     </span>
     <span class='ocr_line' id='line_1_38' title="bbox 121 4402 1300 4479; baseline 0 -18"><span class='ocrx_word' id='word_1_362' title='bbox 121 4411 181 4461; x_wconf 87' lang='lat' dir='ltr'>tres</span> <span class='ocrx_word' id='word_1_363' title='bbox 209 4405 372 4459; x_wconf 88' lang='lat' dir='ltr'>docuerunt.</span> <span class='ocrx_word' id='word_1_364' title='bbox 418 4402 460 4456; x_wconf 80' lang='lat' dir='ltr'>cf.</span> <span class='ocrx_word' id='word_1_365' title='bbox 479 4402 568 4458; x_wconf 84' lang='lat' dir='ltr'>Melit.</span> <span class='ocrx_word' id='word_1_366' title='bbox 586 4403 784 4479; x_wconf 54' lang='lat' dir='ltr'>Fragm.,Vis.</span> <span class='ocrx_word' id='word_1_367' title='bbox 804 4408 850 4471; x_wconf 88' lang='lat' dir='ltr'>Ill,</span> <span class='ocrx_word' id='word_1_368' title='bbox 870 4409 899 4470; x_wconf 92' lang='grc'>2,</span> <span class='ocrx_word' id='word_1_369' title='bbox 921 4410 934 4462; x_wconf 95' lang='grc'>1</span> <span class='ocrx_word' id='word_1_370' title='bbox 953 4411 1011 4460; x_wconf 91' lang='lat' dir='ltr'>not.</span> <span class='ocrx_word' id='word_1_371' title='bbox 1039 4438 1072 4445; x_wconf 98' lang='lat'><em>-</em></span> <span class='ocrx_word' id='word_1_372' title='bbox 1099 4404 1207 4477; x_wconf 80' lang='grc' dir='ltr'><strong><em>πονηρὰ</em></strong></span> <span class='ocrx_word' id='word_1_373' title='bbox 1229 4406 1300 4475; x_wconf 82' lang='grc' dir='ltr'><strong><em>κτλ]</em></strong></span> 
     </span>
     <span class='ocr_line' id='line_1_39' title="bbox 123 4482 1016 4587; baseline -0.001 -41"><span class='ocrx_word' id='word_1_374' title='bbox 123 4491 177 4546; x_wconf 79' lang='lat' dir='ltr'>xri</span> <span class='ocrx_word' id='word_1_375' title='bbox 196 4492 289 4559; x_wconf 75' lang='lat' dir='ltr'>(corp.</span> <span class='ocrx_word' id='word_1_376' title='bbox 303 4490 420 4558; x_wconf 81' lang='lat' dir='ltr'>Apolog.</span> <span class='ocrx_word' id='word_1_377' title='bbox 441 4482 769 4587; x_wconf 61' lang='grc'>1101111411111.</span> <span class='ocrx_word' id='word_1_378' title='bbox 789 4493 815 4548; x_wconf 90' lang='lat'>11</span> <span class='ocrx_word' id='word_1_379' title='bbox 835 4494 921 4548; x_wconf 77' lang='lat' dir='ltr'>cnm.</span> <span class='ocrx_word' id='word_1_380' title='bbox 939 4494 1016 4549; x_wconf 83' lang='lat'>3—5.</span> 
     </span>
     <span class='ocr_line' id='line_1_40' title="bbox 120 4573 715 4652; baseline 0.008 -22"><span class='ocrx_word' id='word_1_381' title='bbox 120 4579 174 4632; x_wconf 82' lang='grc'>452</span> <span class='ocrx_word' id='word_1_382' title='bbox 188 4579 254 4646; x_wconf 85' lang='lat' dir='ltr'>sq.):</span> <span class='ocrx_word' id='word_1_383' title='bbox 273 4576 322 4633; x_wconf 77' lang='grc' dir='ltr'>δύο</span> <span class='ocrx_word' id='word_1_384' title='bbox 340 4576 394 4649; x_wconf 77' lang='grc' dir='ltr'>γὰρ</span> <span class='ocrx_word' id='word_1_385' title='bbox 412 4575 528 4647; x_wconf 77' lang='grc' dir='ltr'><strong><em>συνέστη</em></strong></span> <span class='ocrx_word' id='word_1_386' title='bbox 547 4577 582 4634; x_wconf 82' lang='grc' dir='ltr'>τὰ</span> <span class='ocrx_word' id='word_1_387' title='bbox 599 4573 715 4652; x_wconf 70' lang='grc' dir='ltr'><strong><em>ἄφεσιν]</em></strong></span> 
     </span>
     <span class='ocr_line' id='line_1_41' title="bbox 178 4671 1092 4735; baseline 0 -12"><span class='ocrx_word' id='word_1_388' title='bbox 178 4684 219 4723; x_wconf 76' lang='lat' dir='ltr'>Fu</span> <span class='ocrx_word' id='word_1_389' title='bbox 229 4694 244 4722; x_wconf 89' lang='lat' dir='ltr'>n</span> <span class='ocrx_word' id='word_1_390' title='bbox 254 4683 283 4735; x_wconf 83' lang='lat' dir='ltr'>k,</span> <span class='ocrx_word' id='word_1_391' title='bbox 297 4682 378 4722; x_wconf 78' lang='lat' dir='ltr'>Patres</span> <span class='ocrx_word' id='word_1_392' title='bbox 395 4687 470 4730; x_wconf 78' lang='lat' dir='ltr'>apori.</span> <span class='ocrx_word' id='word_1_393' title='bbox 486 4683 521 4723; x_wconf 74' lang='lat' dir='ltr'>cd</span> <span class='ocrx_word' id='word_1_394' title='bbox 534 4682 566 4723; x_wconf 90' lang='lat'>11.</span> <span class='ocrx_word' id='word_1_395' title='bbox 1050 4671 1092 4735; x_wconf 68' lang='lat'>40</span> 
     </span>
    </p>
   </div>
   <div class='ocr_carea' id='block_1_6' title="bbox 0 0 1433 5018">
    <p class='ocr_par' dir='ltr' id='par_1_6' title="bbox 0 0 1433 5018">
     <span class='ocr_line' id='line_1_42' title="bbox 0 0 1433 5018; baseline 0 0"><span class='ocrx_word' id='word_1_396' title='bbox 0 0 1433 5018; x_wconf 95' lang='lat' dir='ltr'> </span> 
     </span>
    </p>
   </div>
  </div>
 </body>
</html>
