2834 5018
180 343 245 408 402
524 333 1008 393 mrsuumrumouumuu

268 513 339 579 Vll.
363 512 409 577 Οὐ
431 515 492 597 γάρ
515 511 712 596 ἐπίγειον,“
695 534 737 587 ως
760 512 854 596 ἐφην,
885 514 1003 595 εὕρημα
1025 510 1108 574 τοῦτ’
1130 513 1246 587 αὐτοῖς
1277 532 1378 594 παρε·

185 615 285 700 δόύη,
314 617 386 680 οὐδὲ
408 619 528 702 θνητήν
555 615 692 680 ἐπίνοιαν
715 613 886 697 φυλάσσειν
910 617 1009 690 οὐτως
1030 614 1171 692 ἀξιοῦσιν
1198 616 1375 699 ἐπιμελῶς,

183 720 255 784 οὐδὲ
285 719 492 803 ἀνθρωπίνων
524 719 702 803 οἰκονομίαν
735 718 909 803 μυστηρίων
939 719 1172 784 πεπίστευνται.
1231 725 1267 787 2.
1301 720 1376 785 ἀλλ’

182 826 274 900 αὐτὸς
296 825 428 909 ἀληθῶς
450 824 706 906 όπαντοκράτωρ
728 825 781 886 καί
796 823 1022 908 παντοκτίστης
1043 826 1097 887 καί
1113 824 1259 907 ἀόρατος
1285 826 1374 906 θεός,

154 930 274 1005 ιαύτδς
297 929 352 992 ἀπ’
382 931 520 1011 οὐρανῶν
549 931 604 1011 τὴν
635 928 790 1012 ἀλήθειαν
818 931 872 992 καί
893 930 947 992 τόν
976 929 1071 1013 λόγον
1099 931 1155 993 τὸν
1189 932 1290 1014 ἅγιον
1319 931 1373 993 καί

182 1034 384 1118 ἀπερινόητον
412 1031 591 1115 ἀνθρώποις
614 1032 753 1116 ἐνίδρυσε
781 1035 835 1096 καί
859 1032 1096 1117 ἐγκατεστήριξε
1127 1042 1200 1109 ταῖς
1223 1035 1373 1118 καρδίαις

184 1139 304 1201 αὐτῶν·
334 1137 381 1215 οὐ,
404 1136 554 1219 καθάπερ
577 1140 615 1201 ἀν
637 1159 681 1212 τις
711 1138 877 1217 εἰκάσειεν,
908 1136 1086 1219 άνύρώποις
1110 1138 1280 1224 ὑπηρέτην
1303 1141 1372 1204 τινὰ

181 1240 307 1324 πέμψας
329 1241 350 1324 ἢ
373 1240 506 1324 άγχελον
529 1242 550 1324 ή
572 1244 708 1324 άρχοντα
729 1242 751 1323 ή
772 1263 841 1305 τινα
862 1250 924 1305 τῶν
939 1242 1108 1305 διεπόντων
1130 1244 1174 1304 τά
1198 1242 1331 1329 ἐπίγεια
1351 1244 1372 1326 ή

184 1367 253 1409 τινα
276 1353 338 1408 τῶν
364 1345 614 1429 πεπιστευμένων
643 1348 699 1421 τὰς
728 1346 760 1409 ἐν
789 1349 930 1428 οὐρανοῖς
958 1345 1141 1430 διοικήσεις,
1172 1347 1252 1412 ἀλλ’
1275 1351 1370 1413 αὐτόν

147 1479 172 1517 ιο
186 1453 240 1514 τόν
261 1450 402 1534 τεχνίτην
424 1453 478 1514 καί
500 1451 684 1535 δημιουργὸν
707 1461 769 1514 τῶν
792 1449 885 1528 όλων,
909 1449 934 1534 ᾧ
956 1454 1028 1526 τοὺς
1050 1453 1206 1532 οὐρανοὺς
1231 1454 1369 1533 ἔκτισεν,

185 1553 210 1639 ᾧ
234 1558 289 1638 τήν
313 1555 482 1622 θάλασσαν
505 1554 591 1630 ἰδίοις
613 1558 695 1638 ὅροις
719 1553 911 1634 ἐνέκλεισεν,
938 1554 975 1619 οὐ
996 1558 1036 1618 τά
1064 1557 1226 1641 μυστήρια
1250 1567 1369 1634 πιστῶς

181 1660 284 1724 πάντα
306 1661 458 1744 φυλάσσει
489 1664 708 1742 τὰστοιχεῖα,
736 1658 809 1742 παρ’
830 1658 866 1722 οὐ
889 1662 928 1722 τά
951 1659 1047 1743 μέτρα
1072 1670 1137 1725 τῶν
1161 1673 1220 1747 της
1249 1662 1368 1748 ἡμέρας

181 1764 304 1848 δρόμων
327 1765 344 1827 δ
367 1764 453 1847 ήλιος
476 1765 585 1849 εἴληφε
608 1763 790 1847 φυλάσσειν,
815 1762 840 1848 ᾧ
861 1767 1029 1847 πειθαρχεῖ
1044 1764 1162 1852 σελήνη
1187 1771 1283 1832 νυκτί
1300 1767 1367 1852 φαί-

181 1892 243 1934 νειν
265 1869 441 1950 κελεύοντι,
473 1869 498 1954 ᾧ
521 1873 689 1953 πειθαρχεῖ
715 1871 755 1932 τὰ
783 1870 882 1950 ἀστρα
905 1877 948 1953 τῷ
978 1879 1032 1953 της
1060 1868 1198 1955 σελήνης
1229 1872 1367 1937 ἀκολου

143 2002 168 2039 ιι
182 1977 302 2040 θούντα
324 1973 445 2057 δρόμῳ·
470 1973 494 2059 ᾧ
518 1975 620 2038 πάντα
642 1972 839 2036 διατέτακται
862 1975 914 2035 καί
931 1972 1087 2055 διώρισται
1111 1977 1167 2037 καί
1190 1976 1366 2040 ὑποτέτακ·

181 2100 241 2157 ται,
265 2079 389 2160 οὐρανοί
415 2081 468 2141 καί
491 2081 530 2142 τά
554 2078 586 2141 ἐν
609 2080 766 2160 οὐρανοῖς,
795 2087 836 2161 γή
858 2079 911 2139 καί
934 2079 973 2139 τὰ
997 2076 1029 2139 ἐν
1060 2086 1099 2160 τή
1121 2087 1179 2161 γή,
1208 2079 1366 2144 θάλασσα

181 2183 235 2244 καί
259 2183 298 2245 τά
321 2181 353 2245 ἐν
376 2192 415 2265 τῇ
444 2181 611 2266 θαλάσση,
634 2191 709 2263 πῦρ,
733 2180 810 2264 ἀήρ,
834 2180 988 2265 ἄβυσσος,
1017 2184 1056 2244 τά
1079 2181 1112 2244 έν
1136 2182 1246 2265 ὐψεσι,
1271 2186 1313 2247 τά
1335 2184 1365 2246 ἐν

182 2284 305 2370 βάθεσι,
330 2287 369 2348 τὰ
385 2285 417 2349 ἐν
440 2292 484 2368 τῷ
500 2285 634 2368 μεταξύ·
658 2295 766 2349 τοῦτον
783 2286 858 2366 πρὸς
874 2287 986 2360 αὐτοὺς
1001 2283 1196 2349 ἀπέστειλεν.
1227 2292 1261 2355 3,
1286 2287 1366 2370 Ἀρά

181 2408 228 2470 γε,
252 2387 294 2462 ώς
325 2387 503 2470 ἀνθρώπων
527 2391 564 2453 ἀν
587 2410 632 2464 τις
661 2387 836 2471 λογίσαιτο,
861 2387 910 2451 ἐπὶ
933 2387 1086 2469 τυραννίδι
1109 2391 1164 2451 καί
1197 2391 1292 2477 φόβῳ
1314 2392 1366 2454 καί

142 2520 168 2559 ω
182 2491 389 2575 καταπλήξει;
421 2497 449 2558 4.
475 2494 511 2555 οὐ
534 2492 590 2575 μὲν
613 2488 685 2555 οὐν·
716 2489 788 2554 ἀλλ’
811 2490 843 2553 ἐν
873 2490 1022 2575 ἐπιεικείᾳ
1052 2493 1106 2554 καί
1136 2495 1298 2578 πραύτητι
1325 2494 1366 2569 ῶς

182 2594 326 2680 βασιλεὺς
348 2594 479 2678 πέμπων
511 2597 576 2661 υἱόν
601 2593 732 2681 βασιλέα
761 2593 920 2677 ἐπεμψεν,
952 2593 995 2669 ὡς
1018 2597 1096 2660 θεὸν
1125 2595 1292 2679 ἐπεμψεν,
1324 2598 1366 2672 ὡς

150 2720 154 2727 ’
182 2701 351 2781 ἄνθρωπον
373 2701 449 2781 πρός
472 2699 660 2782 ἀνθρώπους
683 2698 830 2782 ἐπεμψεν,
856 2698 898 2773 ώς
922 2697 1033 2776 σώζων
1055 2699 1207 2782 ἔπεμψεν,
1233 2702 1279 2778 ώς
1302 2701 1364 2766 πεί·

182 2807 262 2882 um,
285 2805 321 2866 οὐ
346 2803 542 2888 βιαζόμενος·
575 2804 626 2890 βία
649 2806 709 2887 γάρ
737 2805 772 2866 οὐ
795 2803 942 2885 πρόσεστι
974 2809 1017 2884 τῷ
1041 2805 1120 2884 θεῷ.
1168 2808 1198 2870 5.
1224 2806 1365 2890 ἐπεμψεν

182 2906 224 2982 ώς
247 2907 365 2986 καλῶν,
389 2909 425 2971 οὐ
448 2908 589 2971 διώκωνΙ
613 2906 750 2990 ἐπεμψεν
774 2907 816 2982 ὡς
840 2908 980 2990 ἀγαπῶν,
1005 2908 1040 2969 οὐ
1056 2905 1184 2988 κρίνων.
1234 2913 1266 2976 6.
1291 2910 1364 2993 πέμ·

143 3041 169 3080 ιι
184 3011 234 3094 ψει
257 3014 318 3095 γὰρ
330 3014 424 3076 αὐτόν
446 3013 609 3095 κρίνοντα·
634 3014 686 3075 καί
709 3012 753 3086 τίς
765 3012 859 3074 αὐτοῦ
885 3012 940 3094 τὴν
952 3010 1123 3092 παρουσίαν
1135 3010 1366 3097 umor-tostam

251 3134 269 3185 4
287 3131 381 3198 αὐτοῖς
398 3133 417 3185 h
432 3133 437 3201 Ι
455 3133 486 3187 13
506 3132 522 3189 ὁ
541 3133 615 3204 ήλιος
632 3132 817 3201 8ὐι>ΑίιΙ
842 3132 875 3185 20
892 3134 980 3198 καί>
998 3131 1054 3184 Ah
1078 3133 1082 3197 Ι
1108 3131 1143 3184 22
1162 3127 1364 3208 ἄνθρωπον)

182 3218 237 3272 Ah
253 3218 258 3288 Ι
274 3218 308 3272 25
326 3217 511 3290 ίτιοστήσεται
525 3223 609 3288 :post
627 3220 700 3272 hanc
713 3234 809 3274 vocem
830 3218 957 3285 sequitur
968 3217 1079 3279 lacuna,
1099 3216 1129 3270 in
1148 3217 1169 3271 h
1187 3236 1284 3288 poene
1296 3222 1364 3275 duur

181 3305 271 3359 lineos
290 3307 477 3375 amplectens,
507 3310 536 3361 et
553 3307 583 3359 in
601 3307 728 3376 margine
752 3305 886 3360 librarius
911 3303 1072 3359 adnotavit:
1100 3301 1193 3372 σίίτως
1209 3312 1260 3363 καί
1278 3307 1309 3365 ἐν
1327 3316 1364 3381 τῷ

181 3391 344 3467 ἀντιγράφω
362 3387 444 3466 εὗρον
462 3392 583 3465 ἐγκοπήν
599 3393 787 3450 παλαιοτάτου
807 3390 890 3457 ὄντος
907 3393 934 3461 (ί.
952 3391 1133 3466 παλαιοτάτῳ
1152 3388 1229 3461 ὄντι)
1249 3395 1307 3448 Ah

114 3544 117 3552 .
217 3494 276 3558 VII,
296 3497 319 3551 1.
338 3496 372 3552 οὐ
396 3496 449 3569 γὰρ
477 3495 598 3570 ἐπίγειον
615 3497 685 3566 κτλ]
714 3497 819 3569 ctiori
843 3514 893 3551 nos
920 3497 1015 3551 venire
1042 3511 1135 3561 nequo
1159 3498 1364 3568 archangelum

183 3582 307 3635 Pr.·lust.
327 3582 438 3638 Cohort
458 3600 480 3637 ο.
499 3583 522 3636 8.
551 3614 584 3623 -
611 3580 649 3650 ώς
676 3579 756 3655 ἔφην]
783 3600 873 3651 neque
892 3585 980 3637 ullam
1005 3586 1197 3653 potestatem,
1229 3585 1283 3639 sed
1305 3586 1365 3654 ipso

183 3667 310 3737 Respicit
329 3673 426 3723 auctor
450 3669 487 3722 ad
505 3673 528 3733 5,
548 3673 564 3725 3
583 3674 611 3724 et
639 3669 675 3722 ad
692 3686 756 3738 pro·
783 3671 966 3725 inhominem
986 3688 1016 3724 se
1029 3669 1178 3733 convertit,
1193 3669 1246 3736 qui
1266 3670 1364 3723 αὐτου

183 3753 306 3822 positum
318 3756 475 3818 revertitur,
488 3773 505 3809 a
518 3773 573 3822 quo
586 3755 756 3810 Christiano·
782 3757 896 3821 veniret,
916 3761 947 3811 ut
960 3775 1011 3811 nos
1024 3757 1155 3811 salvaret
1163 3786 1201 3795 —
1211 3754 1364 3828 μυστήρια]

182 3857 243 3893 rum
262 3857 353 3894 morer
366 3842 524 3896 describens
543 3843 691 3910 degressus
704 3847 755 3896 eut.
782 3843 800 3896 i.
813 3861 835 3897 e.
855 3843 939 3912 leger,
962 3844 1063 3911 quibus
1076 3847 1191 3898 creator
1201 3858 1302 3897 rorum
1318 3858 1365 3897 na·

217 3928 241 3980 2.
260 3923 380 3999 ἄγγελον
396 3930 467 3999 κτλ]
495 3928 631 3982 Similiter
647 3931 755 3998 Apoooae
783 3932 874 3983 turum
886 3930 1056 3990 moderatur,
1069 3929 1367 3996 quoequehominum

182 4010 271 4079 lypsis
284 4014 442 4083 Sophoniae
456 4015 498 4068 ed.
509 4015 591 4068 Stern
602 4015 667 4069 1886
685 4034 712 4083 p.
724 4016 756 4070 10
782 4015 956 4070 intellectum
967 4016 1057 4069 latent
1067 4015 1173 4082 (Bohl).
1184 4047 1221 4055 —
1231 4016 1366 4090 στοιχεῖα]

183 4097 690 4170 (Zeituclm'ftsrtraeiyyptiucteSpraolre
698 4104 756 4157 und
783 4108 847 4156 sunt
871 4104 920 4156 aut
946 4101 1037 4155 sidera
1060 4103 1163 4171 posteo
1188 4106 1366 4165 enumerata,

183 4183 418 4240 Αίῖιιταικελαιιάε
428 4186 525 4249 XXIV,
539 4188 598 4254 122)
610 4189 639 4241 et
647 4189 755 4256 Apooa-
782 4188 831 4250 sol,
849 4188 917 4243 luna
935 4193 964 4243 et
982 4187 1081 4243 stellae
1104 4188 1152 4256 (of.
1173 4188 1307 4260 Theoph.
1324 4190 1366 4243 Ad

184 4266 271 4336 lypsis
283 4269 362 4323 Eliue
374 4273 465 4337 (Τοαῖε
478 4275 537 4328 und
553 4274 655 4329 Umero.
669 4275 706 4328 N.
719 4274 754 4328 F.
781 4277 876 4330 Autol.
896 4277 916 4338 1,
935 4276 1024 4342 4-6),
1044 4274 1095 4326 aut
1113 4273 1273 4330 duodecim
1285 4277 1367 4347 signa

184 4352 217 4415 ll,
236 4352 267 4406 3·
285 4372 311 4424 p.
330 4357 390 4426 69):
425 4356 489 4413 Non
516 4360 648 4428 angelum
672 4361 756 4414 iussit
782 4360 896 4416 Zodiuci
921 4362 968 4433 (cf.
988 4359 1088 4430 upipu
1107 4359 1143 4414 H.
1163 4362 1197 4417 16
1225 4379 1251 4419 o.
1272 4366 1308 4435 2>
1336 4394 1367 4404 -
