2834 5018
438 685 505 741 VIS.
527 684 573 750 111,
594 684 634 751 13,
655 685 792 741 l-VIS.
812 684 857 750 lv,
878 687 900 750 1,
919 687 944 742 3.
1214 692 1277 757 459

197 861 257 930 13.
282 864 392 931 Tertia
414 869 521 930 antem
542 865 662 929 visione
683 864 791 928 vidisti
823 886 892 929 eam
913 864 1058 929 iuvenem
1081 869 1114 929 et
1134 865 1280 950 pulcram

104 974 137 1033 et
159 969 295 1034 hilarem
324 974 358 1034 et
375 969 520 1053 pulcram
549 969 687 1053 speciem
715 969 791 1033 eius.
838 971 868 1032 2.
892 967 982 1034 Sicut
1004 970 1100 1046 enim,
1134 970 1162 1035 si
1184 970 1280 1037 alicui

104 1074 190 1139 tristi
212 1074 333 1139 venerit
354 1074 485 1138 nuntius
508 1072 622 1158 aliquis
644 1073 763 1151 bonus,
794 1072 903 1137 statim
925 1073 1043 1137 oblitus
1066 1078 1115 1138 est
1136 1075 1280 1158 priorum

103 1179 307 1244 tristitiarum
328 1178 472 1263 nihilque
495 1178 582 1243 aliud
596 1182 761 1262 exspectat
782 1177 844 1242 nisi
858 1177 1014 1253 nuntium,
1040 1200 1133 1263 quem
1148 1179 1277 1255 audivit,

104 1289 137 1349 et
160 1284 357 1349 confortatur
372 1284 518 1367 deinceps
541 1283 672 1347 inbono
696 1286 727 1346 et
749 1286 918 1346 renovatur
941 1282 1007 1346 eius
1026 1283 1156 1366 spiritus
1178 1304 1305 1367 prop-s

104 1393 154 1453 ter
175 1388 339 1473 gaudium,
374 1387 457 1472 quod
480 1387 619 1471 accepit:
649 1387 696 1451 ita
719 1390 751 1450 et
771 1408 828 1451 vos
857 1387 1091 1452 renovationem
1113 1387 1279 1465 accepistis

104 1491 276 1576 spirituum
297 1496 474 1555 vestrorum
496 1490 638 1554 videntes
660 1491 739 1555 haec
760 1492 853 1556 bona.
900 1493 929 1556 3.
954 1493 998 1557 Et
1020 1491 1170 1576 quoniam
1185 1512 1281 1576 super

104 1595 291 1660 subsellium
313 1595 422 1659 vidisti
443 1596 622 1673 sedentem,
647 1594 739 1660 fortis
761 1597 896 1680 positio,
929 1598 1005 1682 quia
1026 1601 1163 1682 quatuor
1184 1597 1280 1680 pedes

104 1701 203 1765 habet
225 1700 412 1765 subsellium
434 1704 467 1763 et
490 1699 617 1764 fortiter
638 1704 719 1776 stat3
753 1724 829 1765 nam
851 1703 1039 1766 otmundus
1065 1722 1123 1785 per
1145 1705 1281 1785 quatuor

105 1805 262 1870 elementa
276 1804 462 1869 continetur.
503 1804 533 1867 4.
557 1802 619 1880 Qui
633 1805 734 1888 igitur
748 1805 888 1888 perfecte
902 1806 1130 1889 paenitentiam
1146 1806 1278 1890 egerint,
1294 1834 1320 1873 ro

104 1909 178 1973 novi
193 1914 285 1973 erunt
308 1912 340 1972 et
354 1908 488 1984 fundati,
511 1908 543 1984 ii,
568 1908 678 1991 quiex
700 1912 877 1975 totocorde
899 1911 1126 1994 paenitentiam
1147 1909 1279 1994 egerint.

105 2012 214 2077 Habes
236 2012 412 2097 perfectam
435 2012 678 2090 revelationem,
709 2036 768 2078 nec
791 2016 963 2100 quidquam
986 2014 1123 2098 amplius
1146 2034 1280 2099 quaeras

106 2120 144 2182 de
166 2117 375 2191 revelatione3
406 2117 585 2181 sinautem
609 2119 683 2202 quid
713 2140 839 2184 necesse
861 2120 972 2198 fuerit,
996 2119 1189 2183 revelabitur
1210 2118 1280 2184 tibi.

606 2291 697 2357 Visio
719 2291 775 2369 IV,

196 2429 230 2496 1.
255 2453 352 2516 quam
373 2431 447 2506 vidi,
464 2428 589 2506 fratres,
614 2431 724 2495 diebus
745 2431 860 2516 viginti
875 2437 950 2515 post
963 2433 1102 2518 priorem
1116 2434 1278 2510 visionem,
1296 2454 1322 2494 rr

105 2537 138 2601 in
161 2537 296 2621 figuram
317 2534 534 2600 tribulationis
560 2534 763 2599 advenientis.
810 2537 839 2598 2.
864 2534 956 2600 Ibam
978 2537 1011 2602 in
1041 2558 1153 2622 agrum
1175 2537 1208 2601 in
1230 2537 1283 2602 via

105 2663 269 2726 campana.
315 2639 346 2705 A
368 2641 420 2704 via
442 2639 572 2723 publica
587 2640 678 2703 abest
701 2638 767 2703 fero
790 2640 895 2704 stadia
914 2641 1037 2713 deccm;
1060 2641 1154 2705 facile
1177 2645 1283 2706 autem

105 2749 166 2811 iter
187 2746 224 2810 fit
245 2767 303 2829 per
325 2743 432 2809 locum
453 2744 560 2807 istum.
606 2744 635 2808 3.
661 2742 754 2809 Solus
779 2765 855 2830 ergo
886 2745 1052 2810 ambulans
1078 2767 1158 2830 rogo
1181 2746 1283 2811 domi·

105 2875 191 2929 num,
214 2855 251 2914 ut
272 2849 480 2914 revelationes
504 2870 540 2913 ac
562 2849 717 2927 visiones,
750 2872 828 2934 quas
850 2851 930 2915 mihi
951 2850 1089 2915 ostendit
1110 2872 1168 2935 per
1190 2873 1283 2916 sanc·

105 2961 173 3021 tam
194 2955 371 3020 Ecclesiam
393 2975 491 3030 suam
515 2953 678 3037 perficiat,
710 2959 747 3019 ut
768 2977 820 3019 me
848 2956 1006 3021 confortet
1035 2977 1072 3020 ac
1095 2956 1148 3020 det
1169 2956 1281 3040 paeni·
1297 2977 1323 3015 ao

105 3061 239 3124 tentiam
267 3059 366 3123 servis
398 3058 481 3135 suis,
518 3057 572 3141 qui
603 3063 831 3140 peccaverunt,
866 3065 904 3124 ut
932 3062 1139 3140 plonficetur
1166 3080 1284 3125 nomen

106 3171 213 3247 ipsius
235 3182 389 3244 moenum
412 3166 444 3226 et
466 3160 652 3246 gloriosum,
677 3163 761 3245 quod
782 3184 832 3226 me
855 3163 987 3248 dignum
1007 3164 1207 3239 existimavit,
1233 3164 1284 3228 cui

176 3353 210 3407 23
228 3354 272 3407 Ps.
292 3352 333 3416 85,
353 3352 377 3405 9.
398 3354 444 3414 123
462 3351 504 3416 98,
524 3351 548 3405 3.

106 3562 141 3570 -
159 3551 182 3587 τ.
201 3528 342 3599 καμπανῇ]
370 3528 482 3582 Priores
512 3528 931 3598 interpreteelNebenstrosse),
959 3527 1081 3596 quaein
1104 3528 1221 3581 dextera
1238 3524 1284 3579 'l'i-

106 3618 180 3672 hanc
196 3631 294 3670 vocem
321 3615 356 3667 de
380 3614 428 3668 via
445 3616 541 3684 Appia
564 3615 608 3668 vel
627 3615 682 3669 Do·
707 3616 783 3671 beris
801 3617 865 3687 ripa
882 3617 924 3684 (in
943 3616 1057 3670 sinistra
1069 3616 1130 3669 erat
1145 3613 1193 3666 via
1210 3611 1284 3667 Osti-

106 3705 227 3759 mitiana
238 3703 444 3765 intellexerunt,
464 3702 531 3771 quia
543 3701 609 3757 illae
620 3700 683 3756 viae
710 3705 796 3771 ensis)
814 3704 904 3758 Roma
915 3704 1031 3758 Portum
1048 3700 1171 3756 ducebat
1190 3702 1220 3754 et
1235 3715 1283 3768 po-

106 3793 208 3848 Cumas
235 3791 358 3853 ducunt,
390 3790 465 3857 quod
492 3788 523 3842 in
547 3789 684 3859 oppidum
710 3790 822 3846 steriori
849 3793 977 3859 tempore
1004 3788 1055 3842 sub
1081 3787 1194 3843 nomine
1221 3786 1284 3840 viae

106 3878 226 3933 Hamas
245 3876 303 3932 Vis.
323 3876 343 3941 I,
363 3876 429 3940 1‚3;
448 3875 482 3940 ll,
503 3878 557 3939 1,1
578 3892 607 3930 se
619 3894 683 3946 pro·
709 3878 872 3935 Portuensis
900 3876 947 3929 via
973 3873 1087 3945 publica
1114 3872 1285 3944 (germanice

105 3967 212 4021 fectum
232 3981 291 4019 esse
303 3962 383 4017 dixit.
407 3963 514 4018 Eadem
527 3979 561 4017 ex
573 3963 684 4018 ratione
710 3967 813 4022 Stoats·
833 3965 878 4019 vel
896 3966 1103 4032 Houptctrasre)
1130 3961 1209 4015 facta
1233 3962 1285 4014 est.

105 4052 239 4105 Hamack
257 4051 292 4105 de
310 4050 358 4105 via
376 4049 522 4121 Campana
540 4049 684 4121 cogitavit,
710 4083 745 4094 -
763 4074 787 4111 τ.
805 4052 946 4124 δημοσίας]
969 4051 986 4104 i.
1010 4067 1033 4104 e.
1058 4049 1120 4103 viae
1144 4046 1285 4101 Aureliae.

107 4154 180 4207 quae
209 4139 306 4208 Capua
329 4137 463 4191 Puteolos
491 4137 578 4191 ducit.
616 4136 684 4192 com
711 4141 811 4194 Errare
832 4137 979 4200 videntur,
1006 4137 1055 4204 qui
1078 4141 1128 4207 τὴν
1151 4133 1219 4192 ὁδὸν
1236 4139 1286 4205 τὴν

106 4229 202 4280 autem
227 4227 254 4280 h.
273 4227 290 4278 l.
318 4229 352 4296 τῇ
376 4224 432 4300 ὁδῷ
458 4228 491 4296 τῇ
514 4228 646 4295 sauneri
668 4226 685 4295 ἡ
710 4230 844 4298 δημοσίαν
867 4225 984 4279 eandem
1002 4223 1079 4277 viam
1097 4238 1158 4276 esse
1184 4237 1217 4274 ac
1236 4225 1286 4292 rba

105 4315 172 4381 ὁδὸς
184 4318 200 4386 ὴ
213 4316 330 4384 δημοσία
342 4314 509 4381 opponatur,
530 4312 606 4367 Zahn
621 4311 649 4379 (l
661 4328 682 4366 c.
709 4318 856 4385 καμπανὴν
874 4312 1055 4366 contendunt.
1091 4308 1121 4364 Si
1138 4308 1180 4362 ita
1202 4309 1285 4370 esset,

105 4421 132 4473 p.
152 4402 272 4462 84-863
297 4400 332 4453 cf.
353 4399 384 4454 G.
405 4399 436 4454 G.
456 4399 488 4452 A.
508 4400 576 4454 1878
592 4417 619 4468 p.
638 4399 685 4468 42)
711 4404 810 4455 auctor
827 4412 876 4471 τῆς
892 4409 1037 4468 munero<
1055 4396 1218 4467 repetiisset
1236 4399 1285 4450 aut

105 4493 182 4544 recte
209 4489 279 4542 mibi
307 4489 439 4543 statuisse
467 4485 598 4553 videtur,
634 4494 685 4562 τὴν
710 4486 877 4556 simpliciter
895 4498 943 4556 τῆς
961 4483 1029 4542 ὁδοῦ
1046 4484 1214 4553 scripsisset

104 4579 173 4636 ὁδὸν
190 4582 240 4650 τὴν
256 4582 404 4648 καμπανὴν
429 4592 491 4631 csse
515 4575 592 4629 viam
611 4591 684 4629 cam·
745 4575 769 4629 3.
806 4570 1073 4642 demembratum]
1113 4571 1155 4627 cf.
1191 4568 1285 4624 Mand.

104 4681 211 4736 panam
239 4662 411 4734 (germanice
438 4661 611 4717 Feldstrasac
638 4661 684 4715 vel
710 4660 783 4725 Vlll,
805 4658 844 4715 10.
