2834 5018
529 623 597 679 SIM.
616 625 663 689 IX,
682 623 724 689 28,
743 623 836 688 5-30,
857 624 879 678 1.
1224 629 1286 694 627

115 823 245 879 nomen,
280 804 373 868 deum
406 803 582 887 glorificare
616 802 753 881 debetis,
786 803 870 886 quod
888 823 944 866 vos
967 802 1078 887 dignos
1102 802 1293 868 existimavit

118 907 202 983 deris,
235 912 270 972 ut
292 908 353 973 hoc
374 930 488 973 nomen
519 907 631 972 feratis
654 911 686 971 et
714 907 820 971 omnia
840 910 971 990 peccata
999 912 1105 972 vestra
1133 912 1292 973 sanentur.

117 1016 146 1079 6.
169 1014 287 1078 Beatos
310 1013 409 1098 igitur
437 1034 493 1077 vos
515 1011 711 1096 praedicate3
746 1012 801 1076 sed
823 1031 975 1095 magnum
1003 1032 1083 1094 opus
1104 1032 1159 1075 vos
1181 1012 1294 1077 fecisse

115 1122 235 1202 putate,
257 1118 284 1182 si
307 1118 377 1200 quis
400 1122 540 1182 vestrum
561 1120 691 1199 propter
714 1115 807 1180 deum
828 1136 941 1199 passus
955 1113 1061 1179 fuerit.
1107 1115 1216 1180 Vitam
1236 1118 1293 1180 do·

118 1223 221 1287 minus
244 1222 334 1287 vobis
357 1222 463 1298 donat,
487 1224 519 1285 et
540 1242 604 1285 non
626 1219 831 1305 intellegitis3
856 1218 971 1284 delicta
994 1219 1077 1283 enim
1098 1224 1204 1284 vestra
1218 1241 1320 1304 gra-s

116 1328 168 1391 via
189 1327 374 1404 factasunt,
398 1330 431 1390 et
451 1325 513 1389 nisi
528 1324 614 1408 passi
637 1324 747 1389 essetis
761 1329 891 1408 propter
912 1345 1025 1387 nomen
1045 1323 1173 1402 domini,
1196 1348 1294 1410 prop-

116 1437 165 1495 ter
186 1434 317 1515 peccata
338 1434 442 1494 vestra
462 1429 580 1494 mortui
603 1429 714 1493 essetis
737 1429 805 1493 deo.
852 1430 881 1494 7.
905 1426 995 1493 Haec
1017 1429 1106 1494 vobis
1130 1429 1214 1506 dico,
1240 1431 1294 1514 qui

117 1534 269 1599 dubitatis
293 1534 331 1598 de
359 1533 529 1617 negatione
552 1537 608 1596 aut
637 1531 851 1597 confessione:
884 1533 1076 1598 eonfitemIni
1098 1555 1154 1598 vos
1176 1533 1294 1599 habere

117 1639 285 1716 dominum,
309 1660 350 1702 110
371 1642 523 1721 negantes
555 1636 724 1700 tradamini
746 1638 779 1702 in
802 1638 936 1703 vincula.
984 1640 1012 1703 8.
1037 1637 1071 1703 Si
1094 1643 1204 1723 gentes
1227 1660 1294 1703 ser-

116 1765 172 1809 vos
195 1765 268 1808 suos
290 1743 444 1826 puniunt,
478 1742 506 1806 si
528 1742 599 1826 quis
629 1742 790 1807 dominum
812 1765 903 1808 sunm
924 1743 1101 1827 negaverit,
1135 1743 1210 1827 quid
1232 1766 1293 1828 pu·
1308 1765 1333 1803 ιο

115 1848 193 1913 tatis
214 1848 304 1912 vobis
327 1847 485 1911 facturum
509 1867 576 1910 esse
598 1847 775 1925 dominum,
800 1848 853 1932 qui
876 1848 1092 1912 universorum
1113 1847 1212 1913 habet
1232 1870 1293 1932 po-

116 1954 290 2016 testatem?
313 1951 483 2016 Removete
507 1969 582 2033 ergo
598 1949 636 2013 de
657 1951 850 2031 praecordiis
865 1951 978 2016 vestris
1001 1951 1059 2014 has
1075 1952 1293 2034 cogitationes,

116 2061 152 2120 ut
173 2056 206 2120 in
227 2061 416 2140 perpetuum
437 2055 550 2119 vivatis
572 2054 639 2118 deo.
675 2073 677 2077 ⁴

204 2156 268 2226 29.
292 2161 341 2225 De
364 2161 547 2226 duodecimo
579 2164 685 2224 autem
708 2163 814 2223 monte
842 2159 974 2224 candido
1005 2160 1057 2243 qui
1087 2161 1292 2240 crediderunt,

117 2265 297 2330 huiusmodi
313 2269 401 2329 sunt:
427 2265 509 2329 sIcut
523 2263 648 2348 parvuli
670 2263 807 2328 infantes
823 2269 905 2343 sunt,
931 2265 1045 2348 quibus
1067 2265 1156 2329 nulla
1171 2266 1334 2332 malitiam

118 2371 259 2435 ascendit
281 2371 315 2434 in
337 2370 430 2434 corde
453 2369 569 2453 quique
592 2390 656 2432 non
678 2373 900 2452 cognoverunt,
925 2369 1002 2453 quid
1024 2369 1066 2434 sit
1085 2369 1215 2449 mahtin,
1239 2371 1295 2435 sed

119 2496 241 2558 semper
263 2475 296 2538 in
319 2474 499 2539 sinceritate
530 2477 778 2557 permanserunt.
824 2476 854 2538 2.
879 2473 973 2539 Tales
1006 2474 1105 2558 igitur
1127 2475 1194 2539 sine
1216 2476 1293 2540 hae-

117 2579 264 2643 sItatione
286 2578 477 2643 habitabunt
499 2578 532 2641 in
554 2598 652 2661 regno
675 2577 734 2653 dei,
759 2578 833 2661 quia
854 2579 887 2643 in
909 2577 999 2643 nulla
1020 2600 1053 2642 re
1074 2579 1223 2643 mandata
1245 2579 1294 2643 dei

118 2683 369 2760 maculaverunt,
402 2681 458 2745 sed
490 2703 560 2745 oum
596 2681 774 2746 sinceritate
805 2704 913 2748 omnes
944 2683 1010 2748 dies
1040 2684 1124 2748 vitae
1153 2705 1228 2749 suae
1261 2684 1294 2748 in

118 2789 227 2853 eadem
247 2791 353 2851 mente
374 2791 622 2870 permanserunt.
669 2788 698 2850 3.
724 2785 921 2870 Quicumque
948 2808 1025 2872 ergo
1046 2788 1292 2871 permanseritis,
1308 2806 1333 2845 1ο

116 2892 236 2976 inquit,
269 2897 301 2956 et
323 2893 444 2957 fueritis
467 2892 549 2956 sicut
569 2892 723 2970 infantes,
755 2894 928 2978 nequitiam
950 2915 1014 2958 non
1036 2894 1198 2972 habentes,
1222 2917 1293 2960 om-

117 2999 210 3063 nibus
233 3002 306 3062 ante
335 2996 516 3061 memoratis
547 2995 748 3080 gloriosiores
772 2997 875 3071 eritis;
908 3019 1017 3061 omnes
1050 2999 1133 3062 enim
1155 2998 1294 3063 infantes

118 3101 249 3186 gloriosi
270 3106 344 3166 sunt
367 3101 451 3184 apud
474 3101 566 3164 deum
589 3105 621 3164 01
642 3100 737 3183 primi
759 3102 844 3185 apud
868 3122 948 3166 eum.
994 3102 1086 3166 Beati
1108 3103 1207 3186 igitur
1228 3125 1292 3181 vos,

119 3206 306 3289 quicumque
337 3205 491 3269 malitiam
521 3227 540 3269 a
561 3205 650 3269 vobis
673 3205 884 3281 removeritis,
914 3205 1124 3271 innocontiam
1146 3228 1221 3271 vero
1242 3208 1293 3271 in·

118 3309 266 3381 dueritis;
290 3309 385 3392 primi
407 3310 547 3374 omnium
562 3309 672 3373 vivetis
695 3310 763 3374 deo.
809 3312 839 3374 4.
864 3310 1038 3393 Postquam
1054 3310 1294 3375 similitudinum
1308 3327 1334 3366 2⁶

118 3412 372 3497 explanationem
394 3413 504 3492 finivit,
530 3414 599 3478 dico
622 3413 669 3478 ei:
692 3412 838 3490 Domine,
862 3434 946 3476 nunc
960 3413 1039 3476 mihi
1054 3414 1234 3479 demonstra
1256 3415 1294 3480 de

118 3516 288 3600 lapidibus,
313 3516 368 3598 qui
390 3518 429 3581 de
451 3537 563 3601 campo
586 3516 705 3582 sublati
728 3522 760 3581 01
782 3516 815 3580 in
838 3520 1000 3580 structura·
1017 3517 1114 3600 positi
1136 3522 1210 3581 sunt
1224 3518 1295 3582 loco

117 3620 260 3704 lapidum
283 3641 300 3683 0
323 3621 402 3684 turri
433 3620 646 3698 sublatorum,
679 3625 711 3684 01
740 3620 778 3684 de
807 3619 965 3698 rotundis,
996 3619 1051 3703 qui
1072 3620 1105 3684 in
1136 3627 1295 3686 structura

117 3725 214 3809 positi
237 3729 319 3802 sunt,
344 3729 376 3788 et
398 3725 436 3789 de
457 3725 531 3803 illis,
555 3727 610 3810 qui
632 3726 734 3791 adhuc
755 3725 882 3790 rotundi
904 3729 987 3790 sunt.

208 3825 271 3895 30.
296 3830 395 3910 Audi,
428 3829 547 3914 inquit,
580 3837 612 3896 01
639 3833 677 3896 de
708 3830 759 3895 his
788 3831 941 3895 omnibus.
987 3828 1139 3914 Lapides,
1172 3830 1226 3914 qui
1257 3830 1334 3894 devo

192 4001 205 4054 1
226 3999 238 4052 I
257 3999 331 4054 Petr.
349 4000 374 4062 4,
395 4002 433 4055 13.
456 4000 495 4056 15.
516 4000 562 4064 16;
581 4002 736 4065 101121.
756 4032 790 4040 -
809 4001 825 4055 3
845 4001 945 4056 Matth.
959 4003 983 4067 5,
1003 4002 1042 4057 11.
1063 4001 1106 4063 12;
1125 3999 1189 4053 Luc.
1202 4000 1227 4062 6,
1247 4000 1295 4064 22;

121 4086 227 4141 IPetr.
246 4090 271 4150 4,
292 4088 332 4140 14.
356 4084 562 4142 -2211101111,
584 4087 622 4152 18,
643 4089 666 4145 3.

118 4226 202 4281 modo
229 4225 409 4281 intransitivo
440 4242 590 4295 usurpasse
619 4227 694 4281 vide·
757 4228 781 4280 3.
798 4221 836 4283 ἔσ.
856 4224 930 4293 doct.
942 4225 1041 4298 βρέφη]
1061 4224 1102 4280 Cf.
1116 4224 1211 4279 Mand.
1225 4224 1257 4289 ll,
1271 4226 1295 4279 1.

119 4319 173 4369 tur.
193 4313 258 4367 Alia
267 4312 351 4365 huius
361 4330 429 4366 usus
440 4313 569 4381 exempla
585 4314 695 4368 dosunt.
721 4343 756 4352 -
773 4313 882 4385 πρῶτα]
895 4314 928 4366 ln
940 4312 1006 4366 Sim.
1016 4311 1082 4366 VIII
1094 4315 1210 4366 Hermas
1222 4327 1294 4365 mar·

154 4402 200 4461 29.
222 4403 244 4455 1.
268 4405 349 4468 vr'prca
373 4399 472 4471 βρέφη]
499 4397 541 4453 of.
561 4416 583 4453 c
603 4401 644 4464 24,
664 4403 694 4464 3;
721 4397 828 4468 tyribus
846 4398 951 4467 primas
969 4401 1065 4466 partes
1083 4397 1191 4452 tribuit.

119 4486 212 4540 bland.
232 4487 272 4548 ll,
294 4489 323 4546 l;
351 4483 454 4539 IPetr.
475 4484 504 4547 2,
524 4487 548 4539 2.
577 4518 611 4527 -
638 4487 693 4545 οὐδ.
757 4488 781 4539 4.
802 4485 842 4539 Cf.
862 4502 884 4538 o.
903 4485 927 4547 6,
947 4485 1027 4547 5-8;
1046 4484 1071 4548 9,
1091 4485 1166 4541 1-4.

117 4575 210 4645 κακία]
231 4574 273 4628 ef.
294 4571 351 4626 Vis.
370 4572 417 4636 ΙΠ,
437 4574 460 4635 5,
479 4575 503 4625 4.

1014 4660 1084 4728 lo*
