2834 5018
175 328 240 393 486
607 319 760 375 Ηωποωπ
779 319 921 375 PASTOR

175 503 211 564 τὸ
233 510 354 583 πνεῦμα
384 502 419 562 τδ
447 501 536 583 ἀχιον
565 505 721 575 κατοικεῖ,
750 497 787 559 ού
817 504 912 578 χωρεῖ
940 497 975 557 τδ
1006 497 1107 579 ἄγγος
1140 493 1275 576 ἐκεῖνο,
1306 496 1372 560 ἀλλ

175 604 425 688 ὑπερπλεονάζει.
473 608 502 671 6.
528 604 563 666 τὸ
591 603 741 685 τρυφερὸν
764 598 818 664 ούν
841 612 977 685 πνεῦμα,
1009 602 1052 684 μὴ
1076 601 1157 683 ἔχον
1194 601 1372 686 συνήθειαν

176 712 254 793 μετὰ
277 720 412 794 πονηροῦ
434 709 609 792 πνεύματος
630 715 787 770 κατοικεῖν
817 707 895 791 μηδὲ
917 707 996 789 μετὰ
1018 704 1266 792 σκληρότητος,
1299 707 1371 770 ἀπο·

175 824 271 897 χωρεῖ
294 815 433 877 ἀπὸτοῦ
463 811 634 895 ἀνθρώπου
657 820 712 875 τού
741 811 881 875 τοιούτου
904 812 958 873 καί
980 810 1067 894 ζητεῖ
1095 822 1274 876 κατοικεῖν
1297 815 1371 896 μετὰ

150 920 348 1005 οπραύτητος
371 920 424 982 καί
447 915 588 1001 ἡσυχίας.
635 919 664 981 7.
688 912 755 978 εἶτα
778 916 852 977 ὅταν
875 915 996 997 ἀποστῇ
1019 915 1082 977 ἀπὸ
1107 925 1168 978 τού
1194 915 1371 999 ἀνθρώπου

175 1025 315 1103 ἐκείνου,
339 1021 374 1087 ού
397 1029 554 1098 κατοικεῖ,
586 1019 702 1103 γίνεται
725 1018 742 1081 δ
765 1019 934 1100 ἄνθρωπος
955 1016 1075 1093 ἐκεῖνος
1099 1021 1202 1096 κενὸς
1228 1022 1297 1084 ἀπὸ
1320 1030 1369 1084 τοῦ

175 1129 349 1212 πνεύματος
372 1136 427 1191 τού
442 1126 573 1202 δικαίου,
595 1126 649 1186 καί
671 1125 707 1186 τδ
729 1123 837 1186 λοιπὸν
850 1121 1093 1206 πεπληρωμένος
1119 1133 1191 1199 τοῖς
1214 1126 1368 1208 πνεύμασι

175 1244 238 1309 τοῖς
260 1241 406 1317 πονηροῖς
436 1231 646 1293 ἀκαταστατεῖ
668 1227 700 1291 ἐν
723 1228 809 1312 πάση
840 1226 946 1310 πράξει
974 1228 1088 1307 αὐτού,
1123 1230 1367 1314 περισπώμενος

176 1337 238 1402 ὧδε
260 1339 390 1400 κάκεῖσε
410 1337 472 1398 ἀπὸ
495 1343 557 1398 των
580 1333 765 1416 πνευμάτων
787 1341 849 1396 των
871 1341 1032 1416 πονηρῶν,
1055 1335 1111 1397 καί
1137 1333 1231 1410 δλως
1257 1337 1366 1400 ἀποτυ

138 1442 309 1525 τυφλοῦται
332 1441 394 1503 ἀπὸ
416 1449 471 1522 τῇς
493 1436 629 1511 διανοίας
651 1446 706 1520 τῇς
720 1437 856 1520 ἀγαθῆς.
902 1438 1000 1511 οὕτως
1022 1434 1076 1500 ούν
1103 1439 1281 1524 συμβαίνει
1296 1449 1366 1503 πᾶσι

176 1554 239 1621 τοῖς
264 1543 434 1627 δξυχύλοις.
480 1548 509 1611 8.
536 1541 656 1624 ἀπέχου
685 1538 740 1603 ούν
770 1541 832 1603 ἀπὸ
855 1550 909 1624 τῇς
931 1539 1116 1623 ὀξυχολίας,
1148 1551 1212 1606 τοῦ
1237 1564 1365 1629 πονηρο·

175 1650 270 1713 τάτου
301 1649 493 1734 πνεύματος·
527 1647 652 1710 ἐνδυσαι
683 1645 718 1708 δέ
746 1647 802 1728 τὴν
834 1644 1053 1727 μακροθυμίαν
1082 1648 1141 1709 καί
1171 1648 1365 1730 ἀντίστατῇ

177 1753 327 1840 ὀξυχολίᾳ
348 1758 402 1819 καί
425 1765 463 1839 τῇ
485 1751 603 1834 πικρίᾳ,
625 1751 679 1814 καί
702 1751 759 1833 ἐοη
782 1750 999 1832 εὑρισκόμενος
1022 1751 1102 1833 μετὰ
1126 1760 1188 1835 τῇς
1214 1753 1363 1836 σεμνέτη-

176 1880 229 1935 τος
251 1870 306 1944 τῇς
327 1857 528 1944 ἠγαπημένης
551 1857 611 1919 ύπδ
634 1863 689 1917 τοῦ
711 1853 828 1936 κυρίου.
875 1852 970 1939 βλέπε
992 1851 1067 1933 οὖν,
1101 1853 1236 1938 μήποτε
1259 1877 1363 1938 παρεν

139 1981 164 2019 1⁶
178 1967 330 2049 θυμηθῇς
353 1967 408 2048 τὴν
431 1962 559 2045 ἐντολὴν
582 1960 714 2044 ταύτην·
743 1958 797 2022 ἐάν
820 1961 880 2042 γάρ
902 1959 1016 2043 ταύτης
1038 1967 1093 2041 τῇς
1119 1957 1261 2044 ἐντολῆς
1286 1981 1363 2041 κυρι·

175 2069 287 2153 εύσης,
320 2071 373 2131 καί
404 2070 459 2142 τὰς
482 2067 593 2141 λοιπάς
622 2063 749 2139 ἐντολάς
780 2063 897 2147 δυνὴση
925 2062 1079 2145 φυλάξαι,
1118 2065 1158 2138 ἀς
1185 2086 1240 2128 σοι
1264 2064 1362 2149 μέλλω

176 2173 390 2240 ἐντέλλεσθαι.
438 2175 565 2255 ἰσχυροῦ
588 2170 621 2234 ἐν
652 2171 759 2243 αύταῖς
780 2169 834 2230 καί
863 2166 1050 2250 ἐνδυναμοῦ,
1082 2169 1140 2230 καὶ
1172 2171 1297 2247 πάντες
1319 2170 1361 2232 ἐν·

177 2277 458 2361 δυναμούσθωσαν,
483 2279 550 2340 ὅσοι
574 2274 629 2338 ἐὰν
651 2272 789 2340 θέλωσιν
812 2271 846 2336 ἐν
869 2272 975 2345 αὐταῖς
997 2271 1212 2354 πορεύεσθαι.

666 2448 798 2532 Ἐντολὴ
822 2447 860 2523 ς’.

137 2605 163 2643 ²⁰
268 2589 302 2658 l.
327 2589 547 2675 Ἐνετειλάμην
563 2610 622 2668 σοι,
646 2587 749 2672 φησίν,
773 2587 806 2651 ἐν
822 2596 860 2670 τῇ
875 2585 981 2669 πρώτη
998 2585 1123 2670 ἐντολῇ,
1147 2589 1205 2652 ἵνα
1228 2589 1362 2673 φυλάξῃς

175 2699 231 2779 την
254 2695 355 2760 πίστιν
378 2697 431 2758 καί
455 2697 507 2758 τδν
531 2693 628 2779 φόβον
650 2695 704 2756 καί
726 2695 782 2775 την
803 2692 995 2776 ἐγκράτειαν.
1049 2689 1125 2771 Ναί,
1150 2696 1249 2778 φημί,
1272 2697 1361 2777 κύριε.

176 2800 278 2865 Ἀλλά
300 2811 354 2865 νῦν
370 2798 458 2867 θέλω
482 2820 541 2877 σοι,
557 2797 660 2882 φησίν,
683 2796 822 2881 δηλῶσαι
845 2798 899 2859 καί
922 2797 976 2870 τὰς
998 2795 1148 2878 δυνάμεις
1172 2801 1297 2881 αὐτῶν,
1319 2802 1362 2862 ἵνα

175 2905 307 2989 νοήσης,
341 2903 386 2980 τίς
410 2905 512 2967 αὐτῶν
541 2901 609 2967 τίνα
631 2902 759 2985 δύναμιν
781 2901 847 2984 ἔχει
874 2902 928 2964 καί
956 2898 1133 2983 ἐνέργειαν·
1170 2903 1288 2969 διπλαῖ
1308 2907 1362 2987 γάρ

176 3011 252 3074 εἰσιν
275 3009 308 3073 αί
331 3008 480 3092 ἐνέργειαι
503 3008 623 3071 αὐτῶν·
646 3016 763 3070 κεῖνται
787 3003 841 3070 ούν
863 3006 914 3069 ἐπί
929 3003 1040 3088 δικαίῳ
1063 3007 1120 3068 καί
1137 3006 1259 3093 ἀδίκῳ.
1283 3013 1313 3076 2.
1329 3010 1362 3070 ού

136 3127 162 3165 2⁶
176 3111 230 3177 ούν
253 3113 379 3177 πίστευε
409 3120 454 3196 τῷ
477 3111 606 3195 δικαίῳ,
636 3118 680 3193 τῷ
703 3111 738 3173 δέ
760 3110 859 3194 ἀδίκῳ
882 3112 924 3194 μὴ
951 3109 1138 3193 πιστεύσης·
1175 3114 1216 3175 τὸ
1240 3115 1303 3198 γὰρ
1324 3110 1363 3175 δὶ-

176 3238 266 3279 καιον
289 3218 389 3300 ὀρθὴν
411 3216 483 3279 ὁδδν
506 3215 581 3298 ἔχει,
605 3216 640 3277 τὸ
655 3215 689 3278 δέ
712 3215 820 3278 ἄδικον
836 3212 995 3299 στρεβλὴν.
1043 3211 1130 3276 ἀλλὰ
1154 3217 1197 3279 σὺ
1222 3225 1265 3300 τῇ
1287 3217 1364 3298 ὀρθῇ

177 3320 241 3403 ὁδῷ
255 3321 388 3402 πορεύου
410 3323 464 3384 καί
480 3319 593 3404 ὁμαλῇ,
615 3321 671 3402 τὴν
687 3319 722 3382 δέ
737 3317 888 3403 στρεβλην
905 3319 1008 3380 ἐασον.
1056 3320 1087 3383 3.
1111 3317 1218 3402 ἡγὰρ
1234 3319 1363 3406 στρεβλῖ,

177 3424 248 3499 ὁδὸς
270 3424 391 3510 τρίβους
413 3425 472 3488 οὐκ
494 3425 574 3506 ἔχει,
605 3422 675 3486 ἀλλ’
698 3423 822 3498 ἀνοδίας
845 3425 899 3486 καί
921 3420 1155 3504 προσκύμματοι
1178 3424 1292 3489 πολλὰ
1314 3424 1363 3488 καὶ

177 3528 306 3609 τραχεῖά
341 3528 405 3591 ἐστι
427 3530 481 3590 καί
515 3525 716 3610 ἀκανθώδης.
762 3525 900 3611 βλαβερά
935 3527 989 3588 ούν
1023 3523 1089 3588 ἐστί
1126 3537 1195 3603 τοῖς
1221 3529 1257 3593 έν
1291 3530 1364 3609 αὐτῇ

137 3644 163 3680 ⁸⁰
176 3628 402 3714 πορευομένοις.
449 3635 478 3696 4.
503 3632 532 3695 οἱ
554 3631 589 3694 δὲ
611 3640 649 3714 τῇ
676 3631 759 3714 ὀρθῇ
791 3631 854 3714 ὁδῷ
885 3629 1088 3713 πορευόμενοι
1119 3631 1257 3714 ὁμαλῶς
1287 3653 1364 3713 περ.-

178 3743 309 3796 πατοῠσι
332 3737 386 3797 καί
409 3735 650 3817 ἀπροσκύπτως·
673 3736 827 3818 οὔτεγὰρ
850 3735 980 3817 τραχεῖά
1002 3733 1087 3798 ἐστιν
1111 3738 1190 3800 οὔτε
1214 3736 1363 3803 ἀκανθιθ

245 3853 262 3907 6
280 3851 386 3910 ἐκείνου
406 3854 464 3909 GL’
476 3873 483 3906 t
495 3857 530 3921 >
549 3853 608 3906 L¹A
626 3854 684 3907 Ath
707 3854 712 3923 Ι
738 3851 844 3922 ἐκεῖνος
862 3854 895 3908 L*
908 3854 966 3908 Ath
979 3854 1037 3907 Ant
1050 3872 1057 3906 ε
1070 3855 1157 3922 κενὸς
1176 3856 1219 3920 G,
1233 3861 1272 3927 >
1283 3858 1341 3912 L¹A

178 3939 193 3990 ’ί
212 3941 463 4014 πεπληρωμένονίλ
480 3940 484 4009 Ι
502 3942 534 3995 13
551 3943 596 3997 καί
609 3943 643 4010 τῇ
660 3943 756 4017 πικρίᾳ
765 3944 800 4008 >
812 3941 844 3994 L¹
856 3941 914 3995 Ath
929 3943 934 4010 Ι
952 3942 983 3996 17
1002 3940 1119 4015 ἰσχυροῦ
1133 3942 1188 3998 GA
1197 3944 1262 4012 (L')
1274 3964 1281 3999 :
1294 3943 1364 4018 ἴσχω

177 4018 227 4078 οὖν
245 4025 356 4080 Ath¹L¹
373 4029 378 4098 Ι
396 4027 472 4091 11118
489 4031 536 4084 καί
553 4058 588 4066 -
605 4027 775 4101 πορεύεσθαι
793 4028 844 4083 GA
855 4028 913 4097 (11²)
928 4046 934 4080 ε
947 4031 978 4080 ut
997 4027 1077 4080 w'vae
1098 4029 1169 4095 deo,
1190 4034 1223 4086 εί
1242 4033 1364 4100 quicum·

177 4126 231 4174 que
250 4114 423 4168 servaverint
442 4114 519 4175 haee,
547 4113 642 4168 vivent
660 4114 712 4167 deo
731 4113 766 4166 L¹
790 4116 795 4185 Ι
819 4115 854 4169 ‘20
871 4114 970 4188 πρώτη
982 4133 988 4167 :
1001 4112 1028 4169 α’
1048 4114 1073 4169 G
1096 4117 1100 4184 Ι
1123 4116 1159 4173 21
1180 4116 1364 4193 ἐγκράτειαν

178 4197 382 4260 paenitentiam
400 4199 433 4252 L¹
459 4200 463 4268 Ι
488 4199 521 4253 29
546 4197 819 4272 ἀκανθώδηςεῇ-εί
839 4201 918 4255 ducit
945 4199 982 4253 ad
1009 4199 1166 4260 interitum
1194 4206 1248 4274 (cf.
1267 4205 1364 4262 Μκίίίκ

179 4279 203 4340 1,
223 4279 265 4349 13)
283 4282 314 4335 111
