2834 5018
421 746 553 802 PAPIAE
571 747 798 804 FRAGMENTA
814 749 847 813 11,
865 749 942 804 4-7.
1199 756 1263 822 355

175 925 275 1003 enirn,
305 948 385 1009 quae
408 926 483 992 libri
506 927 673 1005 exhibent,
706 931 829 992 tautam
851 927 927 991 mihi
956 928 1129 994 utilitatem
1151 932 1262 996 afferre

175 1029 411 1106 existimabam,
444 1035 595 1114 quantam
617 1052 671 1108 ea,
697 1052 777 1115 quae
799 1032 871 1096 viva
891 1053 967 1097 voce
990 1037 1023 1097 et
1043 1039 1189 1099 manente
1213 1035 1261 1099 di·

175 1134 321 1198 scimus.“

176 1241 205 1302 5.
230 1238 293 1303 Hic
314 1240 348 1302 id
378 1262 502 1324 quoque
530 1241 760 1304 observandum
791 1247 856 1318 est,
890 1265 961 1306 eum
990 1264 1104 1307 nomen
1135 1242 1261 1308 Ioannis

84 1344 134 1407 bis
167 1364 293 1426 ponere.
339 1345 384 1408 Et
406 1345 543 1428 priorem
574 1345 699 1430 quidem
730 1368 794 1410 una
825 1369 897 1410 cum
919 1346 1015 1411 Petro
1038 1351 1070 1410 et
1092 1345 1206 1411 laoobo
1229 1353 1287 1412 ecs

86 1447 253 1512 Matthaeo
277 1453 310 1512 et
330 1447 462 1533 reliquis
485 1450 638 1533 apostolis
661 1454 811 1528 recenset,
836 1452 913 1515 satis
929 1451 1155 1535 evangelistam
1178 1452 1261 1516 indi-

86 1575 180 1627 cans;
212 1551 348 1618 alterum
380 1558 485 1618 autem
507 1553 673 1633 Ioannem,
704 1554 848 1620 adhibita
870 1555 1023 1619 sermonis
1052 1555 1260 1634 distinctione,

86 1679 158 1720 cum
181 1657 292 1721 ceteris
308 1657 452 1733 collocat,
478 1658 531 1742 qui
547 1663 636 1722 extra
650 1680 816 1723 numerum
831 1664 905 1723 sunt
920 1658 1145 1743 apostolorum,
1168 1682 1261 1744 prae·

87 1783 209 1844 ponens
239 1761 268 1825 ei
291 1760 502 1835 Aristionem3
542 1763 571 1826 6.
596 1768 629 1826 et
660 1763 775 1827 diserte
807 1784 879 1827 eum
907 1763 1128 1846 presbyterum
1159 1769 1260 1843 vocat,

86 1867 133 1930 ita
156 1871 191 1929 ut
222 1887 261 1929 ex
283 1866 334 1929 his
358 1887 483 1951 quoque
512 1887 586 1930 vera
609 1888 676 1931 esse
704 1867 849 1931 videatur
871 1869 1012 1932 narratio
1034 1868 1177 1946 illorum,
1208 1868 1262 1952 qui
1276 1891 1301 1928 ιο

86 1971 164 2035 duos
181 1971 291 2034 eodem
313 1971 438 2035 nomine
454 1971 632 2054 appellatos
655 1971 688 2035 in
701 1970 781 2035 Asia
803 1971 918 2035 vixisse
934 1972 1080 2036 dixerunt
1094 1977 1126 2036 et
1140 1973 1262 2058 Ephesi

85 2097 154 2138 esse
176 2074 237 2138 duo
261 2074 408 2157 sepulcra
430 2073 462 2139 et
484 2081 652 2160 utrumque
668 2075 795 2140 Ioannis
817 2075 971 2141 hactenus
987 2077 1152 2141 nominari.
1199 2077 1260 2143 At·

87 2201 148 2262 que
170 2178 232 2242 hoc
264 2180 512 2245 animadvertere
541 2181 753 2245 necessarium
774 2184 870 2264 puto:
905 2180 1074 2245 verisimile
1097 2184 1145 2245 est
1167 2181 1259 2257 enim,

84 2284 237 2360 alterum,
271 2284 332 2348 nisi
355 2286 426 2367 quis
457 2284 535 2348 velit
557 2286 711 2369 priorem,
736 2283 954 2369 Apocalypsin
977 2285 1105 2350 loannis
1133 2285 1261 2349 nomine

86 2389 271 2471 inscriptam
293 2389 417 2453 vidisse.
465 2390 493 2453 7.
517 2391 561 2454 Et
584 2389 701 2473 Papias
724 2389 864 2473 quidem,
889 2390 927 2453 de
951 2411 1012 2474 quo
1034 2411 1118 2454 nunc
1140 2410 1260 2452 sermo·
1275 2409 1300 2448 rs

84 2523 134 2581 ost,
154 2521 196 2574 ita
214 2525 246 2576 ut
265 2522 370 2592 Papias
388 2524 442 2578 hoc
460 2523 523 2578 loco
542 2524 576 2577 de
595 2540 661 2593 apo·
688 2526 758 2578 duas
776 2524 821 2577 vel
839 2525 897 2577 tres
916 2525 1025 2577 aetates
1049 2524 1260 2591 repraesentan-

84 2607 220 2662 stolorum
233 2609 381 2678 discipulis
394 2614 498 2680 ageret
525 2611 594 2665 Cum
612 2627 660 2664 au·
686 2615 744 2666 tem
762 2627 861 2665 revera
882 2610 926 2663 bis
945 2610 1101 2663 enumerari
1124 2609 1260 2678 potuisse.

83 2697 141 2748 tem
160 2699 249 2749 testes
267 2694 351 2765 plane
370 2696 556 2760 consentiant,
575 2697 660 2752 lectio
686 2729 721 2737 ·-
738 2697 890 2771 προτάξας]
909 2698 971 2751 Hoc
983 2699 1177 2767 argumentum
1189 2697 1261 2751 nihil

83 2781 190 2835 tradita
207 2798 264 2835 non
285 2786 328 2837 est
347 2783 507 2838 deserenda
546 2784 660 2841 Conieo·
687 2784 769 2839 valet
807 2783 890 2849 Quod
906 2783 997 2837 maius
1016 2787 1071 2847 est,
1096 2800 1153 2838 non
1171 2784 1261 2839 solum

83 2872 164 2922 turae
174 2868 286 2922 nonnisi
296 2869 660 2943 ininterpretationescrip-
687 2872 785 2941 primo.
800 2873 850 2925 sed
863 2871 949 2926 etiarn
961 2873 1104 2942 postremo
1118 2871 1179 2926 loco
1191 2873 1261 2941 poni

83 2957 164 3008 turae
192 2955 341 3009 arbitraria
364 2958 500 3012 nituntur.
524 2991 555 2999 —
583 2960 616 3018 οὐ
634 2984 659 3034 y.
686 2960 789 3027 potest.
810 2959 852 3014 Cf.
866 2958 944 3013 Rom.
957 2958 982 3022 9,
996 2960 1078 3021 8-5;
1097 2957 1184 3013 Icor.
1197 2961 1221 3022 9,
1236 2962 1260 3014 5.

84 3041 118 3097 τὰ
137 3039 168 3098 ἐκ
186 3050 243 3098 τῶν
259 3047 371 3116 βιβλίων
388 3046 458 3114 κτλ]
482 3045 545 3101 Non
563 3064 659 3102 omnes
722 3045 746 3099 6.
764 3046 963 3119 πρεσρὗερον]
983 3046 1085 3098 Mirum
1102 3050 1156 3108 est,
1184 3046 1260 3114 quod

84 3128 170 3182 libros
201 3130 303 3200 Papias
336 3136 401 3186 ante
436 3134 532 3187 oculos
565 3134 659 3198 habet,
686 3131 823 3185 Eusebius
841 3132 895 3186 hoc
919 3136 1016 3202 urget,
1046 3148 1109 3185 cunr
1132 3132 1260 3201 protinus

83 3217 132 3269 sed
152 3234 207 3280 eos,
227 3220 275 3284 qui
303 3220 337 3273 de
365 3219 540 3273 sermonibus
566 3219 660 3274 Domi·
686 3235 711 3271 v.
731 3221 747 3273 7
766 3218 879 3272 eosdem
899 3220 987 3283 viros,
1007 3235 1077 3285 quos
1095 3218 1199 3288 Papias
1219 3236 1259 3274 se-

84 3305 120 3365 ni,
143 3322 213 3372 quos
233 3306 293 3375 ipse
312 3306 452 3360 illustrare
469 3306 544 3369 vult,
564 3310 659 3377 agunt,
686 3304 780 3358 niores
800 3309 895 3367 vocat,
919 3305 1062 3375 apostolos
1087 3305 1213 3375 appellet
1231 3310 1260 3361 et

84 3408 132 3444 eos
151 3394 246 3445 autern
265 3393 337 3446 false
350 3394 580 3463 interpretantur.
617 3394 658 3450 uf.
687 3391 846 3446 Denronstr.
865 3409 963 3463 evang.
982 3392 1028 3453 ΙΙΙ,
1047 3395 1070 3456 5,
1087 3392 1121 3447 88
1138 3410 1259 3462 pronun-

83 3478 174 3541 Zahn‚
201 3480 354 3536 Gescbicbte
384 3484 431 3538 des
459 3489 569 3538 netues.
601 3483 658 3537 Ko-
686 3479 897 3541 tict,10annem
910 3480 1070 3549 apostolum
1088 3479 1117 3532 in
1130 3478 1259 3548 epistulis

83 3584 152 3621 »etms
185 3568 213 3626 1.
242 3567 389 3623 862-868.
431 3602 466 3609 -
507 3569 595 3641 ζώσης
630 3592 658 3642 φ.
687 3565 811 3636 (ΙΙ-ΙΙΙ)
829 3567 941 3620 nonnisi
958 3566 1146 3640 πρεσβύτερον
1165 3582 1193 3619 se
1211 3583 1258 3621 uo·

81 3675 105 3709 κ.
142 3655 289 3725 μενούσης]
334 3656 498 3726 Respiciens
536 3656 659 3711 diotmn:
686 3652 801 3706 minare.
817 3685 851 3693 -
871 3659 921 3724 τὴν
938 3651 1143 3725 locupletent]
1162 3652 1258 3721 Respi-

83 3740 189 3808 scriptu
207 3740 304 3794 littera
323 3747 435 3806 manet,
464 3748 493 3798 et
513 3761 586 3811 quae
604 3744 659 3797 Ire·
687 3739 726 3793 cit
743 3740 821 3793 haud
845 3739 929 3794 dubie
952 3737 1116 3807 Dionysium
1140 3739 1258 3793 Alexan-

82 3843 170 3880 nueus
182 3827 251 3880 Adv.
270 3828 347 3883 haer.
360 3829 407 3893 111,
421 3833 473 3894 2,1
494 3830 528 3884 de
547 3830 658 3885 Gnosti·
685 3826 813 3891 drinum,
842 3828 920 3881 ouius
940 3828 1025 3881 verba
1042 3824 1076 3878 H·
1095 3824 1126 3879 E·
1146 3826 1205 3887 VII,
1224 3826 1259 3880 25

83 3915 122 3968 cis
152 3914 216 3968 viva
242 3931 311 3969 voce
345 3916 528 3970 abutentibus
562 3918 657 3979 refert,
684 3914 802 3981 profert,
822 3915 871 3981 qui
890 3917 984 3967 autem
1002 3929 1059 3965 non
1075 3912 1259 3967 traditionem

82 4003 159 4055 Zahn
178 4002 194 4053 l.
215 4019 237 4055 c.
257 4021 285 4072 p.
298 4003 351 4057 866
369 4002 422 4056 n.l
443 4008 546 4065 censet,
564 4004 657 4058 verbis
685 4000 815 4061 exhibet,
844 4000 894 4055 sed
912 4017 991 4054 suam
1017 4004 1129 4055 tantum
1148 4002 1257 4054 senten-

80 4094 127 4146 καὶ
135 4090 272 4160 μενούσης
283 4106 380 4144 vocem
392 4089 486 4143 vivam
498 4107 596 4145 vocem
608 4090 657 4145 ho·
683 4088 754 4142 tiam
773 4087 944 4157 pronuntiat,
963 4088 1018 4141 duo
1035 4085 1150 4140 Ioannis
1169 4087 1258 4156 sepul-

82 4176 166 4229 minis
195 4177 287 4230 adhuc
313 4176 435 4230 viventis
469 4179 498 4230 et
524 4178 553 4230 in
583 4182 659 4232 terra
685 4192 734 4229 cra
753 4175 867 4242 quidem
885 4178 1098 4236 commemorat,
1123 4190 1175 4228 nec
1192 4190 1258 4229 vero

81 4263 220 4317 versantis
239 4263 286 4329 (cf.
305 4263 318 4315 I
337 4263 398 4317 Cor.
420 4264 458 4323 15,
478 4264 511 4325 6;
535 4264 657 4335 Philipp.
683 4263 771 4327 dicit,
800 4262 850 4315 illu
872 4261 1000 4331 sepulcra
1018 4260 1053 4313 ab
1072 4260 1202 4330 Ephesiis
1221 4261 1258 4315 ad

84 4354 105 4407 l.
125 4352 173 4412 25;
193 4350 288 4404 Ioaun.
309 4351 351 4415 21,
370 4352 415 4416 22)
436 4349 554 4404 definiri.
573 4350 657 4418 Equi·
684 4351 754 4405 duos
767 4350 841 4403 viros
859 4349 950 4403 relata
962 4348 1058 4412 fuisse,
1077 4348 1120 4403 ita
1132 4349 1258 4404 utnobie

82 4438 146 4491 dem
177 4437 382 4499 dubitaverim,
416 4454 484 4489 num
516 4436 658 4505 particula
685 4454 820 4505 quaerere
832 4436 924 4498 liceat,
934 4453 1002 4489 num
1011 4434 1124 4490 Ioannis
1136 4437 1258 4507 apostoli

81 4524 154 4578 adeo
174 4524 302 4592 urgenda
321 4525 366 4579 sit.
685 4526 843 4594 sepulcrum
870 4540 927 4576 non
953 4521 1061 4576 duobus
1085 4522 1154 4578 locis
1181 4541 1257 4578 mon-

117 4613 142 4665 5.
160 4612 211 4681 δίς]
231 4611 292 4667 Hoc
310 4612 446 4667 Eusebius
475 4615 552 4666 recte
580 4610 656 4676 dicit,
684 4613 804 4666 suatum
830 4609 923 4664 fuerit.
961 4608 1002 4663 cf.
1021 4608 1114 4676 Zahn,
1141 4611 1257 4666 Foracb·

80 4715 175 4767 neque
199 4715 265 4753 vero
291 4699 496 4763 consideravit,
525 4674 772 4770 Ioannemluages
789 4696 835 4761 VI,
856 4698 905 4752 119
924 4713 965 4764 sq.

981 4788 1047 4854 23*
