2834 5018
424 623 603 682 serarum
626 624 697 689 rin
718 626 857 690 ra-xru,
877 629 901 681 4.
1210 638 1252 702 95

75 812 239 875 tendentes
262 808 432 873 associans.
480 805 687 871 confiteberis
709 811 840 890 peccata
856 812 920 871 tua.
966 808 1041 872 Non
1065 813 1193 876 accedes
1214 812 1253 875 ad

76 917 250 981 orationem
272 915 307 978 in
330 912 523 978 conscientia
544 910 638 975 mala.
687 911 773 976 Haec
797 915 845 975 est
866 913 917 977 via
939 913 1027 979 lucis.

159 1020 231 1085 XX.
256 1018 320 1083 Via
343 1022 450 1081 autem
473 1017 676 1082 tenebrarum
699 1015 829 1099 obliqua
851 1021 900 1081 est
921 1019 1077 1105 plenaque
1100 1022 1252 1087 maledic·

77 1127 177 1191 tionis.
224 1125 286 1190 nst
308 1125 393 1188 enim
408 1122 460 1186 via
474 1122 586 1186 mortis
602 1126 748 1185 aeternae
764 1143 834 1185 cunr
851 1123 1017 1208 supplicio,
1040 1126 1073 1190 in
1090 1149 1152 1209 qna
1168 1133 1251 1206 sunt,

79 1253 155 1316 quae
178 1229 317 1314 perdunt
350 1227 487 1291 animam
519 1226 697 1290 hominnm:
728 1226 927 1304 idololatria,
951 1230 1130 1306 temeritas,
1155 1231 1279 1297 elatius

79 1339 115 1401 ob
140 1335 335 1421 potentiam,
370 1332 551 1407 simulatio,
576 1352 629 1394 cor
652 1332 784 1414 duplex,
810 1332 1014 1410 adulterium,
1038 1335 1252 1414 homicidium,

79 1441 197 1524 rapina,
221 1438 382 1523 superbia,
406 1437 626 1521 transgressio,
653 1437 753 1513 dolus,
777 1438 913 1514 malitia,
938 1440 1135 1523 arrogantia,
1160 1464 1254 1506 vene-

79 1546 191 1622 ficium,
215 1545 334 1628 magia,
359 1542 500 1616 avaritia,
525 1541 632 1606 nullus
656 1542 707 1606 dei
728 1542 842 1617 timor;
873 1545 903 1606 2.
928 1544 1084 1608 bonomm
1106 1568 1254 1629 persecu·

80 1656 170 1727 tores,
196 1671 304 1714 osores
320 1647 472 1723 veritatis,
497 1652 655 1711 amatores
671 1649 835 1725 mendacii,
853 1670 916 1713 non
932 1656 1156 1733 cognoscentes
1172 1674 1255 1716 mer·

81 1758 184 1820 cedem
200 1754 351 1828 iustitiae,
375 1774 438 1816 non
454 1755 604 1817 adlatret!
626 1755 672 1816 ad
685 1755 803 1817 bonrum
826 1775 884 1817 nec
899 1755 938 1817 ad
960 1754 1078 1819 iustum
1094 1755 1253 1832 iudicium,
1270 1778 1296 1814 10

81 1861 189 1924 viduae
212 1864 244 1923 et
267 1856 391 1943 pupillo
421 1877 485 1920 non
507 1856 723 1933 attendentes,
759 1857 927 1941 vigilantes
949 1879 1012 1922 non
1042 1859 1081 1922 ad
1110 1860 1257 1925 timorem

82 1966 136 2039 dei,
161 1965 218 2029 sed
241 1965 282 2028 ad
304 1962 476 2037 malitiam,
510 1983 529 2024 a
552 1960 667 2044 quibus
690 1961 785 2045 longe
804 1984 841 2025 ac
870 1962 983 2046 procul
1005 1967 1080 2027 sunt
1108 1986 1256 2028 mansue-

82 2072 154 2135 tudo
178 2074 211 2134 et
234 2068 406 2154 patientia,
440 2073 496 2147 qui
519 2068 663 2146 dilianae
685 2087 785 2146 nana,
807 2076 1040 2132 cormectanlar
1062 2088 1256 2132 renrrtnera·

83 2182 213 2253 tionem,
236 2196 299 2238 non
322 2174 510 2237 miserentur
533 2171 652 2255 inopis,
677 2193 740 2234 non
763 2171 910 2236 laborant
931 2173 964 2236 in
988 2173 1124 2257 gratiam
1146 2173 1256 2236 labore

82 2285 111 2344 et
133 2279 292 2344 aerumnis
308 2277 453 2351 confecti,
478 2277 517 2339 ad
533 2277 793 2340 obtrectationem
809 2278 958 2362 prompti,
982 2300 1045 2341 non
1062 2299 1256 2361 cognoscen-
1272 2301 1297 2338 ιο

83 2390 126 2449 tes
150 2389 325 2449 creatorem
341 2405 442 2453 sunm,
468 2384 648 2446 liberorum
665 2388 930 2465 interemptores,
952 2382 985 2446 in
1007 2383 1170 2447 abortione
1186 2403 1256 2445 cor·

83 2494 261 2574 mmpentes
286 2487 335 2551 dei
359 2492 552 2561 creaturam,
584 2492 765 2551 aversantes
788 2509 937 2573 egenum,
968 2488 1183 2573 opprimentes
1208 2487 1258 2551 af-

83 2595 217 2674 flictum,
249 2593 381 2658 divitum
405 2593 568 2670 advocati,
600 2614 776 2677 paupenmr
799 2593 900 2676 iniqui
923 2593 1050 2669 iudices,
1075 2614 1132 2675 per
1153 2591 1259 2656 omnia

83 2704 272 2782 peccatores.

169 2801 255 2866 XXI.
281 2801 429 2885 Aequum
459 2801 556 2885 igitur
587 2805 650 2877 est,
685 2805 720 2864 ut
742 2801 838 2865 homo
868 2803 997 2865 edoctus
1029 2801 1179 2864 mandata
1202 2800 1259 2862 do·
1274 2824 1299 2861 ao

84 2908 167 2981 mini,
194 2910 353 2990 quotquot
376 2905 494 2989 scripta
516 2908 599 2981 sunt,
623 2905 656 2967 in
678 2904 717 2967 iis
741 2906 890 2969 ambulet.
937 2904 998 2980 Qui
1022 2905 1103 2969 enim
1127 2927 1165 2969 ea
1187 2926 1259 2989 per·

83 3013 164 3088 ficit,
190 3013 224 3075 in
256 3032 355 3094 regno
383 3010 432 3073 dei
464 3009 567 3092 gloria
590 3009 820 3085 cumulabitur3
852 3010 906 3093 qui
935 3030 1007 3072 vero
1039 3009 1095 3072 illa
1117 3008 1258 3092 elegerit,

84 3116 178 3180 simul
201 3137 273 3179 cum
296 3114 362 3177 suis
385 3114 535 3197 operibus
559 3114 685 3197 peribit.
731 3114 905 3198 Propterea
927 3113 1130 3188 resurrectio,
1162 3135 1261 3197 prop-

83 3226 168 3285 terea
201 3218 377 3283 retributio.
425 3219 454 3281 2.
479 3218 570 3302 Rogo
600 3240 671 3295 vos,
702 3240 864 3303 proceres,
898 3218 925 3282 si
956 3221 1057 3284 bonae
1088 3216 1261 3281 voluntatis

84 3346 170 3389 meae
193 3321 360 3387 consilium
392 3323 533 3405 accipere
556 3322 677 3387 velitis:
710 3323 835 3387 habetis
864 3323 1041 3399 vobiscum,
1073 3322 1187 3406 quibus
1210 3320 1261 3384 fa·
1275 3342 1301 3382 aa

85 3430 175 3493 ciatis
198 3429 333 3497 bonum;
358 3449 398 3490 ne
422 3426 608 3490 defeceritis.
655 3428 685 3490 3.
709 3426 812 3511 Prope
835 3430 883 3491 est
906 3427 987 3503 dies,
1011 3427 1044 3490 in
1068 3450 1130 3511 qua
1156 3427 1262 3491 omnia

85 3555 155 3596 cum
172 3533 258 3597 malo
275 3532 443 3616 peribunt;
463 3551 570 3614 prope
585 3540 637 3596 esc
651 3533 802 3595 dorniaus
818 3541 851 3596 et
865 3551 992 3595 merces
1004 3538 1084 3596 eius.
1109 3533 1138 3594 4.
1155 3531 1262 3596 Etiam

139 3686 169 3741 11
182 3685 262 3739 Rom.
273 3687 311 3748 12,
319 3686 385 3738 9.-
394 3686 425 3739 13
434 3684 479 3737 Ps.
487 3686 511 3747 4,
520 3684 544 3738 3.
553 3716 586 3725 -
596 3685 687 3738 141εε.
697 3688 718 3748 1,
730 3684 769 3739 13.
780 3716 813 3724 -
825 3687 856 3739 16
867 3685 930 3754 Sap.
942 3689 965 3747 5.
974 3689 1014 3741 12.
1023 3717 1058 3727 -
1067 3687 1100 3741 26
1112 3687 1161 3740 les.
1169 3689 1211 3747 40,
1224 3688 1262 3742 10.

120 3812 182 3864 2:
196 3811 256 3867 115,
270 3811 293 3863 2.
313 3839 348 3847 -
364 3813 435 3886 χήρᾳ
446 3831 470 3865 κ.
491 3810 514 3866 d.
528 3810 562 3866 οὐ
579 3830 664 3882 προσ·
726 3810 802 3862 2-4.
821 3810 901 3863 Hanc
924 3811 1094 3879 particulam
1121 3809 1264 3863 nonnullis

87 3898 207 3970 ἔχοντες]
228 3897 269 3951 cf.
293 3897 345 3950 lac.
368 3900 389 3958 1,
409 3899 450 3950 27.
482 3897 550 3950 Cum
567 3897 664 3950 viduis
690 3897 782 3951 verbis
802 3896 909 3951 omissis
923 3898 1050 3951 Canones
1070 3899 1159 3965 apost.
1179 3895 1265 3949 eecle-

88 4002 119 4038 ac
138 3983 257 4055 pupillis
276 3982 398 4036 maxime
412 4000 482 4052 opus
502 3986 553 4047 est,
573 3987 605 4037 ut
618 3984 664 4037 de-
676 3984 679 4027 l
692 3984 798 4037 siastici
818 4001 839 4037 c.
861 3986 893 4039 14
911 3985 1061 4038 Doctrinae
1082 3984 1156 4045 1-4‚
1176 3982 1193 4036 8
1218 3984 1264 4036 ad-

76 4072 241 4126 'fendantur
260 4073 289 4123 et
306 4071 380 4124 iuste
398 4070 577 4131 indicentur,
596 4071 664 4124 Bar·
677 4098 679 4137 l
691 4072 819 4141 iungunt.

88 4160 175 4213 nabas
196 4173 324 4211 sermone
343 4158 378 4211 de
403 4159 477 4212 iusto
496 4158 541 4212 vel
560 4157 679 4219 iniusto!
727 4161 751 4212 2.
770 4155 845 4230 ἔχετε
862 4159 932 4228 κτλ]
952 4157 993 4213 Of.
1013 4158 1109 4211 Ioann,
1130 4159 1169 4217 12,
1189 4158 1212 4211 8,
1232 4188 1266 4197 -

89 4245 192 4300 indicio
210 4245 397 4314 praecedente
410 4247 503 4298 motus
517 4261 577 4297 esse
590 4245 664 4297 vide-
677 4222 679 4263 Ε
692 4242 846 4318 ἐργάσεσθε
853 4245 922 4315 κτλ]
932 4245 973 4300 cf.
983 4244 1043 4299 Gal.
1051 4246 1075 4301 6.
1085 4243 1113 4306 9;
1133 4244 1157 4297 Il
1169 4245 1264 4299 Thess.

89 4338 140 4391 tur,
154 4336 186 4385 ut
196 4333 267 4385 haec
277 4331 363 4384 verba
372 4329 525 4385 Doctrinae
538 4332 664 4386 adderet.
677 4364 680 4393 :
693 4333 716 4392 3,
738 4333 777 4385 13.

123 4418 194 4479 XXI,
216 4420 239 4472 1.
259 4416 360 4486 ἐκεῖνα]
380 4416 397 4470 i.
417 4433 440 4469 e.
460 4435 533 4484 quae
553 4406 680 4473 divinae?
728 4421 751 4473 3.
772 4417 862 4491 ἐγγύς]
883 4418 923 4472 cf.
943 4417 1012 4472 Phil.
1032 4420 1056 4480 4,
1076 4420 1107 4473 5:
1127 4418 1180 4473 lac.
1199 4420 1223 4479 5,
1237 4419 1266 4480 9;

90 4506 230 4561 voluntati
249 4508 314 4557 sunt
334 4504 488 4566 contraria,
509 4506 543 4559 de
562 4500 778 4575 quibusssdpoc.
800 4507 821 4566 l,
843 4507 871 4566 3;
899 4505 944 4565 22,
966 4505 1006 4562 10.
1035 4537 1069 4544 -
1095 4505 1190 4579 κύριος
1206 4504 1266 4562 κ.ὁ

92 4610 113 4645 e.
130 4594 164 4648 20
182 4595 278 4647 suerat
297 4608 396 4645 senno.
677 4598 680 4645 1
691 4592 806 4661 μισθός]
827 4591 868 4646 ef.
889 4592 901 4645 I
920 4590 1004 4645 Clem.
1024 4592 1065 4657 34,
1086 4593 1109 4648 3.
