2834 5018
320 306 324 317 r
702 312 718 323 ..
729 312 743 321 ι-

1223 328 1241 333 .-
1269 330 1273 335 .
1327 330 1355 337 ...n

754 314 772 321 ιιι
780 312 819 323 ιιι·-
829 312 1218 333 ffl-l—--u—-nnm-m---nn—
1243 328 1265 335 ιιι

416 644 464 696 AD
484 643 703 700 SMYRNAEOS
722 647 768 710 ΙΙΙ,
788 646 872 710 2-0,
894 651 915 703 1.
1190 653 1252 717 270

74 822 213 904 Propter
234 822 296 886 hoc
311 823 408 887 etiam
430 827 564 888 mortem
580 829 837 908 contempserunt
860 831 891 890 et
907 826 1017 891 mortis
1040 832 1115 892 sunt
1135 827 1253 892 inventi

74 928 218 992 victores.
265 929 295 992 3.
326 928 404 991 Post
436 929 696 993 resurrectionem
725 934 831 993 autem
861 931 1026 999 cumillis
1057 933 1193 996 comedit
1222 939 1253 996 et

73 1032 155 1096 bibit
178 1038 214 1096 ut
238 1033 383 1109 carnalis,
409 1034 553 1117 quamvis
576 1033 784 1117 spiritualiter
804 1035 911 1099 unitus
934 1041 1017 1101 esset
1039 1037 1132 1120 patri.

161 1136 217 1201 IV.
242 1137 291 1201 De
320 1137 369 1200 his
404 1141 510 1201 autem
533 1138 685 1202 admoneo
715 1161 787 1217 vos,
822 1140 992 1217 carissimi,
1025 1141 1167 1225 quamvis
1198 1163 1252 1204 vos

73 1242 157 1305 idenr
180 1243 297 1306 sentire
319 1243 425 1306 sciam.
472 1241 533 1306 Sed
556 1243 741 1326 praemunio
775 1267 829 1310 vos
861 1251 970 1310 contra
1001 1245 1084 1310 feras
1113 1246 1279 1309 humana⁶

74 1347 180 1429 specie
203 1348 347 1422 indutas,
379 1369 456 1431 quas
480 1368 543 1411 non
567 1346 670 1411 solum
692 1354 819 1431 oportet
841 1372 897 1414 vos
919 1373 984 1414 non
1008 1349 1163 1433 recipere,
1188 1350 1251 1426 sed,

73 1451 101 1514 si
126 1451 278 1534 possibile
294 1457 350 1530 est,
376 1473 479 1535 neque
495 1453 622 1516 obviam
644 1451 683 1515 iis
700 1452 776 1530 fieri,
802 1454 905 1518 solum
928 1477 1002 1520 vero
1017 1476 1076 1539 pro
1100 1455 1139 1518 iis
1154 1476 1252 1525 orare,

71 1579 150 1619 num
174 1555 314 1640 aliquam
337 1557 566 1640 paenitentiam
589 1562 706 1640 agant,
740 1559 824 1641 quod
847 1559 1017 1624 admodum
1041 1558 1171 1623 difficile
1195 1563 1251 1623 est.

72 1660 178 1723 Huius
202 1666 309 1725 autem
330 1665 523 1744 potestatem
546 1660 646 1725 habet
667 1661 756 1725 lesus
772 1661 925 1741 Christus,
951 1664 1005 1748 qui
1028 1685 1103 1727 vera
1125 1668 1173 1727 est
1188 1664 1253 1727 vita

70 1770 190 1828 nostra.
238 1767 268 1829 2.
294 1765 327 1829 Si
351 1770 456 1830 autem
489 1765 568 1829 illud
600 1767 640 1829 ad
676 1768 894 1850 apparentiam
924 1773 1049 1832 tantum
1079 1792 1097 1832 a
1126 1768 1251 1833 domino
1266 1783 1290 1821 1⁰

70 1874 182 1934 nostro
199 1875 362 1953 peractum
379 1875 437 1947 est,
463 1874 494 1933 et
517 1890 577 1953 ego
594 1871 634 1934 ad
656 1871 875 1955 apparentiam
891 1877 1016 1936 tantum
1033 1873 1156 1936 vinctus
1173 1894 1250 1935 sum.

71 1973 136 2037 Cur
160 1997 234 2037 vero
259 1980 291 2039 et
313 1976 470 2059 meipsum
492 1974 608 2039 tradidi
631 1976 742 2052 morti,
770 1979 809 2040 ad
831 1977 947 2061 ignem,
973 1977 1012 2040 ad
1036 1976 1187 2060 gladium,
1213 1977 1252 2039 ad

70 2079 218 2142 bestias?
247 2079 367 2143 Verum
391 2080 446 2163 qui
468 2101 568 2163 prope
591 2078 748 2162 gladium,
781 2102 881 2165 prope
905 2081 997 2144 deum
1021 2084 1077 2155 est,
1103 2080 1251 2164 quicum

70 2183 193 2259 bestiis,
219 2206 290 2247 cum
314 2186 371 2249 deo
395 2190 459 2258 est;
484 2185 651 2248 dummodo
674 2184 715 2248 sit
737 2184 770 2248 in
792 2185 918 2248 nomine
940 2184 1012 2248 lesu
1035 2183 1161 2249 Christi.
1206 2185 1251 2250 Ut

70 2287 168 2350 simul
191 2309 262 2351 cum
285 2288 340 2351 illo
363 2290 486 2372 patiar,
520 2289 626 2353 omnia
648 2289 803 2365 sustineo,
828 2288 898 2372 ipso
921 2289 1089 2352 roborante
1112 2311 1171 2364 me,
1197 2289 1250 2372 qui
1265 2302 1290 2340 1⁶

72 2390 234 2474 perfectus
257 2391 353 2456 homo
378 2391 482 2456 factus
506 2397 563 2456 est.

160 2495 199 2558 V.
224 2496 308 2560 Eum
331 2495 423 2559 stulti
447 2496 575 2579 quidam
599 2498 775 2581 abnegant,
810 2497 916 2580 potius
940 2503 1044 2562 autem
1070 2498 1109 2562 ab
1133 2519 1169 2562 eo
1192 2500 1250 2563 ab·

69 2605 240 2684 negantur,
266 2602 392 2684 patroni
415 2602 526 2666 mortis
544 2602 648 2686 magis
672 2624 767 2685 quam
782 2601 940 2677 veritatis;
966 2603 1080 2686 quibus
1102 2624 1160 2667 nec
1175 2625 1249 2686 pro·

68 2705 199 2787 photiae
222 2726 406 2788 persuasere
429 2727 487 2769 nec
510 2704 611 2769 Mosis
633 2705 702 2783 lex,
734 2707 788 2770 sed
811 2727 869 2770 nec
892 2706 1091 2791 evangelium
1111 2707 1144 2771 in
1166 2708 1251 2772 hunc

69 2829 173 2891 usque
196 2809 279 2872 diem
303 2830 405 2892 neque
421 2813 548 2873 nostrae
571 2810 770 2895 singulorum
785 2811 957 2894 passiones.
1004 2813 1033 2875 2.
1059 2811 1142 2876 Nam
1165 2816 1197 2876 et
1213 2813 1250 2876 de
1265 2828 1289 2866 20

143 2980 159 3032 2
179 2981 240 3033 Act.
261 2980 300 3041 10,
319 2981 361 3034 41.

70 3119 111 3173 10.
134 3122 179 3179 11;
199 3121 253 3174 Tit.
274 3121 297 3183 3,
319 3121 357 3175 10.
675 3119 800 3187 loquens,
821 3136 854 3173 ea
871 3118 982 3189 repetit,
1003 3120 1032 3172 et
1043 3118 1120 3172 Elias
1138 3121 1250 3174 Creten·

106 3205 191 3267 2—V,
213 3208 234 3260 1.
256 3207 424 3262 Theodoret.
438 3207 541 3270 Diall,
553 3207 647 3277 Migne
676 3208 714 3260 sis
733 3208 763 3260 in
782 3206 988 3260 Commentario
1013 3207 1050 3260 ad
1069 3207 1128 3260 eius
1147 3206 1249 3260 oratio·

67 3293 114 3353 IV,
135 3296 169 3348 82
188 3298 234 3361 (-
251 3294 419 3365 ἀρνοῦνται).
458 3296 568 3365 Fragm.
593 3311 645 3362 syr.
675 3311 724 3348 nes
743 3294 803 3361 (PG
816 3294 856 3355 36,
875 3293 936 3361 895)
956 3309 990 3347 ea
1004 3293 1041 3346 ad
1059 3293 1250 3347 Didascaliam

69 3381 162 3435 Curet.
183 3383 242 3445 202,
262 3384 313 3438 236
350 3387 396 3454 (-
413 3381 460 3440 ὑπ’
479 3383 584 3453 αὑτοῦ).
612 3415 647 3422 -
674 3382 751 3435 Petri
778 3379 872 3434 refert.
918 3378 1019 3446 Itaque
1047 3378 1173 3449 Ignatiua
1200 3379 1250 3433 illa

68 3468 166 3537 ταῦτα]
187 3485 223 3522 sc.
244 3472 276 3527 τὸ
288 3477 398 3528 παθεῖν.
418 3470 460 3524 cf.
475 3486 497 3523 c.
510 3472 539 3531 2;
559 3469 645 3522 Trall.
673 3467 1019 3524 verbaacribensfortasse
1029 3467 1154 3534 aliquam
1162 3466 1248 3534 scrip-

70 3555 110 3608 10.
142 3586 176 3594 -
204 3552 329 3627 ἔκδοτον]
359 3557 400 3612 cf.
420 3558 482 3610 Act.
501 3557 531 3619 2,
551 3555 592 3608 23.
611 3587 647 3595 -
674 3559 766 3610 turam
780 3556 968 3626 apocrypham
986 3556 1122 3610 inruente
1140 3555 1247 3610 habuit.

68 3640 152 3714 ἐγγὺς
169 3664 234 3714 μοχ.
252 3644 322 3713 κτλ]
343 3643 479 3713 Origenes
498 3644 529 3696 ln
548 3645 644 3696 larem
674 3676 708 3683 —
727 3644 766 3711 εἰς
783 3645 816 3701 τὸ
834 3664 859 3701 σΙ
884 3643 969 3719 αὐτῷ]
1001 3642 1148 3713 Lightfoot
1174 3642 1248 3696 hanc

67 3729 143 3781 hom.
163 3729 256 3792 Las
276 3729 598 3797 (summouisse)
618 3732 647 3783 et
674 3730 844 3800 particulam
875 3748 937 3786 cum
968 3732 1154 3801 praecedente
1184 3747 1247 3784 con·

69 3816 206 3884 Didymus
226 3818 257 3869 ln
274 3816 319 3869 Pa.
338 3816 380 3879 88,
399 3818 416 3871 8
434 3817 494 3885 (Ρο
511 3817 773 3889 39‚1488),iu11git.
802 3849 836 3857 -
862 3819 1032 3889 συμπαθεῖν]
1062 3818 1105 3873 cf.
1124 3817 1202 3872 Rom.
1222 3817 1246 3878 8,

67 3905 203 3972 tanquam
218 3903 324 3957 dictum
338 3905 488 3959 salvatoris
497 3905 645 3974 proferunt
675 3905 715 3958 17.
734 3936 769 3944 -
785 3904 876 3961 πάντα
894 3936 929 3944 -
953 3903 1183 3974 ἐνδυναμοῦντσς]
1205 3903 1246 3958 cf.

68 3990 169 4043 verba:
185 3990 221 4047 Ὃ
232 3989 470 4064 ἐγγύςμονέγγὺς
488 4001 538 4049 τοῦ
549 3992 645 4063 πυρός,
673 3990 795 4060 Philipp.
814 3994 839 4055 4,
860 3993 899 4047 18.

67 4077 132 4133 ddi
158 4078 270 4150 μακρὰν
295 4076 364 4147 ἐμοῦ
388 4078 499 4151 μακρὰν
522 4077 579 4136 ἀπὸ
598 4092 646 4150 τῆς
708 4077 740 4139 V,
762 4079 784 4131 1.
803 4083 949 4151 συνήγοροι
968 4099 991 4134 τ.
1012 4077 1088 4147 dun]
1107 4077 1246 4132 Advocati

66 4167 214 4237 βασιλείας,
234 4165 323 4218 stille
343 4182 372 4218 se
386 4166 472 4219 verba
485 4164 589 4219 alicubi
607 4166 644 4220 le·
672 4165 770 4219 mortis
789 4165 943 4219 adversmfi
961 4164 1153 4235 appellantur,
1179 4182 1246 4231 quo·

68 4252 145 4320 gisse
162 4252 329 4321 praemittit.
351 4251 503 4321 Gregorius
516 4251 582 4305 Nae.
593 4252 644 4322 Ep.
672 4251 748 4305 niam
767 4251 926 4305 doctrinam
943 4252 1058 4306 letalem
1076 4251 1248 4320 spargebant

67 4338 101 4391 20
129 4341 166 4394 ad
195 4341 306 4395 Caesar.
335 4340 395 4409 (PG
413 4340 458 4402 37,
479 4339 523 4409 54)
542 4341 644 4394 verba:
672 4340 719 4409 (of.
738 4337 822 4392 Trall.
842 4339 865 4401 6,
885 4341 914 4401 2;
935 4340 974 4402 11,
996 4340 1033 4409 1),
1062 4337 1166 4392 Christ-i
1184 4356 1247 4407 pas-

67 4427 222 4495 Κάμνονσα
242 4432 315 4498 ψυχὴ
327 4425 409 4498 ἐγγύς
428 4425 486 4483 ἐστι
498 4431 576 4487 θεοῦ,
595 4427 644 4480 Ρσ-
673 4426 780 4480 sionem
799 4426 828 4479 et
852 4423 1086 4479 resurrectionem
1111 4430 1246 4495 negantes

65 4517 111 4566 tro
132 4513 263 4582 apostolo
283 4512 421 4575 attribuit,
439 4512 516 4566 Orat.
531 4511 645 4575 xvuc
673 4511 757 4565 etiam
784 4511 928 4566 hominurn
955 4511 1198 4567 immortalitatem
1216 4511 1246 4565 in

66 4599 125 4667 (PG
140 4601 182 4661 35,
196 4600 266 4666 971),
287 4614 432 4666 auonprne,
445 4599 495 4652 sed
513 4601 547 4653 de
560 4599 644 4653 Petro
673 4597 790 4653 dubium
799 4599 945 4653 vocabant.
958 4630 994 4639 -
1003 4598 1173 4673 εὐαγγέλιον]
1185 4600 1244 4668 Ign.
