2834 5018
450 703 563 758 Mauo.
583 704 603 768 I,
622 706 685 759 2-
698 702 811 759 ΜΑΝΙ).
830 703 863 766 II,
883 705 907 758 6.
1201 710 1281 773 471·

90 882 207 945 abicies
231 905 250 945 a
271 888 304 947 te
327 904 450 948 omnem
479 882 653 967 nequitiam
680 886 713 946 et
742 883 852 946 indues
884 903 1007 946 omnem
1037 883 1178 947 iustitiae
1200 883 1265 947 vir-

88 991 190 1050 tutem
214 993 246 1051 et
268 988 353 1051 vives
377 989 444 1065 deo,
469 989 496 1051 si
519 987 703 1052 custodieris
726 987 787 1050 hoc
809 987 1002 1051 mandatum.

549 1163 735 1229 Mandatum
758 1162 800 1228 ΙΙ.

179 1301 236 1366 Ait
258 1304 354 1367 mihi:
380 1303 624 1387 Simplicitatem
646 1308 719 1368 tene
742 1308 774 1368 et
789 1305 938 1369 innocens
962 1308 1030 1369 esto
1053 1308 1085 1368 et
1100 1305 1161 1369 eris
1184 1307 1266 1373 sicut

88 1406 244 1484 inianter,
263 1408 333 1490 ,qui
361 1408 510 1491 ignorant
539 1408 714 1494 nequitiam
745 1409 844 1473 vitam
877 1409 1040 1473 hominurn
1072 1410 1292 1493 perdentem.⁶

90 1513 120 1572 2.
146 1511 289 1574 Primum
313 1513 350 1575 de
372 1513 496 1576 nemine
519 1513 666 1577 detrahas
688 1534 791 1596 neque
813 1514 948 1578 libenter
971 1514 1079 1579 audias
1097 1514 1265 1579 detrahen-

88 1621 173 1685 tenu
206 1615 254 1679 sin
277 1621 392 1691 autem,
417 1621 448 1681 et
470 1620 515 1691 tu,
541 1617 594 1701 qui
617 1617 725 1695 audis,
749 1619 909 1702 particeps
933 1620 993 1684 eris
1015 1620 1138 1702 peccati
1161 1620 1266 1683 detra·

89 1720 212 1796 hantis,
246 1720 273 1784 si
301 1721 396 1785 fidem
428 1720 576 1785 habueris
610 1722 845 1799 detrectationi,
871 1745 967 1807 quam
999 1724 1104 1795 audis:
1139 1725 1267 1789 credens

90 1824 175 1888 enirn
198 1828 230 1888 et
252 1830 288 1888 tu
310 1826 379 1908 ipse
401 1825 534 1890 habebis
567 1828 677 1889 contra
699 1825 831 1891 fratrem
853 1832 951 1891 tuum.
998 1826 1049 1893 Ita
1071 1828 1170 1912 igitur
1191 1851 1266 1912 par·

91 1930 191 2012 ticeps
223 1930 284 1992 eris
313 1930 436 2012 peccati
467 1928 669 1993 detrahentis.
716 1931 745 1994 3.
771 1930 858 1995 Mala
887 1933 1084 2010 detrectatiO,
1119 1933 1269 1999 instabile
1283 1948 1307 1985 ¹⁰

91 2035 291 2098 claemonium
313 2038 370 2109 est,
394 2056 568 2119 numquam
591 2035 623 2098 in
645 2056 723 2117 pace
746 2036 940 2112 consistam,
972 2036 1081 2100 sedin
1104 2037 1267 2102 discordiis

91 2160 216 2222 semper
238 2138 395 2203 habitans.
442 2138 576 2204 Abstine
599 2140 699 2223 igitur
722 2141 762 2204 ab
785 2161 831 2217 ea,
857 2144 888 2205 et
910 2161 1020 2224 pacem
1042 2141 1175 2207 habebis
1198 2163 1269 2207 cum

90 2243 247 2307 omnibus
294 2246 325 2307 4.
349 2244 448 2308 Indue
471 2249 578 2307 autern
600 2245 799 2328 gravitatem,
823 2245 856 2308 in
879 2268 943 2329 qua
965 2245 1055 2309 nulla
1077 2246 1198 2310 offensa
1221 2250 1269 2310 est

90 2349 210 2432 iniqua,
228 2349 282 2413 sed
305 2349 411 2412 omnia
425 2348 522 2431 plana
544 2352 640 2431 atque
655 2347 748 2413 laeta.
794 2349 916 2413 Exerce
939 2350 1058 2414 bonurn
1074 2355 1106 2414 et
1129 2351 1167 2414 de
1182 2351 1268 2415 fruc·

90 2455 179 2518 tibus
201 2452 347 2518 laborum
369 2457 505 2529 tuorum,
531 2475 610 2537 quos
635 2453 709 2516 deus
732 2454 791 2517 tibi
813 2454 935 2531 tribuit,
960 2454 1106 2520 omnibus
1121 2455 1267 2539 indigen·
1284 2467 1309 2505 ¹⁶

90 2559 177 2622 tibus
202 2559 241 2621 da
272 2557 476 2642 simpliciter,
507 2579 570 2621 non
601 2558 767 2634 dubitem,
800 2559 850 2624 cui
873 2560 927 2623 des
959 2563 1014 2624 aut
1037 2560 1087 2624 cui
1118 2582 1183 2623 non
1206 2561 1268 2624 dee.

91 2662 260 2727 Omnibus·
285 2663 340 2738 da,
384 2662 528 2726 omnibus
563 2663 646 2726 euim
681 2663 756 2727 deus
795 2664 862 2728 dari
896 2664 965 2729 vult
1000 2665 1037 2728 de
1071 2665 1136 2728 suis
1171 2664 1269 2728 donis.

91 2771 122 2831 5.
147 2766 208 2843 Qui
231 2789 307 2852 ergo
331 2767 504 2850 accipiunt,
533 2767 665 2831 reddent
687 2768 842 2832 rationem
865 2770 940 2845 deo,
971 2790 1068 2853 quare
1093 2768 1272 2853 acceperint

91 2879 124 2937 et
148 2873 187 2936 ad
211 2874 304 2956 quid;
340 2874 394 2957 qui
418 2871 500 2935 enim
530 2871 690 2954 accipiunt
712 2874 814 2937 coacti
845 2873 953 2957 aliqua
975 2873 1176 2950 necessitate,
1207 2894 1271 2936 non

90 2978 333 3052 iudicabuntur;
369 2977 422 3061 qui
456 2998 530 3039 vero
565 2976 723 3040 fallaciter
757 2978 933 3061 accipiunt,
971 2977 1092 3042 dabunt
1124 2998 1268 3059 poenam.
1284 2989 1310 3026 2⁰

92 3085 121 3146 6.
149 3082 210 3158 Qui
231 3084 330 3167 igitur
363 3084 431 3159 dat,
463 3082 611 3146 innoxius
643 3087 704 3157 est3
737 3082 819 3146 sicut
848 3082 931 3145 enirn
960 3082 1081 3164 accepit
1103 3103 1122 3144 a
1145 3081 1271 3145 domino

91 3187 302 3250 ministerium
325 3187 530 3270 implendum,
554 3186 740 3270 simpliciter
762 3187 794 3250 id
809 3185 961 3269 implevit,
985 3185 1065 3249 nihil
1082 3185 1269 3260 discernens,

92 3365 150 3413 τῶν
156 3355 519 3429 ἁμαρτημάτωνδαιμονίοις
525 3358 669 3431 προσάψαι
680 3360 683 3395 ¹
694 3355 737 3424 (ἐκ
754 3363 811 3412 τῶν
828 3357 924 3412 κόπων
940 3357 1020 3419 κτλ).

91 3443 118 3500 Ol
138 3449 276 3515 φῆσανῖές
294 3450 344 3515 f'lv
362 3445 509 3517 ὄξυχθλῖαν
527 3446 669 3513 999μῦ1191
730 3461 808 3514 4-6.
826 3468 913 3517 πᾶσιν
931 3462 1007 3515 δίδου
1027 3489 1056 3497 -
1077 3455 1173 3531 doute
1186 3453 1271 3524 ἐστιν]

91 3527 169 3594 ‘ivah
188 3529 292 3600 <51¹⁰le
310 3533 340 3591 δὲ
357 3535 403 3588 καὶ
422 3537 472 3602 ‘lv
493 3531 668 3588 καταλαλῶν·
697 3548 773 3601 Haec
792 3547 911 3600 Hermas
931 3544 1095 3600 eDoctrina
1113 3547 1204 3613 apost.
1220 3544 1272 3603 1‚5

91 3648 127 3656 -
145 3617 286 3689 εὐθηνίαν]
305 3620 339 3673 Η.
352 3620 426 3673 hanc
444 3619 671 3687 vocemusurpat
697 3633 861 3704 desumpsit,
907 3633 949 3688 cf·
978 3632 1075 3693 Funk,
1109 3630 1271 3698 Kampe.

92 3705 181 3758 etium
199 3707 291 3760 Mand.
312 3707 344 3767 V,
366 3709 388 3770 l,
408 3708 437 3769 2,
456 3706 572 3759 verbum
590 3705 670 3776 ebda-
697 3723 813 3776 sepiem,
833 3721 1051 3789 Athanatum
1068 3715 1206 3787 110899),
1222 3714 1272 3770 124

93 3803 152 3849 νεῖν
178 3793 272 3846 Mand.
292 3793 329 3857 V,
350 3795 374 3856 2,
393 3795 423 3855 3;
452 3792 517 3847 Sim.
536 3792 582 3855 IX,
604 3796 626 3855 1,
645 3791 669 3844 8.
695 3808 791 3864 „122

93 3879 258 3948 Respiciens
272 3883 434 3934 contextum
452 3881 507 3935 hoc
524 3880 586 3934 loeo
599 3878 672 3933 verti

87 3984 192 4035 pacem.
213 3966 254 4021 cf.
272 3968 339 4021 Gen.
353 3970 395 4030 41,
406 3968 447 4021 29.
461 3969 503 4023 31.
516 3968 558 4021 34.
568 3967 609 4020 47.
623 3965 671 4027 48;

93 4055 167 4109 Dan.
190 4055 235 4115 ll,
257 4055 298 4108 21.
322 4055 363 4107 24.
404 4054 549 4110 Particula
574 4069 672 4107 versus

93 4144 123 4194 in
143 4142 309 4195 memoriam
332 4145 447 4195 revocat
466 4141 560 4195 Doctr.
581 4143 686 4209 apost,

95 4234 117 4290 1,
138 4231 168 4283 3:
190 4233 235 4284 καὶ
254 4231 303 4299 οὐχ
322 4223 397 4295 ἕξετε
416 4227 533 4300 ἐχθρόν,
554 4216 687 4329 cumquei

93 4333 192 4370 rursus
204 4315 274 4368 4-6
287 4314 362 4367 haud
376 4314 460 4368 dubie
473 4330 508 4367 ex
520 4313 574 4367 hae
587 4313 672 4382 scrip-

92 4409 160 4459 tura
188 4400 331 4469 desumpti
359 4400 432 4461 sint,
460 4400 592 4453 Hermam
612 4417 673 4455 eam

93 4491 181 4545 etiam
205 4489 341 4543 hocloco
367 4488 396 4539 in
421 4491 516 4540 mente
540 4478 687 4595 habuisse}
735 4485 759 4538 6.
791 4484 941 4554 διακονίαν]
971 4484 1066 4537 Habes
1095 4499 1194 4537 vocem
1223 4479 1277 4534 hoc

93 4577 221 4632 conicere
241 4576 316 4629 licet.
684 4588 784 4626 sensu
812 4571 897 4625 etiam
927 4570 992 4625 Sim.
1012 4570 1087 4633 1‚9;
1117 4569 1150 4633 11,
1169 4572 1199 4632 73
1230 4566 1276 4629 IX,

130 4667 155 4718 4.
175 4662 306 4717 Antioch.
328 4663 408 4719 Hom.
421 4662 464 4727 98,
482 4660 530 4717 PG
543 4660 585 4724 89,
606 4661 670 4715 1731
684 4614 742 4724 127,
761 4660 785 4714 2.
806 4658 849 4715 Cf.
867 4659 929 4713 ner
948 4658 972 4722 6,
993 4660 1017 4715 1.

731 3930 755 3982 5.
776 3927 857 3982 Hunc
866 3945 976 3983 versum
988 3929 1086 3980 auctor
1094 3924 1274 3980 Didascaliae

698 4017 892 4083 apostolorum
919 4012 1069 4083 exscripsit
1094 4011 1141 4082 (cf.
1162 4012 1275 4066 Didaso.

683 4040 789 4173 iupost.
809 4103 851 4156 ed
864 4103 970 4156 Hauler
985 4100 1051 4154 1900
1063 4118 1091 4169 p.
1104 4098 1146 4163 53,
1159 4101 1274 4168 25-29)

699 4193 728 4242 et
746 4193 845 4243 auctor
865 4188 1106 4244 Constitutionum
1125 4189 1215 4256 apost.
1228 4184 1274 4250 IV,

700 4277 716 4330 3
729 4292 793 4329 eum
805 4279 941 4343 tanquam
954 4273 1061 4329 dictum
1074 4273 1099 4328 S.
1114 4272 1275 4342 Scripturae

700 4364 823 4432 repetiit.
