2834 5018
493 660 561 715 sm.
580 660 627 724 IX,
648 659 688 724 19,
709 660 800 725 1-20,
819 663 844 716 3.
1188 665 1251 730 615

77 841 244 921 apostatae
267 842 299 902 et
320 838 500 923 blasphemi
523 838 641 903 domini
664 843 696 903 et
717 840 895 923 proditores
917 861 1078 904 servorum
1101 840 1159 905 dei
1192 839 1252 904 His

75 964 144 1007 nou
166 947 214 1007 est
228 943 433 1027 paenitentia,
458 944 512 1008 sed
534 965 619 1008 mors
635 948 692 1022 est,
715 943 849 1025 ideoque
871 948 904 1008 et
924 945 1008 1028 nigri
1024 949 1112 1020 sunt;
1137 944 1253 1009 etenim

78 1069 180 1132 genus
202 1068 311 1111 eorum
341 1047 510 1112 scelestum
533 1051 590 1112 est.
636 1049 666 1112 2.
690 1048 739 1112 De
767 1048 904 1112 secundo
925 1053 1032 1113 monte
1064 1049 1176 1133 glabro
1199 1048 1255 1132 qui

77 1152 286 1231 crediderunt,
311 1152 392 1216 tales
415 1156 505 1216 sunt:
529 1152 714 1236 hypocritae
729 1174 766 1217 ac
789 1153 931 1217 doctores
946 1152 1115 1237 nequitiae.
1141 1152 1253 1228 ,Ean

76 1256 178 1341 igitur
199 1256 358 1341 prioribus
388 1255 506 1320 similes
528 1261 617 1334 sunt,
649 1278 713 1321 non
734 1257 888 1322 habentes
914 1260 1063 1337 fructum
1086 1263 1280 1332 tustinum

78 1360 267 1425 sicutenim
298 1382 388 1426 mons
411 1382 520 1425 eorum
550 1360 618 1424 sine
640 1361 748 1425 fructu
777 1366 842 1439 est,
874 1362 921 1425 its
943 1366 975 1426 et
996 1361 1140 1425 homines
1169 1361 1253 1424 eius·

77 1465 166 1529 modi
188 1487 303 1530 nomen
326 1465 453 1549 quidem
475 1465 604 1543 habent,
628 1465 689 1529 fide
711 1471 817 1530 autem
839 1466 930 1530 vacui
953 1471 1027 1530 sunt
1048 1487 1149 1550 neque
1168 1465 1253 1530 ullus

77 1568 113 1633 in
134 1569 174 1632 iis
196 1569 318 1634 fructus
341 1572 390 1633 est
411 1569 562 1634 veritatis.
609 1568 670 1634 His
693 1570 792 1655 igitur
805 1570 1000 1654 paenitentia
1022 1570 1124 1646 datur,
1148 1570 1176 1634 si
1191 1570 1254 1634 cito

77 1673 308 1757 paenitentiam
337 1676 455 1757 agunt;
487 1673 515 1736 si
544 1677 650 1736 autem
678 1674 819 1751 tardant,
849 1674 960 1737 mortis
990 1674 1131 1758 priorum
1162 1677 1255 1738 erunt

78 1784 249 1844 consortes.
296 1781 325 1843 3.
350 1777 464 1856 Quare,
480 1778 620 1862 inquam,
644 1776 777 1854 domine,
801 1777 851 1841 his
865 1778 1061 1860 paenitentia
1083 1783 1140 1856 est,
1164 1779 1251 1862 prio·
1268 1801 1292 1837 ro

77 1884 166 1948 ribus
188 1905 262 1948 vero
295 1904 359 1946 non
388 1886 457 1946 est?
491 1880 639 1966 Namque
668 1902 768 1965 paene
788 1881 884 1945 iidem
914 1885 987 1946 sunt
1016 1885 1105 1946 actus
1134 1904 1252 1947 eorum.

77 1986 263 2071 Propterea,
287 1986 409 2069 inquit,
442 1985 492 2050 his
514 1985 710 2070 paenitentia
736 1986 845 2063 datur,
878 1985 952 2070 quia
974 1985 1133 2050 dominum
1161 2008 1254 2050 suum

77 2113 143 2156 non
164 2090 427 2174 blasphemarunt
448 2111 506 2154 nec
527 2090 704 2175 proditores
734 2111 893 2154 servorum
916 2089 965 2154 dei
987 2095 1166 2167 evaserunt,
1199 2091 1254 2155 sed

78 2201 211 2280 propter
242 2195 448 2280 cupiditatem
481 2194 654 2278 accipiendi
680 2194 910 2277 responderunt
931 2198 963 2258 et
986 2194 1092 2259 docuit
1121 2194 1253 2280 quisque

79 2302 251 2365 secundum
274 2300 429 2365 desideria
450 2299 614 2363 hominum
635 2299 843 2383 peccantium.
890 2297 952 2363 Sed
975 2300 1096 2364 dabunt
1117 2321 1253 2383 poenam
1267 2323 1292 2360 ιο

78 2403 237 2489 aliquam;
268 2404 463 2488 paenitentia
486 2408 591 2468 autem
612 2403 651 2467 iis
673 2403 869 2487 proponitur,
894 2404 1053 2488 quianon
1075 2402 1253 2488 blasphemi

78 2508 208 2573 fuerunt
229 2531 288 2574 nec
309 2508 495 2593 proditores.

168 2609 231 2679 20.
256 2614 305 2678 De
327 2613 423 2677 tertio
455 2617 578 2689 monte,
612 2613 668 2697 qui
690 2613 796 2697 spinas
828 2612 1025 2698 tribulosque
1053 2612 1165 2688 habet,
1199 2612 1255 2696 qui

79 2718 287 2796 crediderunt,
311 2718 492 2783 huiusmodi
514 2722 606 2782 sunt:
630 2739 669 2782 ex
689 2718 730 2781 iis
752 2717 807 2782 alii
829 2717 942 2783 dirites
962 2722 1044 2794 sunt,
1069 2716 1125 2781 alii
1145 2715 1254 2780 multis

77 2823 217 2908 negotiis
247 2823 403 2907 impliciti.
449 2823 574 2888 Tribuli
603 2823 728 2908 quidem
751 2826 824 2886 sunt
853 2822 982 2900 divites,
1014 2822 1125 2906 spinae
1148 2824 1253 2884 autem
1267 2841 1292 2880 ao

78 2927 111 3005 ii,
137 2927 192 3010 qui
221 2928 317 2993 variis
348 2928 484 3013 negotiis
515 2932 589 2992 sunt
619 2927 774 3010 impliciti.
820 2928 850 2991 2.
875 2925 919 2990 Hi
945 2947 1037 3010 ergo,
1069 2925 1124 3009 qui
1145 2923 1253 2988 multis

78 3031 237 3115 variisque
259 3033 396 3116 negotiis
426 3031 573 3115 impliciti
602 3034 691 3106 sunt,
724 3052 787 3094 non
809 3031 987 3114 adiungunt
1017 3051 1050 3094 se
1073 3029 1170 3097 servis
1193 3028 1252 3106 dei,

79 3136 135 3199 sed
158 3137 307 3201 aberrant
329 3134 478 3199 suffocati
499 3135 636 3217 negotiis
658 3134 739 3210 suis;
772 3135 882 3199 divites
906 3139 1012 3199 autem
1035 3132 1163 3197 difficile
1186 3154 1252 3196 ser·

79 3240 126 3304 ris
150 3240 200 3303 dei
223 3239 403 3316 adhaerent,
427 3239 589 3315 timentes,
621 3258 661 3301 ne
683 3237 803 3320 aliquid
826 3237 866 3302 ab
889 3237 928 3301 iis
954 3242 1113 3322 poscatur.
1159 3236 1253 3301 Tales

79 3344 180 3428 igitur
201 3345 343 3423 difficile
364 3345 537 3408 intrabunt
558 3349 593 3407 in
624 3362 761 3421 reanum
784 3345 847 3407 dci.
893 3343 922 3406 3.
947 3340 1037 3406 Sicut
1059 3341 1141 3405 enim
1163 3341 1252 3424 pedi·
1266 3363 1292 3401 aa

80 3449 139 3512 bus
162 3450 254 3513 nudis
278 3470 372 3532 super
400 3449 536 3514 tribulos
557 3448 699 3513 incedere
729 3447 858 3512 difficile
881 3450 947 3523 est,
980 3447 1079 3510 sicet
1101 3445 1253 3510 eiusmodi

150 3602 167 3656 6
186 3600 310 3671 Philipp.
323 3605 345 3665 1,
358 3604 404 3664 11;
423 3601 507 3656 Hebr.
521 3604 559 3666 12,
575 3605 603 3665 1;
623 3600 768 3664 Iac8,18;
788 3599 867 3654 Prov.
878 3601 901 3662 3,
912 3600 943 3662 9;
964 3601 1002 3660 11,
1013 3599 1055 3652 90.
1064 3629 1098 3638 -
1109 3598 1143 3652 22
1153 3598 1253 3653 Matth.

83 3689 121 3751 13,
134 3689 183 3752 22;
202 3688 290 3742 Marc.
303 3688 328 3753 4,
344 3689 383 3744 18.
400 3688 440 3743 19.
460 3720 491 3729 -
511 3691 544 3744 27
557 3688 642 3742 Marc.
657 3688 695 3753 10,
710 3689 750 3742 23.

81 3827 141 3882 onis
160 3829 279 3898 gradum
301 3832 502 3899 pervenerunt,
528 3829 557 3881 et
577 3843 654 3880 mon·
681 3827 705 3891 6,
723 3828 747 3880 5.
775 3858 810 3866 -
837 3827 925 3896 ὄνομα
951 3820 1070 3898 ἔχουσιν]
1099 3823 1142 3879 01.
1166 3825 1254 3893 Apoc.

80 3919 123 3969 tes
141 3932 215 3970 nunc
228 3919 294 3970 sunt
311 3913 654 3970 diversschristianornm
684 3914 724 3977 14,
744 3915 766 3968 l.
787 3915 828 3969 ll.

81 4018 199 4073 genera,
228 4020 291 4057 cnm
319 4018 444 4071 suprsc.
466 4005 505 4064 17,
526 4004 655 4056 lomnes
717 4004 740 4057 3.
767 4001 923 4074 λήμματος]
954 4000 995 4055 01.
1024 3999 1119 4055 Mand.
1138 3998 1193 4063 XI,
1214 3999 1254 4054 12.

81 4089 203 4143 omnium
236 4089 365 4159 gentium
393 4088 522 4142 homines
548 4086 656 4141 fuerint
682 4089 921 4143 Pseudodoctores
944 4086 1054 4140 lucrum
1079 4088 1255 4155 quaerebant

82 4178 118 4230 ad
144 4176 229 4230 fldem
255 4173 470 4245 praedestinati.
514 4175 557 4230 01.
578 4174 655 4228 Zahn
683 4175 814 4230 docentes
843 4175 914 4232 κατὰ
940 4174 990 4242 τὰς
1021 4172 1171 4244 ἐπιθυμίας
1197 4181 1255 4231 τῶν

81 4263 98 4316 l.
118 4279 139 4316 c.
159 4281 186 4333 p.
205 4260 352 4316 234-286.
682 4261 848 4337 ἀνθρώπων.
885 4259 1122 4326 01.Ι1Τὶω.4,3;
1141 4261 1253 4315 HPetr.

117 4354 139 4406 1.
157 4349 314 4407 ἀποστάται
337 4348 407 4418 κτλ]
436 4346 478 4401 01.
497 4347 563 4402 Sim.
581 4346 654 4413 VIII,
682 4351 706 4415 2,
725 4348 833 4412 3;1ud
854 4350 893 4404 16.

80 4438 104 4500 6,
123 4438 148 4490 4.
175 4466 210 4475 -
235 4433 381 4507 προδόται]
409 4449 446 4487 sc.
465 4434 542 4503 apud
566 4436 655 4507 magi-
717 4438 763 4499 20,
784 4438 806 4490 1.
825 4436 951 4493 πλούσιοι
963 4434 1032 4504 κτλ]
1046 4434 1087 4490 01.
1102 4434 1167 4488 Sim
1182 4433 1253 4499 VIII,

81 4527 202 4585 stratus3
223 4523 258 4575 cf.
277 4536 300 4574 c.
319 4521 361 4584 28,
379 4521 405 4574 4.
424 4520 447 4573 7.
466 4521 490 4575 8.
682 4523 705 4587 8,
727 4524 806 4586 1-3;
833 4524 857 4586 9,
878 4524 959 4585 1-4;
986 4521 1044 4575 Vis.
1062 4522 1109 4586 III,
1128 4523 1153 4586 6,
1171 4523 1254 4584 5—73

115 4614 139 4666 2.
157 4609 304 4683 ὑποκριταὶ
329 4609 401 4680 κτλ]
430 4608 472 4664 cf.
496 4607 561 4663 Sim
581 4609 655 4673 VIII,
681 4610 705 4674 9,
724 4610 756 4673 6;
776 4611 815 4675 11,
835 4612 860 4666 9.
