2834 5018
202 358 266 423 368
601 344 734 403 rurus
751 343 978 402 ceramum

201 530 270 611 περί
294 535 355 591 τῶν
378 525 439 588 ὑπὸ
460 533 516 587 τοῦ
538 521 675 605 Χριστοῦ
698 521 736 584 ἐκ
758 528 876 603 νεκρῶν
899 519 1111 595 ἀναστάντων,
1135 519 1182 580 ὅτι
1205 516 1267 592 ἕως
1283 514 1385 600 Ἀδρι-

204 642 280 697 ανοῦ
303 632 393 710 ἔζων.

395 748 528 821 [Philipp.
550 748 635 803 Sidet
655 746 729 800 Hist
754 744 876 800 coclea?
902 743 950 799 Ed
971 744 1001 798 C.
1021 742 1056 797 de
1073 744 1147 797 Boor
1166 759 1181 797 e
1200 742 1261 796 cod.
1282 742 1385 795 Barce·

360 836 442 891 ciano
464 838 513 892 142
531 835 560 889 in
582 837 661 890 Tecto
678 835 737 889 and
760 833 998 902 Unuraaetunqen
1018 831 1085 886 1888
1103 830 1136 894 V,
1156 830 1173 883 2
1192 846 1220 899 p.
1243 828 1315 898 rau]

752 1009 826 1073 XII.

295 1158 323 1219 1.
347 1150 436 1216 Μετὰ
459 1150 494 1213 δὲ
517 1148 705 1232 Δομετιανὸν
729 1146 913 1233 ἐβασίλευσε
929 1144 1068 1228 Νεροίιας
1091 1146 1160 1220 ἔτος
1183 1146 1228 1225 ἔν,
1252 1145 1288 1221 ὃς
1312 1145 1386 1208 ἀνα-

178 1257 419 1340 ικαλεσάμενος
443 1253 591 1339 Ἰωάννην
621 1252 658 1316 ἐκ
680 1263 735 1337 της
763 1252 859 1337 νήσου
882 1250 1038 1315 ἀπέλυσεν
1069 1251 1165 1315 οἰκεῖν
1188 1249 1222 1314 ἐν
1246 1248 1385 1333 Ἐφέσῳ.

203 1363 296 1447 μόνος
319 1361 389 1425 τότε
416 1361 529 1444 περιὼν
552 1365 596 1442 τῷ
629 1357 686 1444 βίῳ
718 1358 755 1421 ἐκ
786 1367 848 1422 τῶν
872 1356 912 1442 ιβ’
934 1358 1087 1440 μαθητῶν
1116 1355 1170 1417 καί
1201 1354 1386 1438 συγγραψά·

203 1487 296 1551 μενος
318 1466 439 1529 τὸκατ’
464 1466 557 1529 αὐτὸν
574 1463 756 1551 εὐαγγέλιον
780 1463 946 1547 μαρτυρίου
961 1460 1160 1547 κατηξίωται.
1206 1464 1236 1526 2.
1261 1458 1387 1536 Παπίας

203 1572 265 1655 γάρ
288 1570 305 1632 ὁ
329 1568 533 1654 Ἱεραπόλεως
557 1568 737 1650 ἐπίσκοπος,
761 1569 916 1652 αὐτόπτης
939 1567 1050 1630 τούτου
1072 1565 1255 1648 γενόμενος,
1288 1564 1387 1647 ἐντῷ

204 1673 337 1758 δευτέρῳ
369 1672 454 1759 λόγῳ
477 1683 538 1738 τῶν
570 1683 728 1758 κυριακῶν
757 1674 872 1759 λογίων
905 1674 1037 1756 φάσκει,
1070 1674 1116 1734 ὅτι
1139 1671 1200 1734 ὑπὸ
1224 1669 1386 1734 Ἰουδαίων

205 1866 268 1935 περὶ
286 1870 343 1918 τῶν
359 1862 430 1932 κτα]
456 1863 615 1926 Quadratus
634 1865 709 1933 apud
728 1862 780 1918 Eu·
793 1867 796 1929 ξ
809 1862 937 1925 coniecit,
962 1861 1115 1931 Georgium
1141 1861 1305 1931 scripsisse:
1333 1866 1386 1921 Πα·

206 1948 314 2003 sebium
341 1948 375 2002 H.
394 1948 425 2003 II.
444 1947 490 2013 IV,
510 1949 569 2013 3,2
596 1951 682 2014 dicit,
714 1942 872 2017 non-'nice
899 1950 953 2024 γὰρ
1040 1949 1156 2020 φάσκει,
1183 1946 1229 2005 du
1258 1949 1388 2020 Ἰωάννης

205 2035 298 2090 nullos
316 2053 427 2098 eorum,
454 2036 503 2103 qui
526 2053 577 2107 per
594 2037 744 2092 Dominum
765 1986 796 2103 a!
809 2037 872 2107 [μὲν
900 2034 955 2093 ὑπὸ
990 2045 1041 2094 τοῦ
1069 2037 1218 2105 Ῥωμαίων
1254 2037 1388 2112 βασιλέως

206 2122 324 2178 mortuis
351 2124 514 2179 resuscitati
534 2128 643 2188 essent,
675 2124 712 2177 ad
729 2112 994 2195 sua'xazrcrxaoa,
1019 2132 1170 2198 μαρτυρῶν
1198 2121 1239 2192 εἰς
1263 2125 1386 2196 Πάτμον.

206 2226 297 2277 usque
315 2211 444 2279 tempora
455 2212 624 2280 pervenisse,
643 2215 673 2266 et
685 2228 781 2279 quam·
808 2211 941 2284 Ἰάκωβος
958 2211 998 2280 δὲ]
1016 2208 1071 2268 tuo
1090 2212 1235 2267 Ἰουδαίων
1258 2209 1387 2285 ἀνῃρέθη,

207 2311 292 2363 quam
302 2297 472 2367 ApologIam
488 2314 567 2351 suam
577 2298 722 2352 Hadriano
733 2298 780 2351 cb·
808 2298 895 2351 verba
921 2296 1031 2350 uncinis
1058 2295 1167 2350 inclusa
1194 2300 1294 2352 autem
1319 2297 1387 2352 exci-

205 2382 279 2446 tulit,
311 2400 344 2436 ex
363 2386 423 2436 eius
451 2383 544 2438 verbis
562 2401 618 2438 non
646 2386 781 2453 sequitur,
809 2385 892 2446 disee,
912 2387 940 2438 et
952 2384 1092 2445 Hamack,
1108 2383 1386 2441 Gesctichtedcrnlt·

207 2469 270 2523 illos
290 2470 435 2525 Hadriano
459 2475 598 2540 regnante
623 2470 714 2526 adhuc
742 2471 781 2524 vi-
809 2473 910 2526 chricti.
938 2471 1090 2526 Litteratur
1107 2470 1174 2534 ll,I
1203 2473 1312 2544 (1897),
1332 2472 1387 2533 868

207 2558 296 2621 risco,
317 2558 365 2611 scd
384 2558 413 2610 id
440 2557 544 2621 solum,
572 2575 620 2613 eos
639 2558 782 2622 Quadrato
810 2558 836 2611 ei
855 2559 1022 2621 assentitur,
1050 2559 1105 2612 nisi
1125 2559 1202 2625 quod
1227 2560 1318 2614 verba
1342 2558 1389 2613 illa

207 2645 265 2698 iam
282 2645 347 2700 vico
377 2645 470 2698 adhuc
496 2646 662 2715 superstites
687 2645 782 2698 fuisse.
808 2645 866 2698 iam
884 2645 914 2698 in
926 2644 1081 2714 exemplari
1093 2662 1111 2699 a
1123 2646 1249 2715 Georgio
1263 2645 1389 2701 schitia

208 2730 342 2785 Conicere
368 2732 452 2795 licet,
471 2733 590 2802 Papiam
617 2747 729 2799 quoque
747 2730 782 2783 si·
809 2731 933 2785 defuisse
947 2734 1049 2785 censet
1069 2732 1124 2786 Res
1137 2739 1243 2797 autam,
1262 2733 1389 2793 uthhn,

208 2816 314 2872 militer
331 2817 490 2887 scripsisse,
510 2823 539 2872 et
559 2818 782 2888 epitomatorem,
809 2818 1005 2888 Forsctunyen
1022 2818 1068 2881 VI,
1090 2819 1244 2883 147-149‚
1265 2819 1389 2875 animad-

209 2921 294 2971 quem
306 2904 365 2959 eius
384 2905 537 2958 verbanon
555 2909 615 2959 tam
626 2904 783 2959 reddidisse
809 2905 903 2968 vertit,
922 2905 1037 2958 omnino
1057 2904 1139 2959 aliter
1157 2922 1188 2958 sc
1206 2905 1306 2961 habet
1327 2906 1390 2961 Ver·

210 3008 296 3058 quam
320 2992 538 3061 interpretatum
556 3008 617 3046 esse
644 2992 702 3045 iam
720 3008 783 3061 cog-
810 2993 848 3046 ba
873 2995 1028 3065 μαρτυρίου
1054 2994 1222 3062 κατηξίωται
1241 2995 1280 3060 (ν.
1302 2995 1316 3047 1
1335 2995 1390 3062 fic.)

209 3079 353 3141 novimus,
382 3077 436 3132 hcc
463 3079 525 3132 loco
544 3077 682 3133 Hadriani
708 3094 783 3132 rnen·
810 3111 845 3119 -
862 3085 908 3136 καί
919 3084 1018 3151 μηνδὴ
1031 3080 1067 3149 (ν.
1080 3081 1097 3133 8
1112 3080 1197 3151 med)
1210 3081 1304 3135 codex
1316 3080 1389 3136 cois-

208 3166 314 3220 tionem
342 3164 459 3227 fecisse,
488 3182 550 3218 cum
569 3182 603 3218 ex
630 3165 694 3218 aliis
713 3164 783 3219 locis
811 3166 933 3219 linianua
960 3166 1036 3220 solus
1062 3166 1165 3229 tradit3
1193 3160 1311 3222 codices
1328 3183 1390 3222 veru

209 3256 371 3321 appareret,
397 3270 468 3321 opus
485 3251 576 3321 patrie
594 3252 644 3307 illc
663 3252 783 3320 impera-
811 3253 915 3322 viginti
933 3270 982 3307 sex
994 3251 1126 3307 Chronici
1140 3252 1263 3324 Georgii
1281 3255 1390 3323 reliqui,

208 3343 270 3393 tore
291 3342 426 3409 regnante
452 3340 611 3393 confectum
636 3355 703 3393 esse.
741 3338 783 3392 Cf.
812 3358 881 3408 quos
900 3341 1006 3394 Muralt
1024 3340 1189 3410 descripsit,
1213 3359 1269 3411 pro
1289 3343 1332 3398 eis
1350 3358 1390 3398 ex-

207 3426 293 3489 Zahn,
312 3426 508 3495 Fcrsctuugen
525 3424 570 3487 VI,
592 3428 641 3482 110
660 3444 687 3479 n.
706 3429 730 3480 2.
812 3427 927 3481 hibent:
956 3426 986 3483 ἐν
1004 3427 1098 3500 εἰρήνη
1116 3427 1314 3491 ἅνωιαύσατο,
1331 3433 1391 3503 περί

244 3513 303 3568 XII.
322 3513 411 3567 Huius
440 3512 601 3567 documenti
627 3513 734 3583 primus
752 3512 782 3567 Ε.
812 3509 852 3578 οὗ,
872 3515 1032 3583 apostolum
1056 3530 1123 3584 ergo
1142 3513 1173 3568 in
1191 3532 1266 3586 pace
1294 3517 1391 3572 obdor-

210 3599 245 3654 de
276 3600 397 3653 Muralto
429 3600 460 3653 in
495 3600 618 3655 editione
653 3600 784 3655 chronici
812 3601 916 3663 miisse,
935 3601 1188 3655 noninterfectum
1199 3618 1264 3657 esse
1283 3604 1391 3661 dicunt

210 3686 325 3756 Georgii
350 3686 477 3741 Hamart.
506 3686 573 3743 1859
599 3706 626 3757 p.
646 3687 725 3741 XVII
742 3705 783 3754 sq.
813 3692 842 3743 et
868 3689 983 3742 minime
1010 3689 1128 3742 dubium
1146 3692 1208 3753 est,
1239 3691 1392 3762 Georgium

209 3774 342 3828 notitiam
355 3773 454 3828 attulit
465 3790 498 3827 ac
511 3791 647 3826 summam
660 3775 781 3843 exscrip-
812 3776 883 3829 haec
901 3776 1065 3844 scripsisse,
1092 3792 1150 3829 non
1174 3776 1244 3841 illa;
1272 3792 1392 3846 namque

209 3862 261 3923 sit;
280 3861 470 3929 fragmentum
488 3864 581 3915 totum
599 3860 688 3915 edidit
700 3859 784 3914 Nolte
812 3862 980 3916 nouaclum
1004 3861 1244 3918 verisimillimum
1269 3871 1328 3929 est,
1353 3867 1394 3919 tot

210 3947 271 4002 looo
290 3965 375 4016 supra
400 3946 524 4001 laudato.
562 3947 630 4001 Cum
657 3963 730 4014 quae
755 3947 785 4000 in
813 3949 924 4003 codices
951 3950 1161 4004 consentientes
1186 3953 1255 4021 plus
1274 3952 1393 4009 auctori-

211 4052 244 4089 eo
263 4037 323 4088 v.‘2
351 4035 386 4087 de
404 4038 495 4087 morto
522 4034 635 4088 Ioannis
662 4033 785 4103 apostoli
811 4036 881 4090 tatis
916 4035 1020 4090 habere
1057 4052 1142 4103 quam
1179 4037 1394 4099 Ocislinianum,

211 4119 359 4188 leguntur,
387 4121 423 4174 iis
450 4121 592 4175 contraria
610 4121 684 4183 sint,
713 4136 785 4188 quae
813 4122 925 4175 etiamsi
943 4122 989 4175 hic
1002 4121 1058 4175 illis
1077 4126 1174 4178 aetate
1185 4128 1329 4194 praestat,
1347 4124 1394 4180 sed

213 4207 281 4260 alias
300 4213 445 4277 comperta
461 4208 611 4274 habemus,
637 4209 786 4279 Lightfoot
814 4208 900 4262 etiam
919 4212 1067 4263 contextus
1093 4211 1182 4264 verba
1200 4211 1256 4266 illa
1273 4213 1394 4283 interpr

213 4293 243 4346 in
272 4293 404 4363 Οοκίονυρ.
430 4296 536 4351 Reoiew
552 4297 655 4361 XXVI,
675 4297 727 4351 852
744 4313 785 4363 sq.
813 4296 875 4350 iata
892 4313 953 4350 esse
973 4296 1064 4359 docet,
1083 4312 1148 4350 cum
1161 4297 1393 4371 Georgiusfrag
