2834 5018
328 677 522 733 DUODECIM
540 677 812 734 APOSTOLORUM
829 678 876 741 ΙΙΙ,
896 678 994 740 4-1v‚
1013 680 1038 733 2.
1234 687 1271 749 11

89 866 149 924 tur.
196 860 227 922 4.
265 857 331 922 Fili
351 859 412 936 mi,
435 881 475 923 ne
498 858 556 923 fias
579 881 714 942 auspex,
739 858 886 943 quoniam
910 858 943 922 id
966 859 1051 923 ducit
1075 860 1115 923 ad
1137 858 1272 923 idolola-

90 965 193 1041 triam,
218 985 324 1047 neque
347 963 527 1028 incantator
549 985 651 1046 neque
673 963 915 1028 mathematicus
937 986 1039 1048 neque
1060 987 1192 1050 magus,
1216 985 1272 1027 ne·

92 1090 151 1153 que
174 1090 213 1133 ea
235 1069 316 1132 velis
339 1068 444 1132 videre
467 1090 569 1152 neque
593 1068 719 1142 audire;
755 1090 793 1132 ex
823 1069 872 1132 his
896 1069 979 1133 enim
1002 1070 1148 1133 omnibus
1170 1069 1272 1133 idolo·

91 1173 184 1236 latria
206 1172 359 1236 nascitur.
406 1174 435 1236 5.
467 1171 529 1235 Fili
551 1172 610 1247 mi,
643 1195 682 1236 ne
711 1173 768 1236 fias
798 1173 946 1250 mendax,
980 1175 1055 1258 quia
1077 1174 1274 1238 mendacium

92 1279 176 1344 ducit
198 1278 240 1342 ad
264 1276 402 1353 furtum,
435 1299 537 1361 neque
561 1278 686 1361 argenti
714 1299 816 1361 neque
846 1278 947 1342 inanis
977 1278 1298 1363 gloriaecupid11s35

91 1405 128 1447 ex
150 1382 201 1446 his
227 1381 314 1446 enim
336 1382 483 1446 omnibus
506 1382 593 1446 furta
616 1386 798 1446 nascuntur.
846 1384 874 1446 6.
901 1381 963 1446 Fili
984 1383 1038 1460 mi,
1061 1405 1100 1447 ne
1122 1382 1181 1446 fias
1202 1403 1272 1445 mo·

91 1509 188 1561 rosus,
216 1486 369 1570 quoniam
390 1487 422 1549 id
446 1486 531 1550 ducit
555 1487 594 1550 ad
616 1486 863 1570 blasphemiam,
888 1508 990 1570 neque
1010 1487 1148 1551 insoleus
1171 1508 1273 1570 neque

92 1590 273 1674 improbus;
297 1612 336 1654 ex
359 1590 408 1654 his
432 1591 516 1654 enim
539 1591 686 1654 omnibus
709 1591 926 1675 blasphemiae
948 1596 1129 1657 nascuntur.
1168 1592 1196 1655 7.
1223 1588 1272 1656 Sis

91 1717 161 1760 vero
178 1700 374 1771 mansuetus,
393 1695 542 1779 quoniam
557 1702 723 1760 1111111111·
737 1698 971 1761 hereditabunt
986 1706 1120 1762 terram.
1152 1698 1181 1760 8.
1199 1694 1273 1759 Fies

91 1800 283 1884 longanimis
307 1804 339 1864 et
361 1800 539 1864 misericors
562 1803 594 1863 et
617 1800 756 1864 sincerus
781 1805 812 1863 et
835 1800 960 1884 quietus
984 1805 1016 1865 et
1030 1802 1133 1866 bonus
1149 1806 1180 1865 et
1196 1823 1272 1865 con·
1287 1818 1311 1855 10

91 1904 274 1968 tremiscens
297 1926 423 1988 semper
446 1904 484 1967 ad
508 1905 613 1980 verba,
647 1926 727 1988 quae
751 1905 906 1968 audivisti.
954 1906 982 1969 9.
1019 1904 1093 1970 Non
1115 1905 1272 1970 exaltabis

91 2013 121 2071 te
142 2009 251 2092 ipsum
273 2030 377 2091 neque
401 2007 524 2071 animae
546 2013 620 2072 tuae
643 2009 733 2072 dabis
748 2008 958 2073 insolentiam.
991 2009 1065 2074 Non
1088 2010 1273 2075 adhaerebit

92 2114 198 2177 anirna
221 2117 280 2177 tua
302 2113 456 2196 superbia,
477 2113 531 2177 sed
550 2113 641 2176 iustis
664 2118 696 2177 et
712 2113 885 2177 humilibus
901 2114 1007 2177 uteris.
1035 2115 1084 2178 10.
1111 2113 1271 2190 Quaetibi

91 2219 247 2293 eveniunt,
273 2215 570 2300 eatanquambona
593 2215 737 2299 accipies,
752 2217 903 2295 conscius,
928 2217 994 2281 sine
1006 2217 1064 2281 deo
1086 2217 1168 2281 nihil
1190 2218 1268 2282 fieri.

177 2321 234 2386 IV,
261 2321 324 2385 Fili
345 2322 399 2397 mi,
424 2321 479 2404 qui
501 2320 642 2405 loquitur
664 2321 723 2385 tibi
738 2323 870 2384 verbum
890 2322 949 2399 dei,
974 2324 1041 2387 eius
1057 2324 1271 2388 recordaberis
1286 2341 1311 2379 1⁶

91 2432 183 2491 nocte
207 2449 244 2491 ac
268 2427 327 2503 die,
352 2426 480 2491 timebis
502 2447 574 2489 eum
596 2426 678 2490 sicut
702 2427 877 2501 dominum
901 2428 983 2491 unde
999 2428 1082 2492 enim
1098 2427 1271 2492 dominium

92 2531 214 2608 dicitur,
240 2532 287 2595 ibi
309 2532 455 2596 dominus
479 2535 534 2594 est.
582 2533 611 2594 2.
636 2531 789 2614 Requires
814 2532 928 2595 cotidie
951 2531 1057 2596 vultus
1080 2536 1270 2608 sanctorum,

160 2685 177 2737 9
196 2683 300 2738 Matth.
319 2685 344 2745 5,
363 2685 393 2744 5;
412 2684 457 2738 Pe.
475 2686 517 2748 36,
539 2688 578 2741 11.

92 2805 159 2860 dent
177 2821 270 2872 eaque
292 2807 446 2860 secundum
467 2807 541 2861 hanc
558 2808 668 2862 Doctri·
697 2808 720 2872 2,
732 2810 762 2872 7;
782 2808 903 2862 fortasse
913 2809 1000 2863 etium
1009 2809 1167 2863 Dorotheus
1177 2810 1271 2863 Doctr.

91 2910 143 2946 nae
161 2897 275 2962 partem
290 2893 375 2947 modo
394 2893 587 2949 exhortatorio
609 2897 669 2950 red·
697 2895 769 2957 XIII,
791 2899 818 2958 1;
837 2896 887 2965 Ep.
907 2895 953 2949 III.
973 2895 1014 2950 01.
1028 2895 1237 2965 Prolegomena

91 2981 168 3034 dunt
731 2981 777 3045 IV,
800 2983 874 3036 1-4.
900 2982 1002 3037 Officia
1015 2982 1169 3036 Christiani
1188 2984 1217 3036 in
1230 3000 1272 3037 ec-

126 3069 150 3122 8.
186 3068 376 3138 μακρόθυμος
400 3073 447 3125 καὶ
474 3067 607 3141 ἐλεήμων]
627 3070 668 3124 ef.
698 3068 813 3122 clesiam
832 3074 861 3124 et
879 3070 980 3124 fratres
999 3073 1183 3138 exponuntur.

92 3153 135 3205 Ps.
157 3153 215 3211 102.
235 3153 437 3227 11,-ἡσύχως]
457 3156 469 3208 Ι
489 3156 584 3210 Thess.
597 3159 622 3219 4,
638 3157 668 3211 11
734 3159 756 3210 1.
794 3157 954 3226 λαλοῦντος]
984 3174 1021 3209 sc.
1049 3157 1204 3227 prophetae
1228 3158 1272 3210 vel

92 3238 196 3293 Paulus
223 3239 345 3295 lectores
373 3243 539 3297 adhortatur
566 3249 669 3313 φιλοτι-
698 3243 822 3311 apostoli
840 3243 885 3296 vel
898 3243 1021 3297 doctoris
1041 3243 1085 3297 vel
1098 3244 1224 3312 episcopi
1244 3248 1272 3298 et

90 3333 204 3395 μεῖσοαι
223 3330 375 3398 ἡσυχάζειν.
402 3360 435 3369 -
457 3330 567 3403 τρέμων
591 3351 614 3386 τ.
634 3328 684 3444 111
698 3329 894 3394 diaconorum,
914 3333 946 3383 ut
965 3347 998 3383 ex
1017 3331 1200 3396 sequentibus
1218 3331 1271 3401 (11,

93 3414 308 3477 celestes.
697 3419 720 3470 2.
740 3417 771 3479 4;
797 3417 835 3481 15,
855 3419 882 3486 2)
906 3421 1032 3486 apparet.
1069 3417 1151 3472 Hebr.
1173 3419 1219 3481 12,
1239 3419 1272 3472 25

125 3502 150 3555 0.
168 3500 220 3573 οὐχ
237 3499 360 3574 wipere
372 3502 408 3573 σ.]
422 3503 502 3556 Prov.
518 3504 556 3566 19,
572 3503 618 3557 18:
632 3502 669 3570 εἰς
698 3504 780 3563 et13.
798 3507 812 3559 7
832 3504 938 3557 similia
948 3505 1078 3574 legimus,
1093 3506 1202 3560 scilicet
1213 3505 1273 3579 pat

92 3585 170 3662 eppa
186 3594 226 3660 μὴ
244 3586 360 3662 tempos
378 3593 412 3660 τῇ
436 3593 510 3661 ψυχῇ
533 3610 591 3647 σου.
629 3589 669 3643 Si·
697 3611 772 3655 πετε,
791 3596 829 3662 μὴ
841 3596 1051 3664 παραιτήσησθε
1064 3593 1114 3649 τὸν
1126 3599 1272 3656 λαλοῦντα,

92 3676 158 3729 rach
174 3675 200 3739 6,
214 3676 232 3729 2
240 3694 246 3728 :
263 3680 302 3746 μὴ
315 3672 419 3748 ἐπάγῃς
431 3677 549 3734 σεαυτὸν
566 3674 596 3732 ἐν
607 3681 669 3749 βου·
698 3682 726 3732 et
738 3678 926 3748 μνημονεύετε
942 3686 999 3734 τῶν
1011 3678 1172 3751 ἡγουμένων
1185 3677 1272 3747 ὑμῶν,

92 3765 125 3832 ἰῇ
141 3774 233 3834 ψυχῆς
251 3782 310 3818 σου.
330 3763 431 3817 Matth.
452 3763 493 3826 23,
515 3763 553 3817 ll.
577 3765 616 3817 13.
635 3794 670 3801 -
697 3761 797 3831 ο1’τινες
815 3761 950 3834 ἐλάλησαν
970 3763 1034 3834 ὑμῖν
1052 3767 1102 3822 τὸν
1118 3767 1203 3836 λόγον
1222 3775 1272 3822 τοῦ

92 3848 124 3905 οὐ
141 3889 169 3902 ..
190 3847 263 3917 μετὰ
272 3845 510 3920 emissaries.
521 3851 668 3919 ταπεινῶν]
698 3857 773 3908 θεοῦ.
792 3880 827 3890 -
844 3846 884 3917 ὼς
900 3851 1006 3923 κύριον]
1027 3851 1068 3905 01.
1080 3853 1104 3908 4.
1122 3853 1167 3912 11;
1189 3853 1227 3912 11,
1241 3851 1271 3912 2;

93 3935 132 3990 01.
153 3935 232 3989 Rom
255 3935 294 3999 12,
315 3935 355 3989 16.
696 3937 797 3991 Matth.
819 3938 858 4001 10,
878 3938 926 4001 40;
946 3938 1007 3993 Gal.
1025 3940 1050 4001 4,
1072 3938 1111 3990 14.
1130 3967 1166 3975 -
1181 3939 1271 4008 κνριίν

124 4023 163 4076 10.
185 4021 221 4078 τὰ
240 4041 265 4079 o.
285 4043 310 4079 σ.
330 4020 366 4078 ἐν.
395 4019 435 4089 ὼς
461 4021 557 4096 ἀγαθὰ
584 4044 669 4097 προσ·
696 4025 753 4096 της]
773 4025 790 4078 i.
811 4041 834 4078 e.
859 4029 986 4093 potestas
1004 4024 1119 4078 Domini
1143 4041 1191 4076 seu
1211 4022 1271 4077 Dei.

92 4108 163 4181 δέξῃ]
183 4107 227 4162 01.
246 4109 345 4163 Sirach
364 4111 429 4171 241
447 4117 505 4167 πᾶν
521 4109 538 4166 ὃ
556 4109 605 4167 ἐὰν
623 4109 669 4167 ἐπ·
696 4112 800 4166 Eodem
820 4128 903 4164 sensu
921 4128 975 4165 vox
989 4110 1140 4164 adhibetur
1158 4112 1184 4164 Π
1197 4110 1270 4166 Petr.

91 4201 165 4268 αχθῇ
183 4215 229 4254 σοι
248 4196 331 4265 δέξαι.
351 4196 467 4259 1101116,
482 4195 523 4250 28.
544 4228 576 4236 -
595 4194 669 4269 ἐνερ-
696 4201 719 4259 2,
741 4199 773 4252 10
791 4201 820 4251 et
839 4198 897 4251 lud.
917 4196 941 4250 8.
978 4196 1019 4251 01.
1040 4198 1132 4250 Herm.
1154 4197 1219 4251 Sim.
1238 4197 1270 4261 V,

91 4284 212 4355 γὴματα]
221 4284 269 4337 i.c.
281 4283 520 4352 operat-ionesDei
530 4284 575 4338 vel
584 4287 667 4348 mala,
694 4287 719 4350 6,
743 4287 764 4339 1.
801 4283 871 4353 Eph.
892 4285 913 4347 1,
934 4284 965 4338 21
992 4287 1020 4338 ct
1038 4283 1096 4338 Col.
1119 4286 1193 4346 1,16
1218 4302 1272 4339 vox

91 4370 193 4436 quibus
207 4369 337 4424 homines
348 4369 519 4435 afficiuntur,
531 4376 563 4426 ut
577 4388 667 4425 emen·
696 4372 815 4441 gradum
834 4371 998 4441 angelorum
1016 4372 1141 4426 denotat.
1162 4372 1271 4426 Consti·

91 4456 200 4512 deutur.
227 4487 263 4496 -
290 4453 358 4528 ἄτερ
378 4463 448 4514 θεοῦ
466 4456 545 4514 οὐδὲν
563 4459 599 4531 γ.]
626 4458 667 4513 01.
695 4458 820 4514 tationes
840 4458 1029 4528 apostVlL9
1047 4460 1140 4512 locum
1154 4459 1270 4513 circum-

90 4543 189 4599 liatth.
212 4543 252 4608 10,
271 4544 313 4599 29.
334 4543 375 4597 30.
407 4544 488 4598 Hunc
514 4544 607 4599 locum
626 4562 667 4599 re·
680 4516 683 4569 Ι
696 4546 821 4600 scribunt
849 4545 955 4599 verbis:
981 4543 1053 4603 ὅπου
1081 4546 1134 4620 γὰρ
1163 4549 1179 4617 ἡ
1207 4549 1271 4616 περὶ

89 4628 471 4700 spexissevidetnrOrIgenes
479 4631 666 4700 Deprinedll,
695 4638 765 4690 θεοῦ
777 4634 944 4696 διδασκαλία,
959 4630 1039 4691 ἐκεῖὸ
1050 4635 1118 4700 θεὸς
1127 4634 1269 4706 πάρεστιν.
