2834 5018
459 625 510 678 AI>
530 623 609 680 COR.
628 623 709 689 XLV,
729 624 876 689 6-ΧΙΝΙ,
894 626 919 681 8.
1215 633 1276 697 159

103 807 183 867 runt.
231 804 260 867 6.
286 802 368 879 Quid
401 802 499 879 enim,
531 802 662 879 fratres,
696 804 857 868 dicemus?
891 803 1007 868 Daniel
1028 804 1062 868 in
1091 804 1277 889 speluncam

102 908 228 972 leonum
251 908 362 986 abiis,
387 907 442 991 qui
465 907 558 971 deum
580 908 744 986 timebant,
769 909 927 974 coniectus
951 913 1022 974 est?
1057 911 1086 973 7.
1110 909 1163 975 An
1187 909 1276 975 Ana·

102 1013 176 1090 nias,
203 1012 336 1076 Azarias
359 1017 391 1077 et
413 1011 528 1076 Miaael
552 1013 691 1077 conclusi
713 1018 787 1077 sunt
815 1014 849 1077 in
871 1013 1032 1077 fornacem
1054 1014 1138 1098 ignis
1162 1017 1202 1079 ab
1225 1015 1274 1090 iis,

102 1117 155 1200 qui
188 1116 396 1201 magnificum
431 1121 463 1181 et
499 1117 673 1201 gloriosum
707 1119 853 1182 altissimi
886 1118 1006 1182 cultum
1039 1120 1275 1184 observabant?

102 1221 195 1285 Absit
217 1224 363 1305 prorsus!
400 1220 537 1297 Quinam
559 1223 660 1307 igitur
682 1223 759 1287 haec
787 1226 975 1307 patrarunt?
1007 1223 1220 1287 Abominaudi
1244 1227 1302 1287 ets

101 1326 186 1389 omni
207 1325 333 1389 malitia
347 1325 435 1410 pleni
458 1348 495 1390 eo
511 1327 628 1392 furoris
650 1328 747 1393 rixati
762 1333 845 1405 sunt,
869 1333 906 1392 ut
921 1349 983 1404 eos,
1009 1328 1063 1412 qui
1079 1350 1150 1392 cum
1165 1332 1275 1392 sancta

100 1435 131 1493 et
152 1429 317 1513 inculpata
338 1429 502 1494 voluntate
526 1432 583 1495 deo
606 1432 798 1508 servierunt,
830 1433 996 1496 tormentis
1018 1432 1198 1508 iniecerint,
1222 1433 1274 1517 ig·

100 1539 258 1609 norantes,
283 1533 473 1598 altissimum
495 1541 765 1621 propugnatorem
788 1543 820 1601 et
842 1537 1038 1601 defensorem
1068 1559 1174 1602 eorum
1197 1520 1303 1614 esses

102 1639 154 1722 qui
176 1639 210 1703 in
232 1660 314 1721 pura
336 1639 527 1703 conscientia
547 1662 662 1704 nomen
685 1641 752 1704 eius
775 1641 891 1704 virtute
914 1642 1044 1725 plenum
1067 1642 1191 1719 colunt,
1225 1643 1276 1708 cui

101 1742 141 1806 sit
163 1742 268 1826 gloria
290 1743 323 1806 in
345 1743 472 1807 saecula
488 1743 695 1808 saeculorum.
742 1743 863 1808 Amen!
888 1746 916 1809 8.
941 1745 994 1809 Illi
1009 1767 1082 1810 vero
1105 1768 1176 1810 oum
1191 1748 1274 1811 fidu·
1290 1772 1314 1810 ιο

101 1848 148 1911 cia
169 1848 329 1931 patienter
350 1847 522 1913 tolerantes
538 1849 660 1933 gloriae
682 1853 714 1913 et
736 1849 864 1913 honoris
880 1849 1010 1914 heredes
1033 1849 1111 1913 facti
1135 1856 1218 1927 sunt,
1243 1854 1275 1915 et

101 1953 197 2016 adeo
229 1952 361 2016 exaltati
391 1957 423 2016 et
454 1952 599 2036 inscripti
631 1958 705 2018 sunt
737 1955 769 2018 in
800 1953 882 2017 libro
912 1954 1082 2018 memoriae
1111 1976 1219 2018 eorum
1242 1956 1276 2018 in

100 2057 226 2121 saecula
248 2057 455 2133 saeculorum,
480 2056 602 2121 Amen!

184 2159 298 2224 XLVI.
324 2161 456 2225 Talibus
487 2162 587 2246 igitur
616 2162 768 2245 exemplis
798 2166 830 2226 et
851 2182 909 2225 nos
939 2162 1108 2226 adhaerere
1136 2166 1273 2245 oportet,

100 2265 222 2329 fratres.
269 2266 298 2329 2.
324 2265 485 2350 Scriptum
514 2267 596 2330 enim
628 2272 692 2331 est:
726 2269 858 2331 Sanctis
889 2287 947 2331 noa
978 2267 1167 2346 aaronque,
1197 2272 1275 2347 quia
1290 2294 1314 2332 n

101 2376 153 2449 oni
167 2373 241 2433 illia
264 2373 447 2435 adhaerent
460 2375 766 2451 sanctificabuntur.
811 2373 843 2435 3.
867 2372 911 2436 Et
932 2393 1040 2435 rursus
1054 2371 1088 2434 in
1110 2370 1173 2433 alio
1188 2370 1272 2434 loco:

103 2476 178 2538 Cum
204 2481 275 2539 otro
298 2482 472 2540 innocente
493 2483 651 2541 inrzocena
675 2483 743 2541 eris
766 2486 799 2541 et
820 2496 893 2541 cunc
920 2479 1022 2540 electo
1047 2477 1170 2538 electus
1194 2482 1275 2556 eris,

100 2588 130 2641 et
151 2598 226 2642 curn
244 2599 404 2660 perverso
431 2587 646 2661 perverteris.
692 2582 722 2644 4.
747 2579 851 2656 Quare
881 2578 1101 2644 innocentibus
1129 2583 1160 2642 et
1181 2577 1274 2642 iustis

98 2681 265 2766 iungamus
288 2703 363 2761 nos3
396 2683 524 2748 iienim
548 2688 621 2747 sunt
653 2684 746 2748 electi
767 2684 827 2748 dei.
873 2685 901 2747 5.
927 2681 990 2747 Cur
1011 2683 1094 2746 inter
1123 2705 1178 2747 vos
1201 2686 1276 2746 sunt

98 2787 325 2863 contentiones,
348 2787 424 2864 irae,
449 2787 667 2866 dissensiones
692 2787 864 2852 schismata
887 2793 919 2853 et
933 2787 1074 2851 bellum?
1105 2788 1134 2851 6.
1158 2785 1274 2851 Nonne
1288 2810 1314 2849 ao

97 2913 195 2955 unum
219 2891 312 2955 deum
334 2891 488 2956 habemus
511 2898 543 2957 et
565 2915 663 2957 unum
678 2890 838 2956 Christum
861 2896 893 2956 et
915 2915 1012 2956 unum
1029 2891 1175 2975 spiritum
1198 2913 1273 2976 gra-

97 2996 159 3060 tiae
182 3018 359 3080 supernos
382 2997 527 3073 effusum,
552 3000 584 3060 et
605 3018 670 3059 una
690 2995 815 3059 vocatio
839 2999 888 3060 est
909 2995 942 3058 in
965 2994 1117 3060 Christo?
1156 2995 1184 3059 7.
1212 2993 1273 3058 Cur

97 3101 275 3165 divellimus
305 3105 337 3164 et
367 3101 572 3184 discerpimus
602 3101 746 3164 membra
768 3097 885 3162 Christi
908 3103 940 3162 et
970 3102 1080 3163 contra
1108 3099 1274 3182 proprium

97 3227 210 3288 corpus
233 3205 420 3269 seditionem
434 3226 605 3282 movemus,
630 3226 731 3288 eoque
753 3204 898 3267 vesaniae
920 3203 1111 3279 devenimus,
1135 3207 1171 3266 ut
1195 3203 1274 3267 alios

97 3309 233 3373 aliorum
256 3310 397 3374 membra
420 3332 488 3374 esse
504 3309 752 3374 obliviscamur?
775 3307 997 3372 Recordamini
1018 3307 1185 3371 verborum
1200 3306 1272 3370 lesu
1286 3335 1312 3373 aa

97 3413 214 3476 domini
237 3414 345 3477 nostri.
393 3415 422 3477 8.
447 3413 537 3478 Dixit
560 3413 662 3477 enim:
705 3415 766 3477 Vae
793 3415 919 3477 leontini
947 3415 1018 3476 illi!
1047 3416 1173 3476 Bonum
1198 3420 1273 3476 erat

167 3567 181 3619 1
200 3567 271 3620 Dan.
290 3567 314 3630 6,
337 3568 376 3622 16.
394 3599 430 3606 -
448 3566 464 3618 2
483 3566 553 3620 Dan.
574 3566 597 3631 8,
619 3566 651 3622 19
671 3583 732 3633 sqq.
752 3597 787 3605 -
808 3566 864 3622 15‘?
888 3595 923 3605 -
943 3566 974 3620 17
993 3564 1037 3618 Ps.
1058 3566 1098 3628 17,
1116 3565 1158 3618 26.
1177 3565 1218 3620 21.

94 3703 266 3772 κοΜὼμενοι
284 3713 342 3772 τοῖς
359 3702 456 3777 ἁγίοις.
483 3707 610 3761 Clemens
628 3705 671 3760 Al.
699 3706 753 3778 γὰρ
770 3705 946 3775 κολλώμενος
965 3702 1054 3777 ἁγίοις
1065 3702 1273 3776 ἁγιασθὴσεται,

96 3790 197 3845 Strom.
216 3789 248 3853 V,
269 3791 292 3855 8,
306 3792 340 3844 58
358 3810 385 3862 p.
398 3793 448 3848 677
468 3794 561 3848 locum
579 3798 671 3848 totum
698 3792 785 3847 verba
797 3809 812 3845 e
823 3792 976 3847 Clementis
991 3791 1115 3860 epistula
1125 3790 1271 3859 depromp-

95 3878 213 3946 profert,
234 3893 352 3944 cumque
371 3896 434 3933 eum
454 3896 543 3946 aeque
564 3897 596 3934 ac
610 3879 670 3935 Cle·
699 3880 743 3942 eit,
764 3896 850 3945 quam
868 3878 1040 3948 (letemus,
1052 3880 1078 3947 2)
1098 3875 1184 3930 etiam
1200 3876 1273 3945 ρ.88

95 3969 288 4028 manumittet,
308 3965 421 4018 etiamsi
439 3966 669 4030 ordineinverso,
697 3966 753 4036 (46)
771 3966 902 4035 respexit.
940 3966 982 4020 Gi.
1001 3964 1105 4026 Bacch,
1135 3962 1273 4031 Agrapha

95 4066 157 4102 011111
175 4049 268 4103 verbis
281 4052 353 4121 μετὰ
373 4052 474 4126 ἀνδρὸς
491 4060 549 4110 κτλ.
569 4052 668 4107 velPs.
699 4053 766 4107 1889
784 4070 811 4121 p.
834 4053 896 4117 169;
916 4052 1016 4120 Ropes,
1037 4051 1155 4119 Sprrtche
1175 4049 1248 4104 1896.

97 4136 135 4197 17,
155 4136 259 4189 26-27
273 4137 434 4207 coniungat,
453 4156 516 4192 eum
528 4139 604 4193 haud
621 4140 669 4193 du·
731 4141 755 4192 2.
774 4142 799 4193 4.
819 4138 908 4193 Nicon
921 4138 996 4192 Mon.
1009 4138 1027 4190 l.
1042 4155 1065 4191 c.
1079 4136 1114 4189 cf.
1131 4138 1169 4198 14,
1187 4139 1270 4191 lnot

94 4221 140 4276 bie
158 4222 225 4276 huic
244 4222 335 4286 debet,
356 4226 434 4278 ouius
448 4226 572 4294 epistula
585 4243 669 4296 saepe
732 4228 755 4280 5.
776 4227 818 4281 Cf.
837 4226 891 4278 lac.
913 4227 938 4288 4,
961 4228 982 4280 1.

94 4310 191 4364 utitur.
230 4309 365 4365 Similiter
392 4312 503 4367 saeculo
522 4312 548 4365 V
575 4312 668 4368 medio
730 4313 754 4366 6.
775 4313 816 4367 Cf.
835 4313 876 4375 58,
896 4313 924 4374 2;
943 4310 1014 4379 l'lph.
1032 4312 1057 4373 4,
1075 4309 1158 4370 4-6;
1178 4308 1190 4361 I
1209 4309 1270 4363 Cor.

94 4396 265 4459 Callinicus,
294 4397 399 4451 Vitas.
419 4398 536 4468 Hypatii
562 4418 588 4469 p.
611 4400 668 4464 132,
695 4398 720 4463 8,
740 4400 765 4453 6.

93 4483 136 4538 ed.
157 4484 231 4552 Lips.
253 4485 319 4539 1895
337 4485 429 4553 p.100
448 4485 596 4555 (Biblioth.
616 4503 667 4538 ser.
731 4487 755 4539 7.
772 4485 851 4555 utiq]
862 4484 904 4539 Cl'.
913 4483 991 4538 Rom
1005 4484 1084 4549 12,5;
1097 4484 1109 4535 l
1120 4484 1181 4538 Cor.
1193 4486 1216 4547 6,
1232 4486 1271 4540 15.

92 4589 134 4640 gr.
155 4572 186 4624 et
202 4588 269 4625 rom
289 4571 496 4642 Teubneriana)
516 4571 628 4626 dicens:
651 4572 668 4630 ὁ
729 4572 754 4626 8.
773 4572 836 4627 Duo
855 4571 880 4625 S.
900 4572 1063 4642 Scripturae
1081 4571 1137 4626 loci
1160 4589 1272 4626 consar-
