2834 5018
158 320 200 386 58
647 316 843 372 BARNABAE

159 515 224 558 σαν
248 495 304 558 καὶ
328 494 526 578 ἀρχέτωσαν
548 500 618 558 τῶν
641 493 782 575 ἰχθύων.
829 495 874 570 τίς
897 493 951 559 οὖν
974 495 991 558 ὁ
1012 496 1180 580 δυνάμενος
1200 506 1253 560 νῦν
1275 498 1331 580 ἄρ-

158 616 225 680 χειν
248 599 368 684 θηρίων
390 599 410 682 ή
435 597 556 680 ἰχθύων
579 598 600 680 ή
620 606 769 662 πετεινῶν
791 609 846 663 τοῦ
863 601 1010 682 οὐρανοῦ;
1035 601 1247 666 αἰσθάνεσθαι
1271 603 1331 685 γὰρ

159 702 337 786 ὀφείλομεν,
373 705 419 766 ὅτι
448 704 484 765 τὸ
516 705 621 785 ἄρχειν
651 702 791 780 ἐξουσίας
821 702 921 783 ἐστίν,
951 705 1002 767 ἵνα
1031 725 1076 780 τις
1105 705 1250 783 ἐπιτάξας
1277 728 1332 768 κυ·

159 807 274 892 ριεὺση.
322 811 371 873 19.
396 807 423 870 εί
445 804 499 870 οὗν
516 808 551 870 οὐ
574 806 690 891 γίνεται
713 817 804 871 τοῦτο
820 819 884 886 νῦν,
909 811 969 890 ἄρα
991 808 1064 892 ήμῖν
1086 811 1217 894 εἴρηκεν,
1240 810 1330 874 ποτε·

133 913 233 976 ιὸταν
248 914 301 976 καί
325 913 411 975 αὐτοὶ
435 911 654 996 τελειωθῶμεν
677 911 864 997 κληρονόμοι
886 923 940 997 τής
969 914 1125 998 διαθήκης
1147 914 1254 996 κυρίου
1277 935 1331 998 γε-

156 1015 279 1082 νέσθαι.

244 1123 315 1187 VII.
341 1120 464 1184 Οὐκοῦν
493 1130 606 1201 νοεῖτε,
635 1121 732 1185 τέκνα
762 1123 967 1208 εὐφροσύνης,
1000 1127 1046 1187 ὅτι
1069 1125 1172 1188 πάντα
1195 1125 1211 1187 ὁ
1234 1125 1332 1201 καλὸς

156 1225 260 1308 κῦριος
283 1224 539 1308 προεφανέρωοεν
562 1224 651 1308 ἡμῖν,
679 1227 731 1289 ἵνα
753 1235 894 1310 γνῶμεν,
928 1225 952 1311 ᾧ
975 1229 1057 1290 κατὰ
1079 1228 1182 1290 πάντα
1210 1229 1332 1311 εὐχαρι-

158 1340 301 1406 στοῦντες
325 1330 489 1413 ὀφείλομεν
512 1330 617 1394 αἰνεῖν.
663 1334 692 1396 2.
717 1330 744 1393 εί
767 1327 820 1394 οὖν
844 1331 861 1393 ὁ
885 1330 948 1406 υίὸς
970 1341 1025 1395 τοῦ
1049 1334 1138 1410 θεοῦ,
1162 1333 1205 1395 ῶν
1227 1332 1332 1414 κύριος

118 1454 144 1491 10
156 1435 209 1496 καί
233 1434 370 1516 μέλλων
392 1438 520 1520 κρίνειν
544 1436 674 1516 ζῶντας
697 1437 753 1500 καὶ
776 1440 933 1521 νεκρούς,
956 1437 1088 1517 ἔπαθεν,
1111 1439 1162 1501 ἵνα
1184 1436 1204 1519 ή
1227 1437 1331 1522 πληγή

157 1539 253 1602 αὐτοῦ
288 1538 466 1622 ζωοποιήση
496 1538 593 1623 ἡμᾶς·
625 1538 856 1622 πιστεύσωμεν,
889 1543 935 1603 ὅτι
958 1541 975 1604 ὁ
998 1541 1062 1617 υίὸς
1085 1550 1139 1605 τοῦ
1172 1545 1250 1608 θεοῦ
1275 1544 1332 1606 οὐκ

157 1641 291 1725 ἠδύνατο
315 1648 430 1708 παθεῖν
454 1643 480 1706 εί
504 1645 545 1727 μή
570 1641 608 1706 δι’
629 1642 720 1727 ἡμεῖς.
766 1648 795 1710 3.
821 1642 904 1706 ἀλλὰ
926 1647 979 1708 καί
1003 1648 1197 1730 σταυρωθείς
1220 1647 1331 1711 ἐποτί-

159 1746 233 1828 ζετο
257 1746 327 1827 ὄξει
359 1750 415 1813 καὶ
444 1748 538 1834 χολῇ.
585 1749 761 1829 ἀκούσατε,
791 1757 858 1824 πῶς
881 1751 949 1832 περί
973 1750 1084 1813 τούτου
1106 1750 1331 1833 πεφανέρωκαν

157 1851 185 1915 οί
209 1851 296 1934 ἱερεῖς
320 1861 374 1915 τοῦ
398 1861 484 1918 ναοῦ.
531 1852 745 1938 γεγραμμένης
768 1852 911 1937 ἑντολής·
942 1853 1002 1935 Ὃς
1026 1857 1070 1919 ἂν
1091 1858 1139 1939 μή
1163 1858 1332 1941 νηστεύση

119 1976 144 2015 υ
157 1960 220 2041 τήν
243 1962 413 2042 νηστείαν,
426 1957 569 2043 θανάτῳ
582 1958 919 2046 ἐξολεθρευθήσεται,
937 1958 1111 2023 ἐνετείλατο
1128 1959 1242 2040 κύριος,
1267 1957 1332 2022 ἐπεί

156 2063 209 2124 καί
234 2063 326 2137 αὐτὸς
355 2062 432 2144 ὑπὲρ
455 2070 517 2124 τῶν
550 2061 708 2145 ἡμετέρων
731 2062 889 2145 ἁμαρτιῶν
920 2061 1049 2145 ἔμελλεν
1082 2064 1117 2125 τὸ
1145 2072 1256 2137 σκεῦος
1280 2073 1333 2125 τοῦ

157 2164 331 2247 πνεύματος
359 2165 544 2248 προσφέρειν
575 2165 707 2245 θυσίαν,
736 2166 789 2231 ἵνα
818 2168 871 2229 καί
895 2166 912 2228 ὁ
935 2166 1029 2242 τίνπος
1052 2166 1069 2228 ὁ
1092 2166 1257 2251 γενομενος
1285 2168 1333 2229 ἐπί

157 2267 269 2331 Ἰσαὰκ
291 2278 346 2332 τοῦ
376 2270 643 2353 προσενεχθέντος
673 2269 722 2333 ἐπί
745 2271 781 2332 τὸ
812 2270 1034 2354 θυσιαστήριον
1062 2272 1211 2355 τελεσθή·
1252 2277 1282 2338 4.
1306 2271 1333 2334 τί

160 2371 214 2437 οῦν
237 2373 320 2458 λέγει
343 2373 376 2437 ἐν
399 2382 442 2457 τῷ
466 2375 623 2459 προφήτη;
657 2375 729 2440 Καὶ
754 2378 958 2459 φερέτωσαν
981 2378 1018 2440 ἐκ
1042 2384 1103 2441 τοῦ
1126 2379 1251 2462 τράγου
1274 2383 1333 2440 τοῦ

117 2496 143 2533 τι
158 2481 441 2565 προσφερομένου
463 2484 505 2566 τῇ
526 2482 666 2565 νηστείᾳ
688 2481 774 2566 ὑπὲρ
794 2486 918 2544 πασῶν
941 2485 1011 2544 τῶν
1027 2481 1211 2565 ἁμαρτιῶν.
1236 2500 1332 2561 προο-

159 2581 248 2664 έχετε
271 2584 423 2669 ἀκριβῶς·
446 2584 518 2649 Καὶ
542 2584 746 2667 φαγέτωσαν
769 2586 799 2647 οἱ
823 2586 921 2669 ἱερεῖς
944 2587 1045 2665 μόνοι
1068 2586 1193 2664 πάντες
1217 2585 1255 2648 τὸ
1280 2585 1333 2647 ἕν-

155 2708 255 2773 τερον
270 2688 425 2753 ἄπλυτον
447 2687 533 2769 μετὰ
548 2684 657 2767 ὄξους.
705 2690 734 2753 5.
758 2687 835 2768 πρὸς
850 2685 897 2765 τίς
920 2685 1046 2770 Ἐπειδὴ
1063 2686 1118 2769 ἐμὲ
1140 2688 1218 2769 ὑπὲρ
1233 2687 1333 2771 ἁμαρ-

156 2800 229 2856 τιῶν
252 2791 407 2875 μέλλοντα
440 2802 495 2855 τοῦ
518 2791 596 2854 λαοῦ
626 2812 685 2874 μου
708 2800 763 2853 τοῦ
796 2800 905 2854 καινοῦ
928 2790 1113 2873 προσφέρειν
1142 2793 1197 2875 τὴν
1231 2792 1333 2875 οοίρκα
1398 2800 1401 2805 ’

228 2930 241 2981 1
262 2929 368 3002 ἰχθύων
378 2949 384 2982 ι
396 2933 502 3003 θηρίων
512 2928 537 2980 Η
554 2929 558 2998 Ι
574 2928 685 2996 ιῦν>8
702 2929 739 2999 12
758 2937 894 2986 πετεινῶν
904 2928 945 2983 SV
957 2949 962 2981 :
973 2947 1072 2999 praem
1090 2931 1189 3002 περίΗ
1205 2933 1208 3000 Ι
1225 2931 1241 2984 3
1261 2930 1334 3001 ἐξοιε

156 3020 201 3074 σία
220 3016 351 3085 Vl4or'2
370 3015 512 3083 SV1>H
536 3017 540 3086 Ι
565 3018 634 3072 πότε
654 3015 791 3074 θλίιτὸτε
809 3017 836 3069 Η
860 3017 864 3087 V
890 3018 1006 3087 ’ίνοητε
1024 3017 1051 3070 V
1070 3020 1075 3087 Ι
1096 3020 1112 3073 9
1130 3021 1225 3092 κύριος
1243 3019 1332 3073 HVL:

155 3106 433 3176 -Ι-προεφανερωσεν
450 3112 494 3160 Ιι’να
512 3123 624 3176 γνῶμεν
642 3126 665 3159 ω
682 3124 754 3160 κατα
765 3124 857 3159 παντα
875 3124 1102 3177 ευχαριστουντες
1120 3107 1138 3160 S
1157 3124 1191 3160 ex
1208 3124 1234 3160 ν.
1251 3109 1263 3161 1
1281 3108 1284 3177 l
1303 3106 1333 3162 13

155 3197 215 3257 πῶς
226 3190 253 3244 h.
267 3191 285 3244 l.
299 3189 346 3243 VL
356 3211 362 3243 ι
372 3195 436 3260 post
448 3195 512 3263 περὶ
526 3190 626 3247 τούτου
640 3188 672 3252 Η,
684 3189 746 3256 >S
769 3194 774 3259 Ι
800 3191 831 3244 14
849 3196 917 3247 λαοῦ
935 3189 959 3241 V
976 3191 980 3260 ί
996 3190 1123 3264 ἐντοληςι
1134 3193 1168 3263 «ή-
1179 3193 1265 3250 αὐτοῦ
1284 3192 1307 3245 1τ
1328 3194 1331 3263 Ι

158 3278 190 3332 15
209 3278 328 3349 τήν>Η
345 3280 348 3349 Ι
366 3279 398 3332 18
416 3285 480 3336 θυσ.
500 3281 620 3348 τελεσθῇ
639 3276 822 3335 Ηλιθυσιαν
839 3284 1004 3349 τελεσθηναι
1023 3278 1041 3332 S
1063 3278 1066 3348 ί
1095 3280 1126 3333 19
1145 3278 1176 3336 ἐκ
1196 3279 1240 3334 SV
1257 3300 1263 3333 :
1279 3278 1333 3336 ἀπὸ

156 3363 182 3416 H
198 3367 202 3433 1
218 3364 251 3417 22
270 3361 443 3434 ἐμὲ-ί-εἶδον
464 3364 486 3417 V
501 3367 505 3436 ί
521 3363 678 3438 ὑπὲριπερί
697 3363 724 3417 Η
740 3364 743 3433 1
759 3364 793 3417 23
810 3368 901 3434 μου>
912 3363 938 3416 V

192 3488 231 3540 19.
252 3487 368 3541 Sensus:
396 3489 425 3542 in
447 3486 590 3557 praesenti
618 3486 731 3553 quidem
759 3486 777 3539 i.
798 3503 819 3539 e.
840 3503 941 3555 eorpus
952 3504 1039 3539 suum.
1064 3487 1181 3542 Sensus:
1199 3490 1334 3544 mandato

157 3574 306 3644 imperium
324 3574 395 3628 illud
415 3576 445 3627 in
462 3574 590 3628 volueres
601 3575 653 3627 etc.
672 3589 729 3626 non
760 3574 794 3627 de
812 3572 916 3628 ieiunio
929 3574 1065 3627 Dominus
1083 3579 1183 3644 typum
1195 3577 1334 3646 passionis

155 3664 292 3725 tenemus,
313 3662 361 3714 sed
373 3660 542 3729 promissam
560 3661 633 3712 hanc
645 3660 732 3714 domi·
759 3676 826 3713 suae
843 3659 980 3728 praebere
997 3662 1087 3716 voluit
1105 3663 1237 3733 (Hefele).

155 3748 299 3801 nationem
326 3746 479 3813 aliquando
505 3748 731 3815 recuperabimus
792 3748 818 3803 4.
836 3751 882 3804 καί
892 3769 958 3820 φαγ.
968 3749 1038 3818 κτλ]
1049 3748 1145 3804 Verba
1157 3752 1221 3820 ipsa
1234 3750 1334 3805 desunt

158 3832 287 3902 (Hefele).
759 3833 789 3887 in
807 3833 832 3887 S.
853 3833 1007 3902 Scriptura.
1043 3835 1097 3890 Res
1115 3844 1211 3891 autem
1231 3837 1334 3908 legitur

191 3918 249 3981 VII,
269 3922 293 3974 2.
321 3921 430 3990 μέλλων
456 3923 560 3993 κρίνειν
585 3920 655 3990 κτλ]
689 3921 731 3974 cf.
758 3919 839 3973 Num.
859 3921 942 3983 29,11
963 3922 1040 3975 etin
1058 3922 1187 3976 Mischna
1207 3924 1335 3978 Menach.

158 4002 183 4056 II
203 4005 287 4059 (θεῶν.
309 4009 330 4070 1,
352 4010 380 4069 1;
409 4007 500 4076 Polyc.
521 4007 593 4061 Phil.
612 4007 635 4069 2,
657 4010 678 4062 1.
761 4009 799 4071 11,
822 4009 850 4070 7;
870 4008 986 4072 Joma‘l,
1000 4010 1023 4070 3,
1045 4014 1073 4063 et
1091 4011 1237 4064 Barnabas
1250 4012 1336 4066 verba

192 4093 215 4144 3.
234 4094 444 4166 πεμανὲρωκαν]
465 4111 516 4163 pro
533 4093 730 4167 πεφανερὼκα-
759 4095 794 4148 ari
813 4112 874 4148 eam
894 4095 1072 4149 conformata
1088 4096 1161 4150 Mosi
1178 4098 1335 4166 prophetae

157 4197 208 4239 σιν,
227 4181 259 4230 ut
277 4181 389 4249 saepius
413 4181 442 4233 in
460 4179 493 4232 N.
514 4180 544 4233 Τ.
573 4180 614 4233 ef.
635 4181 730 4235 Ioann.
759 4181 921 4235 attribuisse
930 4181 1048 4235 videt-ur.
1070 4182 1110 4236 ef.
1124 4186 1163 4245 12,
1177 4185 1200 4237 7.
1221 4185 1335 4240 Praeter

160 4265 199 4325 17,
219 4264 249 4325 7;
269 4267 355 4333 Apoc.
370 4266 409 4328 19,
423 4269 446 4321 3.
467 4276 618 4333 -σκεῦος
637 4287 659 4322 τ.
673 4266 729 4336 ππ]
759 4267 828 4322 duos
849 4268 924 4321 enim
942 4268 1005 4323 illos
1024 4270 1124 4327 hireos.
1145 4272 1242 4338 quiin
1261 4274 1333 4327 festo
