2834 5018
196 333 259 396 456
627 323 781 379 ΗΕΒΜΑΕ
798 323 941 379 PASTOR

196 507 227 570 2.
251 512 289 585 τῇ
312 502 368 584 μέν
391 498 497 582 πρώτη
521 498 626 580 ὁράσει
649 499 729 562 διατί
751 497 943 584 πρεσβυτέρα
966 498 1064 581 ώφθη
1089 519 1142 561 σοι
1175 500 1238 562 καί
1265 499 1316 562 ἐπί
1337 521 1385 561 κα-

197 605 314 688 θέδραν
337 602 519 688 καθημένη;
552 605 599 665 δτι
622 605 657 666 τὸ
679 613 801 687 πνεῦμα
823 605 908 687 ύμών
931 602 1144 688 πρεσβύτερον
1168 606 1231 668 καί
1256 605 1319 690 ἤδη
1341 626 1385 688 με·

198 709 397 795 μαραμμένον
427 711 481 771 καί
504 711 546 791 μὴ
571 710 645 791 ἔχον
676 709 804 791 δύναμιν
838 709 901 771 ἀπὸ
922 717 985 772 τών
1015 707 1193 791 μαλακιών
1227 711 1320 793 ὑμῶν
1341 712 1385 772 καὶ

197 814 366 897 διψυχιών·
398 818 427 880 3.
452 814 557 894 ὥσπερ
586 814 647 896 γάρ
670 813 699 875 οί
728 811 944 896 πρεσβύτεροι,
974 810 1084 895 μηκέτι
1117 813 1259 894 ἔχοντες
1283 813 1384 877 ἐλπίδα

172 928 253 983 ιτοῦ
271 921 458 998 άνανεώσαι,
482 917 571 981 οὐδέν
588 915 667 979 ἄλλο
690 917 905 998 προσδοκῶσιν
920 916 947 978 εἰ
970 917 1011 998 μὴ
1027 917 1083 999 τὴν
1100 916 1263 1002 κοίμησιν
1279 919 1382 989 αύτών,

198 1026 296 1098 οὕτως
327 1024 380 1085 καί
409 1022 494 1104 ὑμεῖς
524 1020 772 1105 μαλακισθέντες
804 1021 867 1083 ἀπὸ
898 1029 960 1083 τών
993 1020 1152 1105 βιωτικῶν
1192 1024 1383 1106 πραγμάτων

197 1126 402 1209 παρεδώκατε
424 1126 553 1201 ἑαυτούς
575 1126 619 1201 είς
641 1128 696 1200 τὰς
719 1124 849 1209 ἀκηδίας
872 1127 925 1188 καί
948 1126 1007 1188 οὐκ
1031 1126 1235 1211 ἐπερίιματε
1259 1130 1382 1193 ἑαυτῶν

198 1234 257 1312 τὰς
280 1235 445 1315 μερίμνας
469 1231 524 1294 ἐπὶ
548 1231 608 1294 τὸν
631 1232 767 1314 κύριον·
803 1227 887 1290 ἀλλὰ
909 1226 1076 1312 ἐθραύσθη
1101 1230 1198 1312 ύμών
1223 1229 1247 1313 ἡ
1270 1231 1380 1294 διάνοια

197 1337 251 1398 καί
286 1333 509 1417 έπαλαιώθητε
537 1342 603 1407 ταῖς
626 1330 738 1407 λύπαις
771 1332 867 1415 ὑμῶν.
913 1337 942 1398 4.
967 1331 1055 1394 Διατί
1089 1330 1147 1396 ούν
1182 1333 1221 1398 ἐν
1245 1334 1382 1415 καθέδρᾳ

159 1464 184 1502 ιο
199 1438 352 1522 ἐκάθητο,
374 1437 493 1519 ἤθελον
515 1447 642 1521 γνῶναι,
664 1437 760 1520 κύριε.
805 1437 877 1504 Ὅτι
900 1447 961 1512 πᾶς
984 1439 1127 1522 ἀσθενὴς
1150 1440 1200 1515 είς
1226 1440 1381 1522 καθέδραν

198 1543 370 1622 καθέζεται
393 1543 443 1606 διὰ
466 1545 521 1625 τὴν
544 1542 712 1608 ἀσθένειαν
736 1545 847 1622 αὐτοῦ,
880 1543 931 1604 ἵνα
954 1545 1162 1627 συνκρατηθη
1188 1543 1212 1627 ἡ
1239 1543 1381 1611 ἀσθένεια

198 1657 252 1710 τοῦ
276 1646 419 1730 σώματος
443 1648 548 1710 αὐτοῦ.
593 1648 675 1729 ἔχεις
698 1648 751 1711 τὀν
773 1647 869 1710 τύπον
893 1657 946 1731 της
968 1646 1093 1731 πρώτης
1117 1648 1282 1729 ὁράσεως.

288 1749 348 1818 12.
374 1750 422 1835 Τῇ
443 1752 478 1814 δέ
509 1750 637 1835 δευτέρᾳ
667 1753 771 1834 δράσει
802 1748 881 1826 είδες
911 1753 1006 1833 αὐτὴν
1037 1750 1218 1835 ἑστηκυῖαν
1251 1756 1307 1817 καί
1336 1754 1381 1832 τὴν

198 1856 269 1937 ὄψιν
292 1854 445 1937 νεωτέραν
470 1856 605 1937 ἔχουσαν
628 1858 682 1919 καί
706 1854 895 1938 ἱλαρωτέραν
917 1857 1002 1938 παρὰ
1024 1858 1060 1918 τὸ
1082 1856 1258 1940 πρότερον,
1282 1859 1381 1941 τὴνδὲ

160 1984 185 2023 ιτ
199 1963 302 2045 σάρκα
322 1965 376 2025 καί
408 1964 463 2036 τὰς
485 1961 592 2044 τρίχας
621 1961 838 2047 πρεσβυτέρας.
893 1964 1004 2040 ἄκουε,
1042 1960 1154 2044 φησίν,
1190 1964 1250 2025 καί
1276 1961 1381 2045 ταύτην

198 2070 253 2150 τὴν
276 2065 474 2152 παραβολήν·
509 2070 538 2133 2.
557 2069 631 2130 ύταν
654 2066 860 2151 πρεσβύτερός
880 2088 942 2145 τις,
971 2066 1029 2150 ἠδη
1054 2065 1257 2150 άφηλπικώς
1280 2068 1380 2131 ἑαυτδν

198 2172 250 2234 διά
272 2173 327 2253 τὴν
351 2169 519 2237 ἀσθένειαν
543 2172 638 2234 αὐτοῦ
662 2172 716 2233 καί
741 2173 795 2254 τὴν
819 2171 1014 2254 πτωχύτητα,
1039 2170 1132 2234 οὐδὲν
1156 2172 1274 2254 ἕτερον
1298 2191 1381 2255 προε

199 2274 323 2357 δέχεται
347 2276 373 2338 εἰ
396 2278 438 2358 μὴ
461 2276 516 2357 τὴν
540 2273 676 2357 ἐσχάτην
691 2273 810 2356 ἡμέραν
833 2285 888 2357 τῆς
910 2275 992 2356 ζωῆς
1007 2274 1125 2336 αὐτοῦ·
1150 2274 1227 2338 είτα
1244 2274 1381 2357 ἐξαίφνης

199 2378 395 2463 κατελείφθη
419 2381 503 2462 αὐτῷ
519 2378 720 2462 κληρονομία,
745 2378 883 2452 ἀκούσας
898 2378 932 2440 δέ
955 2375 1112 2461 ἐξηγέρθη
1137 2380 1197 2441 καί
1220 2381 1382 2463 περιχαρὴς

161 2501 186 2540 20
200 2483 364 2566 γενόμενος
388 2482 554 2547 ἐνεδύσατο
577 2485 631 2564 τὴν
655 2483 744 2564 ἰσχὺν
766 2484 820 2545 καί
843 2481 946 2547 οὐκέτι
969 2483 1154 2562 ἀνακεῖται,
1179 2483 1274 2548 ἀλλὰ
1300 2486 1382 2566 ἐστι,-

200 2608 265 2666 κεν,
288 2589 341 2650 καί
365 2589 549 2651 ἀνανεοῠται
565 2589 660 2650 αὐτοῦ
682 2588 718 2649 τὸ
734 2596 855 2670 πνεῦμα
877 2589 912 2649 τὸ
935 2587 993 2670 ἠδη
1010 2584 1223 2670 ἐφθαρμένον
1250 2591 1316 2654 ἀπὸ
1330 2597 1382 2652 τών

200 2691 357 2774 προτέρων
380 2694 475 2755 αὐτοῦ
498 2693 658 2775 πράξεων,
688 2694 741 2755 καί
765 2691 868 2755 οὐκέτι
891 2694 1051 2776 κάθηται,
1074 2691 1163 2755 ἀλλὰ
1189 2695 1380 2778 ἀνδρίζεται

200 2799 298 2872 οὕτως
320 2798 373 2860 καί
397 2798 500 2881 ὑμεῖς,
533 2797 723 2872 ἀκούσαντες
747 2799 801 2879 τὴν
824 2796 1042 2876 ἀποκάλυψιν,
1075 2795 1114 2878 ἣν
1139 2797 1218 2880 ὑμῖν
1246 2800 1383 2882 δκύμος

200 2900 413 2984 ἀπεκάλυψεν.
458 2906 488 2968 3.
512 2904 558 2965 δτι
582 2901 822 2985 ἐσπλαγχνίσθη
845 2900 896 2983 ἐφ’
919 2901 1016 2983 ὑμᾶς,
1040 2900 1094 2961 καί
1120 2901 1331 2967 ἀνενεώσατο
1351 2903 1382 2965 τὰ

160 3025 185 3063 ιι
200 3005 361 3089 πνεύματα
383 3008 469 3090 ύμών
491 3008 545 3068 καί
562 3005 728 3071 ἀπέθεσθε
750 3006 805 3079 τάς
821 3004 976 3088 μαλακίας
999 3003 1097 3086 ὑμῶν,
1121 3007 1179 3067 καὶ
1203 3008 1383 3093 προσῆλθεν

200 3111 269 3193 ύμῖν
293 3110 456 3194 ίσχυρδτης
479 3112 532 3173 καί
548 3109 806 3195 ἐνεδυναμώθητε
830 3109 863 3174 ἐν
886 3119 924 3194 τῇ
939 3108 1048 3186 πίστει,
1072 3110 1129 3172 καί
1147 3111 1229 3176 ἰδών
1254 3113 1383 3196 δκύριις

199 3216 255 3297 τὴν
279 3213 510 3298 ίσχυροποίησιν
533 3215 618 3297 ὑμῶν
642 3214 756 3298 ἐχάρη·
780 3216 834 3278 καί
857 3215 908 3277 διά
931 3222 1022 3276 τοῦτο
1046 3210 1215 3295 ἐδήλωσεν
1241 3218 1315 3302 ύμῖν
1336 3217 1383 3296 τὴν

200 3318 366 3400 οἰκοδομὴν
398 3328 453 3381 τοῦ
484 3318 602 3403 πύργου
624 3321 677 3382 καί
710 3321 800 3401 ἕτερα
831 3318 982 3404 δηλώσει,
1015 3317 1070 3379 ἐάν
1093 3315 1129 3394 ἐξ
1153 3318 1238 3405 ὅλης
1262 3321 1384 3404 καρδίας

200 3425 389 3507 εἰρηνεύετε
413 3423 451 3487 ἐν
473 3425 613 3504 ἑαυτοῖς.

273 3577 315 3641 lm
333 3575 473 3647 καθέδρας
491 3576 515 3630 G
531 3578 535 3646 Ι
551 3577 596 3643 2Ι3
613 3577 830 3651 μεμαρασμένον
848 3578 873 3633 G
895 3579 899 3646 Ι
921 3579 938 3632 θ
956 3582 1020 3646 μαλ.
1032 3594 1039 3628 2
1052 3572 1206 3651 ἁμαρτιῶν
1228 3581 1256 3637 G
1272 3583 1277 3653 Ι
1298 3580 1384 3650 καί-Ι

200 3669 258 3718 τῶν
276 3662 300 3717 G
325 3665 329 3730 Ι
353 3663 371 3714 4
389 3663 441 3735 γὰρ
460 3662 530 3730 οὶ)
548 3665 573 3720 G
597 3668 602 3735 Ι
626 3667 642 3719 5
660 3665 861 3738 προσδέχονται
881 3666 904 3719 G
921 3665 924 3733 Ι
940 3665 1029 3734 κόμην
1047 3662 1072 3717 G
1096 3663 1101 3732 Ι
1126 3665 1146 3719 6
1164 3672 1320 3737 paam>
1339 3668 1361 3722 G
1379 3728 1382 3734 ,

201 3749 216 3800 7
235 3748 486 3821 παραδεδώκατεῦ
502 3752 506 3820 Ι
522 3751 539 3804 9
557 3749 634 3808 ἔπαλ.
646 3771 653 3804 ι
666 3751 875 3827 έπορεύθητεύί
891 3754 895 3821 Ι
911 3751 973 3817 9Ι10
991 3748 1036 3806 έπί
1053 3750 1201 3825 καθέδρας
1220 3760 1333 3826 καθίζει
1345 3754 1366 3809 G
1379 3754 1382 3817 ξ

203 3836 236 3888 16
254 3835 301 3906 ίΙδη
319 3834 367 3906 ἀφ.
381 3855 387 3887 t
400 3836 501 3893 ἀπελπι
514 3877 520 3889 .
534 3879 540 3890 .
555 3837 579 3892 G
602 3846 606 3903 Ι
631 3841 663 3895 18
681 3845 731 3911 τὴν
748 3872 781 3880 -
799 3845 870 3910 ζωῆς
888 3838 958 3894 GLA
973 3856 979 3890 ι
993 3858 1043 3908 την
1060 3857 1171 3912 ημεραι·
1198 3862 1254 3912 τησ
1273 3859 1385 3915 εσχατφσ

201 3927 273 3993 ζωησ
291 3924 309 3976 S
326 3927 329 3992 Ι
347 3925 380 3978 19
397 3930 499 3999 κλῆρος
517 3925 541 3980 G
557 3927 561 3996 Ι
577 3927 611 3980 20
630 3926 721 3984 οὐκέτι
740 3926 817 3984 ἀνακ.
833 3945 839 3978 t
853 3926 904 3984 ούκ
922 3924 1097 3982 έπανάκειται
1116 3925 1144 3980 G
1160 3925 1165 3997 Ι
1186 3929 1275 3994 21222
1293 3929 1348 3986 ώτδ
1365 3949 1384 3983 τ·

201 4027 246 4080 ιιρ.
266 4008 351 4067 αύιοῦ
368 4031 414 4085 πρ.
429 4030 435 4063 ι
449 4051 536 4065 .....
557 4009 588 4068 έκ
606 4021 656 4068 τοῦ
667 4013 705 4082 (θ)
718 4015 801 4084 ιιραΑ
816 4013 840 4068 G
856 4013 859 4082 Ι
876 4013 910 4065 24
927 4008 1106 4069 δινανεώσατε
1121 4012 1148 4066 G
1164 4014 1170 4083 Ι
1191 4015 1279 4082 24s25
1299 4018 1333 4074 τᾶ
1344 4036 1383 4071 πυ.

203 4095 220 4147 S
240 4096 275 4149 ef.
296 4100 335 4159 13,
355 4099 436 4155 2ιτδ
455 4109 563 4168 πνεῦμα
581 4098 699 4169 (ίύΙΑΙΙ
720 4100 753 4153 26
771 4099 951 4172 ἰσχυρότερον
970 4099 994 4154 G
1014 4099 1018 4167 Ι
1041 4095 1158 4155 ένεδυνα
1171 4139 1222 4157 ...
1246 4103 1280 4165 G,
1300 4109 1384 4162 εδυιυ·

201 4188 316 4252 μωθητε
335 4184 353 4236 S
369 4191 373 4251 Ι
389 4186 422 4238 27
441 4182 519 4254 ὑμῶν
531 4205 537 4238 ι
550 4207 643 4243 αυτων
661 4186 678 4240 S
695 4186 699 4258 Ι
715 4185 909 4258 έδηλοποίησεν
927 4188 951 4243 G
967 4190 971 4255 Ι
986 4184 1050 4256 ύμῖν
1063 4203 1070 4238 :
1082 4187 1198 4256 ὕμωνθ
1216 4193 1221 4256 1
1239 4191 1276 4247 28
1295 4189 1383 4258 έὰνέξ

202 4263 265 4337 δίης
277 4287 283 4321 2
296 4309 303 4322 .
317 4310 323 4323 .
338 4311 363 4324 ..
384 4271 408 4326 G
425 4272 428 4340 Ι
444 4276 566 4346 καρδίαις
583 4273 664 4342 G(L¹)
681 4275 685 4342 Ι
701 4274 735 4327 29
753 4273 905 4347 εἰρηνεύετε
924 4272 1002 4344 (παι)
1021 4272 1239 4349 θεείρηνεύητε
1259 4279 1285 4334 G
