2834 5018
534 1178 953 1251 PRESBYTERORUM

415 1328 612 1396 uuuroumu
631 1332 679 1386 m
697 1332 858 1387 reuulso
877 1332 1076 1387 suuvnrm.

249 1772 276 1833 1.
313 1769 585 1845 Quemadmodum
616 1770 721 1834 audivi
751 1793 770 1833 a
802 1773 939 1854 quodam
969 1772 1255 1855 presbytero,
1293 1772 1348 1857 qui

133 1873 304 1938 ⁶uudierut
327 1873 375 1938 ab
398 1873 481 1951 his,
513 1875 583 1959 qui
607 1875 828 1959 apostolos
862 1877 1082 1953 viderant,
1116 1883 1154 1941 et
1179 1878 1229 1941 ab
1261 1877 1345 1954 his,

161 1977 231 2063 qui
254 1978 506 2043 didicerant:
529 1978 676 2043 sufficere
692 1980 852 2044 veteribus
875 1983 912 2044 de
935 1980 994 2057 his,
1021 2003 1101 2064 quse
1118 1981 1187 2045 sine
1210 1983 1347 2046 consilio

195 2132 215 2184 Ι.
234 2130 295 2185 Hoc
307 2131 497 2201 fragmentum
507 2136 536 2186 et
553 2132 609 2186 tria
619 2149 734 2200 sequen·
748 2142 790 2203 tp.
806 2135 838 2189 12
850 2134 903 2202 sq.)
922 2135 1039 2188 eandem
1057 2134 1229 2188 sententiam
1249 2135 1346 2189 deien-

160 2219 204 2272 tiu
221 2219 296 2273 inter
323 2234 353 2272 sc
371 2234 497 2272 connexu
521 2223 595 2274 sunt
631 2194 813 2274 Redur-idit.
851 2220 1039 2274 Tertullianus
1065 2221 1180 2288 quidem
1203 2222 1248 2276 De
1269 2223 1346 2292 bapt.

161 2310 252 2375 gaunt
283 2306 505 2374 vituperationes
539 2308 638 2360 contro
672 2306 735 2376 pios
748 2290 750 2333 ⁴
764 2307 879 2369 c.9.11;
898 2306 939 2361 Dc
957 2310 1015 2377 put
1031 2310 1094 2369 c.3;
1114 2307 1155 2362 De
1174 2310 1346 2380 praescript

160 2398 269 2447 veteres
289 2397 318 2447 et
336 2392 368 2445 V.
389 2393 419 2445 T.
438 2393 576 2462 prolatus,
597 2396 626 2447 et
645 2398 787 2448 osten-¹0.
807 2396 830 2448 3.
849 2396 898 2455 44;
928 2395 997 2448 Adv.
1026 2396 1112 2448 Marc.
1132 2393 1179 2457 IV,
1198 2395 1235 2450 22
1264 2396 1346 2451 disci-

160 2481 248 2543 dunt,
278 2481 394 2534 cundem
422 2496 483 2532 esse
511 2480 540 2532 in
567 2480 736 2534 vindicando
763 2480 846 2550 pulos
857 2481 971 2535 Domini
985 2483 1125 2536 discentes
1138 2483 1285 2546 nominat3
1305 2484 1346 2539 De

160 2568 300 2623 iustitium
319 2567 372 2621 Dei
389 2567 419 2619 in
438 2569 471 2622 V.
491 2572 520 2622 et
538 2567 570 2621 N.
591 2569 622 2622 T.
642 2570 674 2638 (1,
689 2567 735 2638 20)
765 2583 850 2620 carno
863 2567 926 2622 Chr.
947 2587 968 2622 c.
989 2572 1017 2629 6;
1037 2569 1078 2623 De
1091 2571 1262 2640 praescript.
1276 2588 1299 2625 c
1313 2572 1346 2626 30

161 2656 190 2710 et
218 2655 272 2708 duo
291 2655 475 2708 Testamenta
504 2657 540 2709 ab
566 2671 622 2709 uno
646 2660 675 2710 et
693 2672 737 2709 eo·
749 2648 752 2691 ἕ
765 2656 799 2708 de
818 2655 990 2708 discentibus
1003 2655 1114 2710 Pontici
1132 2657 1179 2711 vel
1190 2657 1346 2713 Marcionis

161 2742 225 2797 dem
243 2742 302 2797 Deo
320 2758 380 2795 esse
398 2741 467 2811 (IV).
504 2741 648 2813 Leguntur
666 2744 734 2796 Adv.
749 2706 899 2813 iloquitur.
936 2743 1067 2797 irenaeus
1086 2744 1147 2814 ipse
1167 2743 1215 2807 ΙΙΙ,
1238 2747 1278 2809 12,
1300 2746 1345 2806 13;

160 2831 236 2885 hoer.
257 2830 303 2894 IV,
321 2828 433 2892 27-32,
452 2827 537 2882 modo
556 2829 752 2903 expositioni-j
767 2830 836 2889 15.3
856 2829 1011 2899 discipulos
1029 2831 1226 2899 apostolorum
1249 2832 1345 2902 appel·

160 2918 213 2970 bus
233 2917 493 2977 Irenaeidistcnto‚
514 2916 543 2969 et
562 2915 672 2970 abono
692 2910 807 3005 eo-llat
838 2916 977 2971 discentes
1005 2933 1108 2971 eorum.
1154 2919 1219 2972 Hoc
1250 2923 1346 2974 autem

162 3002 282 3071 demque
300 3005 374 3057 teste
392 3003 522 3073 profecta
546 3005 627 3066 sunt,
653 3019 737 3070 quem
764 3003 828 3057 loco
855 3004 971 3057 verbum
990 3005 1092 3059 discere
1120 3004 1254 3060 obsolute
1279 3009 1345 3067 stet,

160 3090 291 3145 Irenaeus
309 3091 363 3144 hoc
380 3090 443 3144 loco
463 3090 604 3156 quendum
621 3091 735 3159 presby·
764 3106 883 3157 nequee
902 3092 1036 3143 contextu
1049 3089 1148 3160 colligi
1159 3094 1268 3159 potest,
1281 3109 1345 3161 sup

159 3180 266 3240 terum,
286 3179 387 3246 postea
405 3176 526 3247 (F'ragm.
545 3177 595 3246 IV)
614 3177 736 3247 discipu·
764 3177 899 3248 plendum
925 3194 999 3230 esse:
1029 3177 1200 3239 aDomino;
1228 3178 1346 3232 minime

160 3264 219 3317 lum
238 3264 433 3334 apostolorum
450 3266 549 3327 vocat,
578 3265 736 3318 accuratius
749 3286 751 3305 ι
765 3265 840 3318 enim
847 3264 999 3317 verisimile
1010 3268 1060 3327 est,
1072 3264 1224 3318 Irenaeum
1232 3269 1345 3324 testem,

160 3368 226 3405 vero
244 3369 302 3405 non
319 3352 460 3420 designet.
496 3351 668 3421 Polycarpus
687 3350 737 3405 illa
749 3314 752 3423 i
764 3367 847 3417 quem
856 3350 1026 3420 discipulum
1034 3350 1151 3405 Domini
1158 3350 1345 3415 habetetium

160 3437 303 3493 locutione
340 3439 415 3492 houd
452 3439 536 3493 dubie
570 3430 900 3504 excluditur.⁵tunquam
937 3436 1108 3506 discipulum
1149 3439 1345 3506 apostolorum

161 3522 227 3587 Quis
261 3526 356 3578 autem
383 3525 432 3579 ille
465 3524 612 3594 presbyter
642 3524 736 3589 fuerit,
763 3527 897 3594 proferre.
935 3525 1024 3578 Locus
1037 3527 1119 3578 textu
1137 3524 1249 3580 tra-dito
1262 3543 1346 3581 sensu

160 3609 244 3678 plane
261 3611 342 3668 lutet.
749 3586 848 3685 iceret
885 3613 947 3665 lure
961 3628 1024 3664 eum
1045 3628 1101 3664 non
1114 3610 1239 3666 fideliter
1260 3612 1345 3666 tradi·

197 3698 219 3749 1.
240 3701 269 3751 et
287 3700 323 3752 ab
342 3699 394 3764 his,
415 3700 463 3767 qui
477 3700 644 3769 didicerant]
664 3699 736 3753 Dod·
749 3690 751 3713 '
763 3701 824 3752 turn
838 3703 888 3754 aut
906 3699 1037 3752 aLutino
1050 3698 1143 3751 minus
1163 3702 1243 3752 recte
1253 3704 1345 3753 truns-

160 3783 224 3837 well
251 3785 400 3841 Dissertl
427 3788 457 3840 in
476 3789 548 3841 Iren.
576 3788 627 3856 §6
654 3805 682 3856 p.
705 3780 854 3841 iitlutum
872 3803 932 3839 esso
952 3801 1114 3847 censemus,
1143 3801 1267 3854 cumque
1287 3803 1345 3841 ver·

160 3869 232 3924 hoec
250 3872 337 3926 verbu
356 3872 391 3927 de
410 3873 556 3943 discipulis
569 3873 683 3927 Domini
696 3874 736 3927 in·
749 3876 751 3911 5
762 3872 829 3927 bum
854 3875 955 3928 discere
980 3871 1066 3926 verbo
1091 3873 1181 3927 cidem
1208 3891 1268 3927 non
1287 3878 1346 3929 tom

161 3959 334 4024 terpretatus
347 3963 397 4023 est,
420 3961 469 4027 qui
482 3977 539 4015 non
551 3959 657 4015 fuerint
670 3946 927 4073 opo-*oppositum
954 3959 991 4012 sit
1020 3975 1104 4027 quom
1130 3958 1185 4013 hoc
1215 3961 1347 4031 explicet,

162 4040 235 4103 stoli,
256 4043 352 4110 quules
366 4045 486 4098 fuissent
500 4046 606 4115 Papiae
618 4046 737 4100 Ioannes
764 4046 811 4101 vix
830 4063 954 4100 erramus
967 4062 1050 4099 voces
1070 4047 1104 4100 ab
1116 4046 1161 4100 tis
1180 4063 1247 4101 curn
1260 4050 1348 4104 verbo

163 4128 309 4197 presbyter
328 4136 356 4186 et
372 4133 511 4195 Aristion;
531 4137 559 4187 et
577 4133 737 4202 nuperrime
749 4116 752 4147 ²
763 4134 916 4187 didicerant
943 4133 1153 4203 coniungentes.
1212 4136 1348 4191 Irenueus

164 4213 313 4270 heimbach
332 4218 407 4288 (Das
419 4221 658 4289 Papiassrupmcnt
670 4220 736 4273 1875
764 4219 909 4288 scripsisse
929 4219 1097 4274 iudicandus
1117 4221 1174 4273 est:
1194 4223 1277 4295 παρὰ
1292 4232 1350 4281 τῶν
