2834 5018
206 331 267 395 134
670 323 683 377 1
701 320 907 378 οιτιτιιιντιε

203 500 439 565 έπισκέπτονται
462 501 517 576 τὰς
546 500 729 583 ἀναγραφὰς
751 507 814 561 τῶν
844 498 966 581 χρόνων
987 498 1040 560 καί
1065 495 1259 578 εὑρίσκουσιν
1283 495 1374 558 αὐτὸν

202 614 465 671 πεντακοσιοστού
488 605 576 678 ἔτους
598 601 842 685 πεπληρωμένου
866 601 1065 688 ἐληλυθέναι.

289 712 407 778 XXVI
431 708 522 793 Μέγα
543 709 597 771 καί
621 709 805 789 θαυμαστὸν
829 705 883 771 ούν
908 706 1071 790 νομίζομεν
1095 703 1182 784 είναι,
1207 704 1234 767 εί
1257 704 1375 789 ύδημι-

203 817 314 901 ουργὸς
336 822 398 877 τῶν
415 812 562 876 ἁπάντων
585 811 755 875 ἀνάστασιν
769 812 932 896 ποιήσεται
955 820 1017 874 τῶν
1034 809 1126 885 ὁσίως
1150 810 1235 891 αύτῷ
1251 808 1375 871 δουλευ-

175 920 324 984 τσοίντων
347 918 380 983 ἐν
403 915 592 998 πεποιθήσει
615 914 748 990 πίστεως
771 916 908 1000 ἀγαθῆς,
931 916 1011 978 ὅπου
1033 916 1086 977 καί
1110 913 1149 977 δι’
1165 912 1273 995 ὀρνέου
1297 912 1376 975 δείκ-

201 1046 287 1088 νυσιν
309 1022 381 1107 ἡμῖν
404 1024 440 1085 τύ
464 1020 628 1105 μεγαλεῖον
644 1029 698 1102 της
722 1019 910 1105 ἐπαγγελίας
926 1021 1041 1100 αὐτούς
1065 1024 1095 1086 2.
1118 1019 1202 1103 λέγει
1217 1019 1279 1102 γοίρ
1296 1037 1374 1081 που·

201 1128 273 1193 Καὶ
296 1126 535 1210 ἐξαναστήσας
557 1148 610 1206 με,
633 1126 689 1189 καὶ
712 1125 1006 1211 έξομοίογήσομαί
1028 1145 1097 1190 σοι·
1121 1122 1192 1185 καί·
1214 1122 1375 1205 Ἐκοιμή-

201 1231 272 1315 θην
286 1234 343 1295 καί
358 1235 513 1308 ύπνωσα,
530 1227 729 1313 έξηγέρθην,
752 1231 803 1294 ὅτι
826 1233 868 1294 σύ
882 1231 955 1311 μετ’
979 1231 1063 1310 ἐμοῦ
1080 1230 1118 1293 εί.
1160 1233 1189 1297 3.
1214 1229 1267 1291 καί
1284 1226 1376 1290 ποίλιν

201 1335 273 1421 Ἰὼβ
297 1335 398 1420 λέγει·
422 1335 493 1400 Καί
509 1335 710 1418 ἀναστήσεις
726 1337 789 1419 τὴν
805 1337 914 1421 σάρκα
936 1357 1003 1417 μου
1019 1337 1147 1418 ταύτην
1168 1336 1232 1417 τὴν
1252 1333 1376 1396 ἀναντ-

162 1459 188 1496 1⁰
201 1440 358 1525 λήσασαν
379 1446 486 1504 ταῦτα
509 1440 631 1504 πάντα.

287 1545 420 1610 XXVII.
446 1541 553 1626 Ταύτη
569 1540 623 1606 ούν
646 1553 685 1627 τη
700 1542 801 1606 ἐλπίδι
825 1544 1108 1627 προσδεὸέσθωσαν
1125 1544 1157 1607 αἱ
1172 1545 1271 1628 ψυχαί
1286 1543 1373 1628 ἡμῶν

200 1656 244 1732 τῷ
274 1655 373 1731 πιστῷ
397 1646 430 1711 ἐν
459 1655 527 1721 ταῖς
556 1646 756 1732 ἐπαγγελίαις
788 1650 841 1711 καί
864 1657 908 1733 τῷ
939 1649 1049 1733 δικαίῳ
1079 1650 1112 1713 ἐν
1135 1659 1198 1724 τοῖς
1221 1649 1374 1732 κρίμασιν.

200 1758 230 1820 2.
255 1753 272 1816 ύ
294 1750 506 1836 παραγγείλας
528 1755 570 1836 μὴ
594 1752 790 1834 ψεύδεσθαι,
814 1753 923 1836 πολλῷ
946 1753 1065 1837 μᾶλλον
1089 1755 1181 1829 αὐτὸς
1205 1755 1243 1818 ού
1267 1753 1376 1836 ψεύσε-

199 1879 267 1921 ται·
302 1857 391 1921 ούδὲν
424 1858 485 1941 γὰρ
518 1856 670 1919 ἀδύνατον
704 1860 788 1938 παρὰ
811 1866 854 1941 τῷ
890 1861 958 1941 θεῷ
992 1859 1020 1921 εί
1053 1862 1094 1942 μή
1117 1861 1153 1922 τὸ
1186 1859 1376 1941 ψεύσασθαι.

162 1986 188 2024 ιι
201 1968 231 2031 3.
255 1962 531 2046 ἀναζωπυρησοίτω
563 1958 660 2044 οὖνὴ
689 1961 788 2037 πίστις
820 1964 914 2026 αὐτοῦ
938 1963 970 2026 ἐν
1001 1962 1090 2047 ἡμῖν,
1122 1965 1175 2027 καί
1205 1963 1376 2047 νοήσωμεν,

201 2070 247 2131 ὅτι
269 2068 372 2130 ποίντα
402 2064 493 2149 ἐγγύς
516 2067 600 2148 αύτῷ
633 2064 723 2132 ἐστιν.
771 2071 800 2133 4.
826 2066 858 2130 ἐν
882 2067 966 2151 λύγῳ
999 2078 1053 2151 της
1076 2067 1301 2152 μεγαλωσύνης
1324 2069 1376 2130 αύ-

200 2180 255 2235 τού
271 2170 481 2254 συνεστήσατο
503 2171 543 2232 τὰ
557 2170 660 2233 ποίντα
682 2172 735 2232 καί
751 2170 784 2234 ἐν
807 2169 892 2254 λύγιμ
909 2172 1036 2235 δύναται
1052 2174 1131 2235 αὐτὰ
1152 2171 1376 2254 καταστρέψαι.

202 2279 231 2342 5.
259 2276 316 2357 Τίς
339 2276 410 2361 ἐρεῖ
429 2277 537 2358 αύτῷ·
566 2273 606 2338 Τί
627 2274 808 2358 ἐποίησας;
830 2279 851 2358 ή
874 2279 923 2355 τίς
939 2277 1175 2361 ἀντιστήσεται
1198 2284 1245 2361 τῷ
1263 2279 1377 2362 κροίτει

201 2387 259 2464 τῆς
282 2383 397 2462 ἰσχύος
420 2382 543 2455 αὐτοῦς
580 2380 631 2441 ὅτε
654 2377 743 2443 θέλει
765 2380 818 2441 καί
842 2379 884 2454 ὡς
908 2379 1016 2460 θέλει,
1046 2380 1168 2463 ποιήσει
1198 2381 1301 2444 πάντα
1326 2381 1378 2442 καί

161 2505 187 2544 ιο
201 2484 290 2547 οὐδέν
319 2486 361 2567 μή
391 2482 537 2566 παρέλθῃ
568 2490 629 2545 τῶν
659 2482 947 2566 δεδογματισμένων
979 2484 1032 2547 ὑπ’
1063 2487 1169 2548 αὐτοῦ.
1223 2488 1251 2551 6.
1277 2485 1379 2549 ποίντα

201 2587 332 2654 ένύπιον
355 2589 449 2650 αὐτοῦ
473 2587 559 2667 είσίν,
582 2588 636 2650 καί
660 2587 749 2650 οὐδέν
772 2586 909 2672 λέληθεν
933 2590 988 2671 τὴν
1013 2588 1127 2674 βουλήν
1151 2590 1257 2667 αὐτοῦ,
1298 2592 1327 2654 7.
1351 2588 1378 2651 εί

202 2696 233 2759 οἱ
256 2695 394 2779 οὐρανοί
418 2692 611 2776 διηγοῦνται
635 2688 739 2770 δόξαν
761 2689 865 2770 θεοῦ,
895 2695 1035 2777 ποίησιν
1067 2693 1104 2756 δὲ
1125 2698 1250 2777 χειρῶν
1273 2695 1378 2757 αὐτοῦ

107 2816 110 2824 ·
201 2798 398 2882 ἀναγγέλλει
420 2799 458 2861 τὸ
482 2797 671 2882 στερέωμα·
701 2796 856 2881 ῆήμέρα
878 2801 920 2881 τῇ
941 2799 1052 2883 ἡμέρᾳ
1081 2797 1250 2881 ἐρεύγεται
1274 2799 1376 2880 ῥῆμα,

200 2902 256 2966 καὶ
286 2900 350 2982 νὺξ
373 2903 468 2965 νυκτί
498 2898 695 2983 ἀναγγέλλει
720 2905 864 2981 γνῶσιν·
897 2902 953 2965 καί
977 2904 1039 2965 οὐκ
1062 2902 1149 2965 εἰσὶν
1178 2899 1273 2983 λόγον
1297 2899 1376 2964 οὐδὲ

161 3027 187 3066 τι
201 3006 324 3086 λαλιαί,
348 3007 398 3071 ὧν
421 3007 495 3088 οὐχὶ
519 3007 701 3069 ἀκούονται
724 3007 759 3068 αὶ
782 3006 894 3087 φωναί
918 3007 1042 3068 αὐτῶν.

288 3111 435 3176 XXVIII.
460 3107 592 3171 Ποίντων
604 3104 659 3170 ούν
672 3107 870 3192 βλεπομένων
885 3109 938 3171 καί
955 3108 1165 3191 ἀκουομένων,
1182 3106 1375 3192 φοβηθῶμεν

201 3215 294 3278 αύτὸν
316 3215 370 3277 καί
401 3211 602 3294 ἀπολίπωμεν
627 3211 754 3293 φαύλων
777 3213 876 3296 ἔργων
907 3214 1018 3295 μιαρας
1042 3211 1226 3295 ἐπιθυμίας,
1258 3213 1311 3276 ίνα
1333 3218 1376 3294 τῷ

102 3374 105 3380 .
200 3317 281 3381 ἐλέει
303 3319 399 3380 αὐτοῦ
423 3319 655 3399 σκεπασθῶμεν
679 3318 741 3379 ἀπὸ
764 3325 825 3380 τῶν
849 3316 1026 3400 μελλόντων
1046 3317 1215 3400 κριμνίτων.
1261 3320 1291 3382 2.
1316 3322 1375 3379 πού

199 3423 260 3507 γοίρ
288 3443 332 3497 τις
361 3421 450 3505 ἡμῶν
481 3420 607 3484 δύναται
638 3431 745 3504 φυγεῖν
777 3422 839 3484 ἀπὸ
868 3432 922 3505 τής
950 3430 1100 3502 κραταιᾶς
1130 3423 1232 3503 χειρὸς
1262 3422 1375 3496 αύτούς

161 3547 188 3584 ιο
201 3537 287 3603 ποῖος
310 3527 345 3590 δέ
367 3527 484 3608 κύαμος
506 3523 626 3600 δέξεταί
648 3545 716 3587 τινα
738 3532 800 3589 τῶν
823 3525 1078 3608 αὐτομολούντων
1102 3525 1157 3589 ἀπ’
1179 3528 1297 3606 αύτούς
1327 3524 1375 3588 λέ-

270 3659 286 3711 2
303 3655 495 3729 πληρουμένου
514 3655 540 3707 Η
560 3656 564 3723 Ι
585 3655 602 3708 8
620 3651 734 3712 ύιινωσα
751 3655 816 3708 AL:
831 3656 920 3725 -Ι-καί
938 3655 984 3708 HS
1004 3655 1008 3726 Ι
1031 3656 1047 3709 9
1067 3672 1108 3721 sq.
1127 3657 1305 3726 ἀντλήσασαν
1323 3653 1349 3708 H
1369 3654 1373 3721 Ι

203 3746 233 3798 11
251 3743 504 3817 προσδεχέσθωσαν
522 3742 565 3806 H!
585 3742 617 3794 12
635 3738 666 3797 ἐν
682 3745 759 3811 pr>
778 3742 804 3794 H
820 3743 824 3812 Ι
840 3745 880 3816 τῷ
899 3748 988 3807 sec>
1006 3742 1032 3795 H
1048 3743 1052 3813 Ι
1071 3743 1103 3796 14
1124 3745 1209 3817 τῷ)
1228 3742 1255 3796 Η
1271 3747 1276 3807 Ι
1300 3743 1377 3808 τὸ)

201 3831 246 3893 H!
265 3831 295 3887 17
315 3830 392 3897 τὰ)
410 3831 436 3883 Η
461 3831 464 3899 Ι
491 3831 523 3885 19
541 3825 589 3885 ύτε
606 3827 677 3882 AHS
691 3847 697 3880 ι
712 3829 779 3895 quia
797 3845 860 3882 cum
878 3828 906 3891 L,
926 3825 969 3885 ύτι
990 3826 1038 3886 ύτε
1056 3829 1170 3898 ΚυομίΙ
1194 3833 1307 3899 ποιήσαι
1325 3828 1352 3881 Η
1370 3827 1374 3897 Ι

201 3920 234 3971 22
253 3914 1199 3987 02>H123125IIma-0I12'22a2H125aItoe0H126
1219 3912 1374 3983 ούν>ΗΙ

201 4008 234 4060 27
254 4011 448 4075 ααολειιιωμεν
465 4003 491 4055 Α
506 4006 509 4073 Ι
524 4003 627 4075 μιαράς
639 4021 645 4055 :
657 4003 794 4076 βλαβερὰς
811 4004 837 4057 H

235 4117 334 4179 XXVI,
357 4119 378 4170 l.
398 4116 427 4174 ἐν
444 4121 610 4188 πεποιθήσει
628 4135 655 4171 τι.
675 4114 712 4186 ού]
733 4115 775 4169 Cf·
802 4121 848 4173 καί
865 4115 1003 4174 ἀνὲθαλεν
1020 4119 1036 4187 'I
1054 4116 1124 4189 σιίρξ
1141 4136 1197 4186 μου
1213 4120 1261 4172 καί
1279 4114 1311 4173 ἐκ
1331 4121 1375 4172 θε-

202 4206 242 4267 35,
263 4207 286 4258 2.
307 4203 376 4272 Εμύ.
396 4205 420 4266 3,
441 4204 480 4257 12.
802 4205 923 4275 λήματός
945 4225 1001 4274 μου
1025 4202 1265 4273 έξομολογήσομαι
1292 4201 1373 4275 αύτῷ,

235 4291 260 4343 2.
278 4293 324 4346 καί
343 4288 615 4362 ἐξαναστήσειςκτλλ
629 4292 673 4346 Ps.
686 4292 727 4355 27,
743 4294 773 4347 7:
801 4306 886 4357 quem
911 4290 1003 4344 locum
1026 4290 1154 4346 Clemens
1180 4288 1374 4344 abbreviatum
