2834 5018
280 693 506 750 MARTYRIUM
525 694 551 749 S.
570 692 775 749 POLYCARPI
794 692 867 758 VIII,
887 691 984 756 I—IX,
1004 697 1027 748 1.
1174 696 1237 761 323

58 874 253 938 mentionem
285 872 404 938 fecerat
435 874 593 949 omnium,
632 873 687 956 qui
719 872 888 956 aliquando
920 894 990 936 cum
1020 871 1091 955 ipso
1121 870 1238 935 versati

58 980 195 1054 lirerant,
219 999 389 1061 parromm
406 978 532 1062 quidem
549 984 581 1042 et
596 999 792 1062 magnorum,
810 978 967 1042 clarorum
984 982 1017 1041 et
1031 979 1237 1042 obscurorum

57 1083 221 1166 totiusque
243 1104 300 1165 per
322 1083 431 1146 orbern
454 1088 609 1147 terrarum
629 1082 806 1147 catholicae
822 1082 982 1161 ecclesiae,
1010 1103 1144 1166 cumque
1158 1081 1239 1145 hora

56 1187 278 1270 proficiscendi
301 1187 446 1261 venisset,
471 1188 558 1250 asino
582 1209 654 1251 eum
669 1188 866 1271 imponentes
888 1188 923 1252 in
945 1189 1057 1252 urbem
1081 1188 1237 1251 duxerunt

59 1293 109 1356 die
131 1292 242 1375 magni
258 1292 393 1356 sabbati.
429 1295 458 1355 2.
483 1293 526 1356 Et
542 1294 678 1357 occurrit
701 1293 729 1357 ei
746 1292 889 1357 Herodes
904 1293 1070 1357 irenarcha
1093 1314 1129 1356 ac
1143 1294 1236 1374 pater
1250 1308 1264 1345 ⁶

57 1397 125 1460 eius
148 1396 296 1471 NicetaS,
322 1396 376 1479 qui
399 1400 430 1459 et
453 1417 524 1460 eum
546 1397 579 1461 in
602 1418 766 1461 canucam
788 1420 879 1462 suam
901 1396 1132 1462 transtulerunt
1156 1395 1236 1459 assi·

58 1501 229 1584 dentesque
261 1501 471 1566 hortabantur
504 1502 659 1565 dicentes:
695 1499 778 1577 Quid
809 1501 892 1565 enim
914 1500 991 1565 mali
1013 1507 1082 1577 est,
1116 1501 1236 1565 dicere:

57 1605 213 1670 Dominus
237 1605 362 1683 Caesar,
387 1611 418 1669 et
441 1607 617 1671 sacrificare
640 1611 672 1670 et
694 1606 817 1690 reliqua
839 1606 960 1682 facere,
987 1627 1067 1689 quae
1091 1628 1161 1671 cum
1185 1625 1237 1668 sa·

57 1709 175 1772 orificio
208 1731 346 1773 connexa
377 1716 467 1783 sunt,
501 1716 597 1794 atque
627 1711 673 1774 ita
705 1710 828 1774 salvum
860 1711 1015 1775 evadere?
1049 1710 1108 1774 Ille
1131 1714 1237 1775 autem

56 1814 195 1896 primum
226 1814 352 1896 quidem
375 1813 414 1877 iis
443 1835 506 1877 non
536 1814 716 1897 respondit3
751 1814 806 1877 sed
829 1835 902 1877 cum
934 1814 1107 1890 instarent,
1138 1814 1235 1877 dixit:
1251 1834 1276 1872 ιο

57 1916 213 1981 Facturus
235 1940 299 1982 non
322 1941 408 1993 sum,
434 1919 517 2001 quod
540 1918 680 1981 suadetis
702 1918 789 1981 milri.
837 1918 866 1982 3.
892 1918 974 1982 Tum
997 1918 1061 1995 illi,
1091 1918 1237 1983 frustrati

57 2044 113 2104 spe
136 2019 285 2086 flectendi
307 2045 397 2097 eum,
413 2023 642 2087 contumeliosa
665 2024 694 2087 ei
715 2024 812 2087 verba
828 2023 976 2087 dixerunt
999 2029 1031 2087 et
1054 2045 1124 2087 cum
1140 2022 1235 2086 vehe-

56 2129 175 2192 mentia
208 2131 386 2194 deiecerunt
418 2152 506 2206 eum,
539 2131 617 2194 adeo
640 2136 677 2195 ut
699 2153 716 2195 e
738 2153 868 2195 carruca
896 2129 1001 2193 exiens
1034 2128 1147 2193 tibiam
1170 2125 1235 2190 dis·

56 2233 206 2297 traheret.
254 2233 315 2297 Sed
337 2256 538 2319 nequaquam
573 2242 764 2313 commotus,
798 2235 888 2320 quasi
910 2234 991 2298 nihil
1023 2233 1100 2297 mali
1122 2253 1236 2316 passus

57 2343 148 2415 esset,
173 2337 321 2403 alacriter
343 2346 376 2405 et
396 2363 530 2425 propere
552 2343 716 2425 pergebat,
742 2342 855 2406 ductus
879 2341 920 2404 ad
941 2339 1088 2403 studium.
1114 2337 1236 2400 Tantus
1250 2359 1276 2397 ιο

57 2463 130 2505 vero
153 2448 221 2507 erat
244 2445 277 2507 in
300 2446 403 2509 stadio
426 2445 592 2523 tumultus,
617 2452 652 2510 ut
674 2469 767 2511 nemo
790 2451 901 2530 posset
924 2444 1033 2508 audiri.

144 2548 200 2612 lX.
225 2549 403 2634 Polycarpo
427 2557 532 2615 autem
556 2553 688 2616 intranti
711 2553 744 2615 in
767 2552 904 2616 stadium
925 2570 986 2612 vox
1010 2571 1026 2613 e
1048 2547 1137 2613 caelo
1160 2568 1236 2612 oon-

55 2739 122 2788 luus
153 2739 209 2798 est,
239 2754 272 2791 ex
301 2739 411 2793 ratione
439 2738 535 2807 aliqua
554 2739 635 2794 nobis
662 2741 812 2796 sabbatum
840 2739 897 2794 diei
924 2737 987 2793 XIV
1014 2738 1118 2791 mensis
1147 2735 1237 2791 Nisan

58 2822 159 2892 ignota
171 2840 305 2892 magnum
325 2829 456 2878 vocaturn
470 2843 538 2879 esse.
558 2827 635 2880 Zahn
663 2829 831 2883 antecedens
855 2845 990 2897 magnum
1015 2826 1165 2881 sabbatum
1189 2842 1236 2895 ap·

57 2912 174 2978 insuper
191 2909 298 2963 Livelio
318 2911 364 2978 (of.
384 2909 480 2975 Usher,
500 2913 542 2967 De
561 2915 782 2984 annopellasse
810 2915 864 2982 (Cf.
896 2914 1001 2978 suein,
1029 2914 1235 2980 Joarmularf.

58 2995 107 3049 sol.
126 3014 154 3065 p.
174 2995 220 3065 25)
250 3012 376 3049 assensus
405 3002 448 3052 est
475 2999 633 3061 commenti,
647 2954 784 3058 lanachs
821 3003 908 3057 Ilicet.
941 3000 1006 3055 1861
1041 3018 1067 3069 p.
1100 3000 1238 3055 122—124

55 3089 173 3153 propter
182 3086 288 3137 festum
297 3084 471 3149 ludaeorum,
483 3086 528 3140 oui
539 3086 634 3140 Parim
662 3094 720 3144 not.
742 3091 776 3159 2).
814 3090 868 3144 Sed
888 3089 1038 3143 sabbatum
1056 3104 1161 3151 verum,
1180 3105 1237 3141 non

56 3187 158 3225 nomen
178 3174 235 3232 est,
259 3171 410 3241 Polycarpi
439 3173 513 3226 diem
540 3189 634 3243 supra·
662 3176 816 3242 quemlibet
828 3174 1012 3230 hebdomadis
1031 3174 1113 3237 diem,
1131 3180 1163 3229 ut
1178 3173 1237 3228 Hil-

55 3275 132 3310 mum
150 3274 284 3327 magnum
304 3260 348 3313 vel
367 3260 493 3314 sabbatis
513 3278 633 3315 commu·
661 3262 776 3331 genfeld
803 3261 910 3324 voluit,
938 3262 992 3315 hoc
1019 3261 1133 3314 nomine
1156 3277 1236 3314 orna

56 3345 139 3398 nibus
159 3344 367 3401 sollemniorem
379 3347 466 3402 luisse
488 3353 516 3402 et
527 3349 634 3402 dictum
646 3330 648 3391 l
660 3350 769 3402 verunt.

56 3447 125 3485 esse.
163 3432 311 3502 Lightfoot
339 3434 409 3487 illud
437 3434 541 3488 festum
564 3439 632 3490 tem-
695 3437 719 3489 2.
739 3433 781 3489 Cf.
799 3433 881 3504 Cypr.
896 3434 968 3487 Acta
980 3449 1108 3503 procons.
1128 3449 1150 3486 c.
1163 3434 1187 3486 2.
1201 3464 1234 3472 —

55 3537 125 3589 pore
148 3522 276 3589 martyrii
302 3523 347 3575 vel
375 3538 447 3576 anno
468 3524 517 3577 155
536 3540 634 3577 revera
661 3522 789 3593 Νικήτης]
809 3522 870 3575 Hoc
882 3538 984 3575 nomen
997 3520 1082 3587 idque
1096 3520 1131 3573 ad
1145 3521 1236 3595 Smyr·

55 3624 152 3660 mense
162 3606 314 3661 Februario
328 3613 447 3662 exeunt-e
461 3609 633 3662 celebratum
659 3625 724 3661 nam
735 3611 763 3663 et
772 3608 917 3679 regionem
931 3607 1080 3662 finitimam
1090 3609 1235 3677 pertinens

56 3694 144 3747 fuisse
165 3693 359 3748 demonstrare
378 3697 495 3748 conatus
515 3699 571 3759 est,
600 3713 633 3750 ac
660 3696 775 3751 exbibet
794 3698 902 3765 Corpus
915 3696 1043 3765 Inscript.
1057 3711 1146 3765 graec.
1158 3693 1235 3757 3148,

55 3782 204 3849 praeterea
221 3782 345 3844 monuit,
372 3783 492 3851 gentiles
521 3799 632 3849 quoque
660 3785 736 3838 3359.
755 3815 790 3824 —
808 3789 835 3841 τί
848 3785 901 3858 γὰρ
918 3786 1006 3841 κακὸν
1022 3783 1093 3853 κτλ]
1112 3784 1144 3836 In
1156 3782 1236 3837 Actis

56 3871 117 3920 turn
127 3868 261 3936 Smyrnae
271 3885 403 3938 magnum
415 3869 520 3924 festum
534 3871 632 3938 egisse,
660 3886 680 3921 s.
700 3869 764 3924 Iulii
781 3869 951 3924 Maximinus
971 3870 1055 3925 dicit:
1075 3869 1148 3934 Quid
1161 3870 1236 3922 enim

56 3954 174 4008 ludosa
202 3956 350 4008 Communi
369 3956 454 4010 Asiae
482 3955 573 4010 editos
593 3958 631 4023 (S.
660 3973 745 4026 grave
765 3961 808 4011 est
830 3957 990 4011 thurificare
1009 3962 1038 4011 et
1064 3957 1141 4012 abire
1160 3955 1235 4026 (Rui-

54 4040 184 4109 lgnatius
205 4042 242 4103 ΙΙ,
269 4042 424 4111 sao-695).
471 4042 633 4112 Hilgenfeld
659 4047 732 4105 nart,
751 4044 824 4098 Acta
836 4047 917 4099 mart.
933 4046 974 4098 ed.
989 4045 1094 4099 Galura
1105 4044 1152 4105 Ill,
1163 4045 1234 4109 27⁸2).

55 4127 128 4192 (Der
145 4128 331 4183 Poscbaolreil
358 4131 406 4183 der
433 4132 504 4185 alten
532 4130 633 4184 Kircbe
694 4131 748 4194 IX,
771 4131 793 4183 1.
822 4140 861 4206 τῷ
888 4131 918 4187 dl
943 4131 1013 4201 act]
1046 4131 1077 4184 In
1105 4132 1185 4186 Actis
1213 4147 1235 4182 s.

56 4213 125 4268 1860
144 4232 170 4283 p.
191 4215 342 4278 239-250;
373 4217 500 4271 Zeilscbr.
518 4219 539 4284 s.
560 4219 630 4271 scias
659 4217 786 4272 Nestoris
798 4218 924 4287 episcopi
933 4218 1065 4288 legimus:
1079 4216 1237 4290 Ἀγομένον

57 4300 145 4354 Tbeol.
168 4300 232 4354 1861
253 4320 279 4371 p.
293 4304 344 4358 368
358 4320 419 4370 sqq.
442 4305 508 4358 1874
526 4321 553 4372 p.
567 4304 631 4365 331;
659 4305 689 4362 δὲ
706 4314 758 4361 τοῦ
782 4309 919 4376 μακαρίου
943 4306 1014 4378 πρὸς
1038 4307 1089 4363 τὸν
1113 4305 1236 4378 ἡγεμόνα

56 4387 124 4440 1879
143 4405 171 4456 p.
187 4389 334 4453 154—157)
353 4391 440 4443 verba
457 4390 492 4443 de
515 4389 561 4444 die
581 4391 632 4444 XV
659 4392 773 4460 σεισμὸς
791 4391 901 4463 ἐγένετο
926 4392 1014 4465 μέγας
1031 4397 1076 4449 καὶ
1094 4397 1173 4464 φωνὴ
1192 4392 1237 4449 οὐ·

53 4475 161 4528 mensis
180 4473 268 4527 Nisan
294 4493 342 4528 seu
362 4476 504 4545 deprimo
524 4493 632 4545 azymo·
659 4479 783 4550 ρανύθεν
801 4477 901 4549 &vilda
918 4478 993 4554 αὐτῷ
1011 4480 1146 4553 λέγουσαι
1174 4485 1236 4538 'Av-

54 4580 117 4615 rum
138 4562 183 4615 die
201 4562 330 4631 intellegi
354 4563 460 4627 voluit,
489 4568 517 4618 et
536 4580 632 4619 eonce-
659 4568 751 4638 ὁρίζω)
767 4562 908 4636 καὶῖσχυε.
937 4564 980 4621 Cf.
993 4567 1080 4630 Aubel,
1099 4570 1171 4625 Hiar.
1189 4570 1236 4623 des

54 4649 177 4703 dendmn
206 4651 264 4713 est,
298 4649 391 4705 medio
420 4666 489 4705 aero
515 4650 633 4707 Iudaeos
655 4655 755 4721 persio.
785 4654 817 4708 de
843 4654 954 4722 l’llqliae
971 4654 1011 4709 111
1039 4654 1147 4723 (1886),
1176 4655 1237 4708 509.

954 4744 1033 4810 w
