2834 5018
113 267 215 334 xm
557 258 839 316 raomoouaru.

115 442 312 528 Anglicanus
343 440 521 525 suspicatus
552 443 644 518 esset,
677 440 845 524 epistulam
875 443 1000 504 auctam
1031 439 1129 504 fuisse
1157 423 1205 507 ab·
1226 443 1288 506 im·

114 553 256 633 postore‚
291 546 344 631 qui
373 544 505 609 lacinias
528 542 698 608 Clementis
721 542 929 608 Alexandrini
950 544 1095 609 Romano
1123 546 1289 626 adnuisset,

116 652 256 718 Clericus
280 651 413 735 quidem,
448 671 528 733 quac
550 648 709 713 obiecerat
729 648 793 725 ille,
827 648 924 734 digna
946 670 1014 714 esse
1036 651 1170 734 putavit,
1209 675 1290 737 quac

115 758 297 842 diligentius
320 779 339 819 a
361 756 437 820 viris
466 753 597 818 eruditis
626 754 907 837 expenderentur².
955 753 1090 819 Wotton
1118 778 1194 821 vero
1223 758 1290 821 iure

115 864 203 941 dixit,
227 862 335 926 eadem
357 859 479 924 ratione
502 862 608 923 actum
630 880 697 923 esse
722 859 758 922 de
781 858 945 923 authentia
968 864 1000 924 et
1021 861 1083 926 fide
1099 862 1290 946 scriptorum

116 967 256 1032 omnium
279 990 298 1031 a
321 964 480 1029 Clemente
502 962 554 1028 Al.
578 985 712 1047 usquam
734 963 943 1040 laudatorum,
968 965 1085 1049 quippe
1110 967 1165 1050 qui
1186 967 1220 1030 in
1243 965 1288 1031 ci·

115 1073 220 1139 tundis
243 1070 423 1135 auctoribus
445 1068 583 1133 maxima
604 1068 751 1133 libertate
773 1090 848 1133 usus
871 1073 954 1132 esset
964 1064 987 1132 ⁸.
1035 1067 1188 1156 Sagacius
1218 1071 1289 1154 qui·

117 1181 187 1243 dem
217 1199 284 1241 rem
316 1195 485 1262 aggressus
516 1178 565 1238 est
595 1173 719 1238 saeculo
751 1172 861 1237 XVIII
891 1172 1078 1237 Laurentius
1111 1173 1290 1238 Mosheim⁸

117 1283 317 1357 contendens,
341 1280 447 1365 capita
472 1278 608 1357 11-12,
633 1280 769 1343 22-21-
796 1278 925 1344 40-45
942 1283 974 1342 et
989 1280 1042 1358 55,
1067 1279 1185 1364 quippe
1208 1300 1291 1361 quae

117 1411 187 1453 cum
211 1392 397 1479 argumento
421 1385 575 1469 epistulae
596 1407 660 1450 non
682 1371 911 1460 concinuereut
937 1407 957 1448 a
977 1384 1151 1468 posteriore
1167 1384 1293 1447 intrusa

118 1505 196 1550 esse.
242 1492 304 1550 Sed
326 1491 441 1554 erravit.
462 1491 510 1551 air
541 1492 660 1566 doctus,
685 1494 718 1553 et
738 1490 818 1554 bene
833 1489 996 1573 respondit
1010 1488 1161 1553 Hefele⁴z
1186 1487 1293 1571 capita

117 1589 263 1653 illatum
285 1588 391 1654 omnia
413 1611 483 1654 cum
505 1591 765 1674 praecedentibus
788 1591 906 1676 optime
927 1593 1102 1670 cohaerere,
1125 1596 1195 1655 tum
1210 1613 1291 1655 nou-

117 1693 206 1758 nulla
228 1695 292 1758 iam
315 1695 355 1759 ab
376 1693 507 1779 Omgine
530 1695 569 1777 (c.
594 1695 647 1778 55)
672 1702 704 1760 et
725 1696 843 1780 Cyrillo
864 1696 1153 1779 Hierosolymitauo
1178 1695 1217 1776 (c.
1235 1693 1291 1778 25)

120 1798 270 1884 allegari3
304 1800 379 1883 styli
401 1804 433 1863 et
456 1799 606 1863 orationis
629 1801 842 1865 diversitatem
863 1801 979 1865 nullibi
1001 1801 1134 1865 inveniri
1155 1823 1214 1865 nec
1236 1822 1291 1865 ve·

116 1903 246 1968 risimile
262 1926 337 1981 esse,
361 1903 538 1988 epistulam,
563 1925 644 1986 quae
658 1904 785 1988 publice
799 1906 832 1968 in
848 1905 981 1970 ecclesia
994 1906 1153 1990 praelecta
1168 1904 1291 1982 luisset,

119 2009 158 2073 ab
181 2008 308 2072 homine
330 2008 475 2092 improbo
498 2007 659 2071 foedatam
681 2030 757 2071 esse.
805 2009 936 2073 Saeculo
960 2009 1034 2074 XIX
1063 2031 1188 2094 quoque
1209 2032 1291 2076 non·

116 2112 197 2175 nulli
220 2112 388 2195 epistulam
410 2112 634 2195 interpolatam
658 2133 725 2176 esse
747 2112 923 2192 voluerunt,
947 2137 972 2179 e.
997 2135 1027 2199 g.
1052 2115 1091 2179 A.
1109 2114 1290 2180 Neander⁶.

118 2214 157 2280 A.
184 2214 386 2300 Schwegler⁸
418 2222 450 2281 et
472 2215 508 2280 F.
533 2214 589 2280 Ch.
614 2215 720 2280 Baur⁷
752 2240 815 2281 non
845 2217 947 2283 solum
977 2219 1206 2305 integritatem,
1238 2221 1291 2286 sed

118 2320 213 2384 etiam
245 2321 439 2385 authentiam
469 2321 734 2405 impugnaverunt
756 2323 990 2399 contendentes,
1022 2324 1192 2408 epistulam
1220 2347 1290 2390 sae·

119 2426 190 2490 culo
213 2426 348 2490 secundo
371 2426 558 2508 procedente
582 2427 706 2490 demum
730 2427 906 2492 confectam
929 2449 1004 2492 esse.
1052 2426 1112 2492 Sed
1135 2429 1190 2493 ille
1218 2452 1289 2495 sen-

117 2531 249 2595 tentiam
278 2555 368 2596 suam
390 2531 442 2596 vix
464 2534 600 2615 probare
623 2539 753 2596 conatus
781 2537 837 2597 est.
884 2531 1001 2597 Contra
1033 2534 1091 2598 hos
1121 2534 1292 2618 epistulam

118 2640 243 2700 strenue
267 2635 472 2701 delendeumt
494 2634 566 2700 Ohr.
591 2635 625 2700 G.
649 2633 673 2699 1.
698 2635 845 2700 Bunsen8
869 2641 901 2701 et
924 2635 964 2701 A.
989 2637 1144 2716 Ritschl⁹‚
1177 2643 1211 2703 et
1232 2639 1290 2703 ho·

119 2740 168 2804 die
189 2740 241 2803 vix
263 2762 344 2804 unus
373 2745 429 2816 est,
464 2742 517 2825 qui
545 2741 584 2804 iis
616 2741 812 2805 assentiatur.
858 2740 926 2805 Nec
956 2742 1125 2826 quisquam
1153 2743 1292 2807 virorum

120 2846 281 2910 doctorum
298 2846 471 2910 sententiae
487 2845 700 2929 adstipulatus
716 2852 773 2924 est,
792 2845 921 2930 quaml.
936 2845 979 2909 Μ.
993 2844 1175 2911 Gotterill¹⁰
1191 2868 1292 2931 nuper

190 2999 203 3051 l
223 2999 338 3064 Ibidem,
358 3000 450 3053 Praei.
472 3018 498 3052 n.
518 2998 563 3053 lIl.

189 3088 256 3140 2111
274 3086 350 3141 notis
370 3087 406 3140 ad
426 3103 449 3144 c.
467 3087 484 3140 9
502 3104 528 3155 p.
547 3086 582 3140 40
601 3103 642 3154 sq.

189 3172 205 3225 3
225 3174 420 3228 institutiones
438 3173 576 3227 historiae
595 3171 765 3226 christianae
783 3172 904 3227 maiores
924 3173 991 3228 1789
1008 3190 1035 3241 p.
1055 3173 1106 3226 214
1125 3190 1166 3241 sq.

188 3261 205 3313 4
223 3261 300 3313 Patr.
319 3264 408 3329 apost.
427 3261 468 3314 ed.
487 3259 526 3314 IV
544 3277 572 3328 p.
592 3257 669 3313 XXX
689 3276 729 3326 sq.

192 3347 208 3399 5
226 3346 387 3416 Auyeneine
406 3346 559 3402 sectum
576 3347 623 3400 der
641 3347 740 3400 utristi.
760 3347 884 3415 Reliqion
904 3345 947 3400 ed.
966 3345 1005 3398 lIl
1025 3345 1093 3400 1856
1111 3346 1130 3407 Ι,
1151 3345 1211 3401 862.

189 3433 206 3486 6
224 3433 286 3487 Dua
302 3434 546 3502 mehupostolr'scte
564 3434 691 3488 Zeilulter
709 3433 776 3487 1846
795 3433 827 3494 Π,
849 3431 994 3486 125-133.

191 3520 206 3573 7
225 3519 280 3574 Dt‘s
298 3521 517 3590 Ionatiumscltm
535 3521 627 3588 Briefe
642 3521 700 3574 und
716 3521 760 3573 ihr
776 3525 896 3573 mutator
914 3519 1036 3573 Kritilcer
1055 3517 1122 3572 1848
1140 3536 1168 3588 p.
1190 3518 1240 3573 125
1252 3536 1291 3586 sq.

189 3605 205 3659 8
223 3607 348 3677 lutatius
366 3624 418 3661 oon
436 3608 597 3661 Antiochiae
614 3608 672 3661 aad
687 3608 758 3660 seins
776 3606 836 3660 Zeis
856 3605 921 3660 1847
941 3624 968 3674 p.
989 3604 1037 3659 189
1057 3621 1118 3672 sqq.

188 3693 278 3748 9Die
294 3694 466 3762 Entstehuap
492 3693 539 3746 der
564 3694 784 3748 altkuttclischen
811 3692 912 3746 Kirclrc
936 3692 1003 3747 1850
1029 3710 1057 3761 p.
1077 3691 1225 3748 asa—287.
1262 3692 1294 3746 In

122 3780 163 3834 ed
183 3779 209 3833 Il
229 3781 295 3836 1851
315 3784 413 3834 auctor
430 3780 504 3832 hunc
522 3778 615 3833 locum
633 3779 737 3833 omisit.

174 3867 206 3921 19
224 3867 392 3937 Peregrinus
404 3866 534 3920 Proteus:
553 3867 600 3920 An
612 3866 804 3934 Iaooetputron
821 3866 879 3919 into
895 3868 997 3920 mnata
1008 3866 1136 3920 relations
1149 3867 1294 3936 ammana

120 3953 230 4007 betwoen
248 3953 290 4007 Da
307 3957 398 4007 morte
411 3953 563 4024 Peregrini,
583 3954 626 4006 tte
638 3959 688 4005 two
709 3952 812 4019 epetles
830 3953 864 4020 of
873 3952 989 4007 Clcmcnt
1006 3959 1033 4006 to
1050 3954 1094 4006 tte
1112 3953 1294 4022 Corinthiacus,

120 4040 163 4094 tte
181 4041 273 4108 epiatle
290 4047 317 4095 to
336 4041 501 4109 Domum,
529 4040 572 4093 tte
597 4038 760 4094 autumem
788 4038 821 4104 of
839 4039 955 4094 Plautius
980 4040 1037 4093 aad
1062 4039 1137 4093 other
1162 4041 1294 4110 munus.

120 4125 276 4196 Ildinburgi
296 4127 369 4182 1879.
406 4125 555 4196 Exponeus
573 4125 603 4177 iu
624 4124 680 4178 Tae
695 4124 813 4178 Jourrml
831 4126 864 4193 of
879 4126 1020 4195 Ptaotoqy
1036 4125 1101 4180 XIX
1114 4124 1214 4195 (1891),
1234 4127 1294 4189 260,

120 4213 291 4268 Antiochum
316 4214 486 4268 monachum
514 4211 625 4265 saeculo
643 4210 696 4264 VH
722 4209 873 4279 epistulam
900 4211 1050 4281 Polycarpi
1077 4215 1294 4282 componentem
