2834 5018
488 693 555 752 VIS.
573 693 620 759 111,
640 694 680 760 10,
701 695 793 759 1-11‚
807 697 830 750 1.
1179 701 1244 765 455

64 871 138 934 rim.
185 871 309 936 Homm
338 871 451 936 faciem
480 894 544 936 non
565 871 647 949 vidi,
681 872 755 956 quia
778 874 879 938 aversi
908 877 1006 939 erant.
1053 877 1081 939 2.
1105 876 1243 940 Euntem

64 979 176 1039 autem
197 976 287 1040 illam
318 977 488 1062 rogabam,
519 981 557 1040 ut
578 976 657 1040 mihi
688 977 841 1042 revelaret
864 980 902 1043 de
932 980 1035 1044 tribus
1065 980 1186 1064 figuris,
1210 981 1244 1044 in

66 1080 184 1162 quibus
206 1082 286 1146 mihi
308 1085 508 1166 apparuerat.
555 1079 761 1164 Respondens
789 1081 869 1145 mihi
892 1083 983 1147 dicit:
1018 1083 1067 1148 De
1089 1084 1140 1149 his
1163 1084 1243 1149 alias
1307 1067 1312 1078 Ι

64 1189 194 1266 oportet
226 1191 258 1251 te
289 1186 503 1270 interrogare,
535 1189 572 1249 ut
602 1184 662 1248 tibi
693 1184 855 1249 reveletur.
902 1187 931 1250 3.
954 1185 1034 1250 Visa
1066 1191 1172 1251 autem
1195 1192 1243 1251 est

63 1288 156 1365 mihi,
181 1290 306 1368 fratres,
329 1291 434 1374 prima
455 1289 574 1353 visione
597 1289 748 1354 annotina
769 1289 860 1353 valde
884 1311 962 1354 anus
984 1295 1017 1354 et
1036 1291 1070 1354 in
1093 1291 1269 1355 cathedras

64 1396 188 1458 sedens.
235 1397 264 1458 4.
289 1394 402 1460 Altera
424 1398 530 1458 autem
545 1394 665 1458 visione
689 1393 802 1458 faciem
817 1394 986 1459 iuvenilem
1000 1395 1148 1474 habebat,
1171 1418 1242 1460 car·

62 1519 137 1562 nem
161 1502 193 1561 et
216 1498 349 1582 capillos
372 1499 480 1575 aniles,
505 1502 536 1562 et
550 1503 638 1563 stans
660 1498 739 1564 mihi
753 1499 960 1583 loquebatur;
983 1500 1114 1565 hilarior
1136 1504 1243 1565 autem

66 1606 137 1665 erat
160 1625 256 1686 quam
286 1608 368 1667 ante.
415 1604 443 1666 5.
469 1601 577 1666 Tertia
604 1602 724 1667 visione
746 1607 815 1667 teta
843 1607 911 1667 erat
932 1604 1053 1668 iuvenis
1086 1609 1118 1668 et
1140 1603 1243 1688 specie

64 1704 339 1784 excellentissima,
364 1706 496 1790 capillos
512 1706 596 1771 solos
619 1706 717 1771 aniles
732 1706 890 1782 habebat3
914 1707 1024 1771 hilaris
1040 1711 1145 1772 autem
1167 1729 1242 1792 per·

63 1814 163 1892 petuo
186 1811 249 1874 fuit
272 1816 304 1875 et
325 1832 422 1895 super
443 1811 629 1875 subsellium
644 1812 765 1875 sedens.
811 1813 841 1875 6.
865 1811 914 1876 De
928 1812 979 1876 his
1001 1816 1140 1877 maestus
1156 1827 1281 1877 ersm1⁰

62 1913 166 1989 valde,
197 1919 233 1978 ut
255 1935 477 1998 cognoscerem
510 1914 735 1979 revelationem
764 1915 867 1979 istam.
913 1917 958 1981 Et
978 1916 1069 1981 video
1092 1939 1187 1981 anum
1209 1919 1243 1981 in

62 2018 184 2083 visione
206 2020 308 2084 noctis
339 2020 492 2083 dicentem
514 2018 610 2083 mihi:
646 2017 740 2083 Omni
770 2019 930 2103 rogationi
957 2019 1138 2084 humilitate
1161 2042 1242 2104 opus

62 2127 128 2197 est3
161 2123 267 2187 ieiuna
289 2123 396 2208 igitur,
422 2127 454 2187 et
476 2123 627 2207 accipies,
658 2124 741 2207 quod
765 2124 889 2207 quaeris
912 2146 931 2187 a
953 2124 1090 2188 domine.
1137 2125 1166 2187 7.
1190 2123 1241 2188 Ie·

62 2226 172 2289 iunavi
195 2248 272 2312 ergo
294 2249 393 2291 unum
416 2228 507 2305 diem,
532 2231 565 2291 et
586 2228 658 2311 ipsa
679 2231 772 2292 nocte
794 2228 944 2311 apparuit
965 2227 1043 2293 mihi
1066 2229 1186 2291 iuvenis
1210 2232 1243 2291 et

62 2330 141 2394 dicit
162 2331 256 2394 mihi:
293 2329 376 2407 Quid
398 2336 434 2396 tu
464 2331 631 2397 confestim
659 2332 742 2415 petis
770 2331 979 2396 revelationes
1008 2332 1042 2395 in
1071 2331 1240 2396 oratione?
1254 2346 1280 2386 1⁶

62 2433 155 2510 Vide,
180 2456 219 2499 ne
251 2436 334 2500 forte
356 2435 458 2500 multa
484 2439 596 2519 petens
626 2458 741 2502 noceas
770 2436 858 2500 carni
887 2441 970 2500 tuae.
1017 2438 1046 2500 8.
1071 2434 1242 2501 Sufficiunt

61 2538 122 2603 tibi
153 2539 361 2604 revelationes
394 2541 483 2604 istae.
537 2540 702 2625 Numquid
729 2545 821 2623 potes
852 2539 1000 2604 fortiores
1031 2539 1240 2605 revelationes

62 2666 160 2727 quam
183 2666 261 2727 quas
284 2644 391 2709 vidisti
415 2645 546 2709 videre?
569 2646 599 2708 9.
624 2644 832 2729 Respondens
857 2645 886 2709 ei
901 2645 986 2710 dico:
1009 2643 1156 2720 Domine,
1180 2644 1241 2708 hoc

61 2746 166 2811 solum
188 2752 280 2831 peto,
314 2750 352 2813 de
385 2750 488 2815 tribus
516 2750 628 2834 figuris
660 2772 739 2814 anus
768 2753 804 2813 ut
825 2749 977 2814 revelatio
1008 2748 1152 2833 perfecta
1172 2748 1239 2812 fiat.

61 2852 270 2935 Respondens
292 2853 371 2916 mihi
397 2853 459 2917 ait:
483 2853 657 2939 Usquequo
679 2854 834 2920 insensati
855 2855 953 2920 estis?
977 2852 1039 2919 Sed
1061 2854 1238 2920 dubietates
1252 2870 1278 2909 ²⁰

58 2959 186 3019 vestrae
208 2977 264 3019 vos
286 2956 465 3022 insensatos
480 2958 615 3023 reddunt
637 2962 669 3023 et
692 2960 777 3043 quod
798 2979 862 3023 non
877 2958 1003 3023 habetis
1026 2978 1080 3022 cor
1101 2962 1241 3022 vestrum

59 3059 102 3122 ad
126 3059 297 3124 dominum.
345 3060 395 3126 10.
419 3061 626 3146 Respondeas
654 3063 683 3126 ei
713 3085 838 3127 rursum
869 3063 951 3127 dixi:
987 3061 1158 3137 Sedete,
1183 3063 1239 3126 do·

58 3163 155 3235 mine,
180 3165 358 3229 accuratius
381 3188 419 3230 ea
441 3187 675 3251 cognoscemus.

153 3263 214 3332 11.
240 3267 334 3346 Audi,
358 3269 472 3353 inquit,
490 3271 528 3335 de
549 3271 652 3336 tribus
666 3271 787 3355 figuris,
812 3292 890 3355 ques
905 3270 1047 3354 inquiris.
1078 3269 1108 3332 2.
1132 3268 1240 3333 Prima

58 3420 107 3474 cui
126 3424 222 3474 tamen
234 3422 330 3492 placet
348 3422 424 3478 illius
437 3424 565 3493 recipere
583 3424 638 3477 lec·
665 3417 1239 3495 ονἀιέοτινείατρόοδεκτονγενέοθαιπροσ·

56 3506 184 3569 tionem,
220 3508 342 3563 Hermae
377 3508 499 3579 primum
528 3511 639 3565 videtur
665 3513 752 3581 εοχὴν.
778 3539 813 3548 -·
836 3511 988 3579 νήσταοον
1004 3508 1074 3578 κτλ]
1103 3508 1144 3562 Gl‘.
1164 3507 1239 3564 Tert.

56 3592 187 3647 Ecclesia
204 3610 276 3649 cano
304 3596 415 3664 eapite,
445 3595 547 3652 deinde
573 3598 637 3653 ado·
665 3596 706 3650 De
718 3595 802 3650 ieiun.
813 3597 876 3649 cl:
895 3592 989 3648 Etiam
1001 3598 1239 3650 sacramentorum

55 3681 217 3735 lescentula
244 3685 273 3737 et
303 3699 407 3752 sponsa
436 3683 559 3739 crinibus
591 3686 637 3739 ad-
665 3683 839 3754 agnitionem
868 3681 973 3736 ieiunia
1002 3681 1037 3736 ds
1064 3682 1123 3738 Deo
1152 3699 1239 3738 mere·

56 3772 169 3822 ornata.
663 3770 776 3825 buntur.

92 3857 119 3908 4.
139 3852 206 3928 ὄψιν
217 3857 252 3926 ν]
271 3857 303 3910 In
317 3858 427 3912 visione
440 3858 562 3912 secunda
574 3857 638 3928 ipsa
699 3857 722 3909 7.
741 3854 795 3913 ὑπὸ
813 3856 902 3929 χεῖρα]
921 3855 964 3910 cf.
977 3857 1035 3911 Vis.
1047 3856 1080 3921 V,
1093 3858 1124 3920 5;
1143 3856 1237 3912 Mand.

55 3943 149 3997 facies
168 3941 310 3997 Ecclesiae
328 3960 385 3997 non
403 3946 446 3998 est
463 3944 612 4014 descripte.
664 3942 710 4007 lv,
730 3943 754 4006 3,
773 3943 796 3997 6.

93 4032 118 4083 5.
139 4026 189 4100 ὅλη
200 4029 323 4102 νεωτέρα
336 4030 407 4100 κτλ]
425 4031 458 4084 In
470 4032 557 4086 tertia
569 4048 637 4098 quo·
698 4031 722 4085 9.
743 4025 816 4102 ἔχειν
826 4050 849 4086 τ.
862 4033 978 4102 καρδίαν
987 4031 1057 4100 κτλ]
1077 4030 1238 4086 Memineris

55 4133 115 4185 que
134 4116 241 4171 visione
260 4118 294 4171 H.
313 4117 367 4171 hoc
385 4118 497 4172 demum
514 4118 576 4173 loeo
595 4119 636 4172 fa·
663 4117 854 4171 Praefationis
881 4117 1002 4180 Missae.
1031 4117 1078 4172 ubi
1107 4117 1237 4173 sacerdos

55 4205 131 4258 ciem
150 4202 293 4258 Ecclesiae
312 4204 454 4259 describit
482 4238 516 4247 —
543 4211 638 4282 τρίχας
664 4205 740 4257 orat:
756 4201 835 4260 Ἀνω
854 4206 905 4262 τὸν
916 4214 984 4262 νοῦν
1002 4203 1132 4274 (constit.
1146 4208 1237 4274 apost.

53 4290 298 4364 πρεσβυτέραςῌιι
311 4294 414 4359 quarta
428 4292 536 4346 visione
550 4292 637 4346 etiam
662 4289 734 4354 VIIL
755 4291 800 4359 12)
818 4290 876 4345 vel:
900 4288 980 4348 'Avo
1004 4293 1083 4362 ἡμῶν
1105 4291 1157 4358 τὰς
1173 4312 1239 4364 καρ-

52 4381 112 4433 hoc
139 4379 292 4432 senectutis
325 4378 480 4447 vestigium
514 4379 635 4433 evanuit.
663 4381 722 4444 δίας
739 4376 804 4443 (Lit.
823 4377 922 4447 Marci)
940 4376 1001 4431 vel:
1024 4375 1104 4434 ”Ave
1126 4386 1238 4450 σχῶμεν

55 4465 100 4521 Cf.
120 4462 178 4517 Vis.
198 4465 245 4529 IV,
265 4466 289 4530 2,
311 4468 334 4519 1.
663 4466 714 4522 τὸν
731 4473 797 4520 νοῦν
814 4468 859 4519 καὶ
877 4465 929 4529 τὰς
945 4466 1059 4536 καρδίας
1076 4464 1142 4532 (Lit.
1162 4464 1238 4521 Iseo·

91 4554 117 4605 6.
136 4550 403 4624 ταπεινοφροσύνης]
434 4550 477 4605 Of.
506 4551 636 4606 Antiocb.
663 4551 712 4619 bi),
732 4555 760 4605 et
778 4550 899 4620 populus
921 4550 1089 4622 respondet:
1114 4550 1238 4625 ”Elousa

54 4642 140 4696 Hom.
156 4640 220 4695 106:
237 4643 323 4715 χωρὶς
340 4638 370 4696 δὲ
382 4637 636 4711 ταπεινοφροσύνης
663 4640 734 4713 πρὸς
752 4639 803 4695 τὸν
819 4636 922 4712 κύριον.
