2834 5018
496 622 672 678 nuscum
690 622 763 687 xxi,
782 623 859 677 4-9.
1217 626 1258 691 97

77 805 172 885 atquc
207 802 305 866 etiam
338 823 416 886 rogo
451 824 523 866 vos:
559 806 660 866 estote
697 801 786 866 vobis
815 801 890 866 boni
921 800 1139 886 legislatores,
1172 800 1261 864 vobis

77 909 204 970 manete
235 907 406 972 consiliarii
434 907 560 984 fideles,
592 907 696 970 tollite
722 928 760 970 ex
792 905 883 969 vobis
913 927 1037 969 omnem
1067 905 1259 989 hypocrisin.

80 1012 106 1073 5.
131 1009 220 1074 Deus
244 1016 366 1085 autem,
398 1011 453 1095 qui
475 1010 620 1074 universo
643 1011 764 1074 mundo
789 1011 982 1084 dominatur,
1015 1010 1068 1073 det
1096 1008 1186 1073 vobis
1208 1031 1261 1073 sa·

77 1114 247 1197 pientiam,
278 1115 547 1199 intellegentiam,
581 1115 766 1192 scientiam,
800 1116 1017 1200 cognitionem
1039 1113 1262 1178 mandatorum

79 1240 215 1296 suorum,
240 1221 516 1304 perseverantiam.
562 1222 591 1284 6.
616 1219 813 1284 Efficiamini
836 1225 943 1285 autem
967 1219 1052 1284 docti
1074 1241 1093 1281 a
1115 1219 1182 1296 dee,
1206 1231 1288 1282 err-⁶

80 1323 249 1405 quirentes,
275 1324 350 1408 quid
373 1325 503 1389 euobis
526 1324 670 1407 requirat
691 1325 844 1403 dominus,
871 1329 903 1389 et
926 1323 1058 1399 efficite,
1082 1328 1118 1387 ut
1140 1322 1261 1386 inveni·

81 1427 175 1491 amini
191 1428 226 1491 in
249 1428 299 1492 die
314 1429 431 1492 iudicii.
480 1430 507 1492 7.
533 1428 647 1513 Siqua
670 1450 742 1493 vero
759 1434 807 1492 est
828 1429 861 1492 in
880 1428 969 1492 vobis
984 1427 1060 1492 boni
1075 1426 1261 1503 recordatio,

80 1536 270 1596 mementote
292 1534 355 1597 mci
376 1533 456 1597 haec
478 1534 575 1597 verba
598 1554 671 1596 mea
685 1533 883 1609 meditanter,
907 1537 944 1596 ut
967 1537 999 1596 et
1024 1531 1212 1596 desiderium
1232 1535 1264 1595 et

80 1635 247 1720 vigilantia
269 1659 341 1702 mea
362 1638 395 1701 in
427 1637 556 1722 aliquod
579 1638 700 1702 bonum
731 1637 852 1700 evadat.
901 1636 992 1720 Rogo
1016 1657 1091 1714 vos,
1126 1635 1264 1721 gratiam

81 1740 256 1822 postulans.
304 1742 332 1804 8.
358 1740 545 1826 Usquedum
568 1742 600 1805 in
624 1743 685 1806 hoc
707 1742 818 1826 pulcro
834 1765 907 1807 vase
931 1742 1016 1818 estis,
1040 1741 1074 1804 in
1093 1740 1302 1805 nullom-1⁰

81 1866 148 1908 rum
179 1846 405 1910 mandatorum
437 1847 577 1924 deficite,
612 1846 667 1910 sed
697 1846 910 1910 indesinenter
941 1846 1020 1910 haec
1053 1844 1208 1929 exquirite
1231 1848 1263 1908 et

83 1949 251 2034 adimplete
274 1972 367 2040 omne
389 1952 595 2026 mandatum3
618 1972 755 2033 namque
779 1950 875 2034 digna
891 1953 973 2012 runt.
1020 1950 1050 2013 9.
1078 1947 1181 2025 Quare
1203 1969 1262 2031 po·

82 2054 240 2118 tissimum
271 2055 302 2119 id
325 2076 456 2138 operam
479 2054 567 2129 dedi,
601 2058 638 2118 ut
669 2055 837 2118 scriberem
869 2057 1023 2137 quantum
1053 2052 1086 2116 in
1115 2073 1167 2115 me
1190 2051 1260 2129 fuit,

84 2179 142 2240 quo
166 2159 377 2224 exhilararem
399 2180 464 2223 vos.
512 2158 650 2235 Salveto,
674 2158 732 2222 filii
756 2158 932 2223 dilectionis
955 2161 987 2221 et
1002 2157 1099 2241 pacis.
1148 2155 1260 2220 Domi·

83 2284 137 2324 nus
160 2262 283 2345 gloriae
306 2268 338 2327 et
360 2264 461 2328 omnis
486 2264 609 2348 gratiae
632 2262 674 2326 sit
696 2284 768 2326 cum
789 2261 905 2346 spiritu
926 2264 1048 2326 vestro!
1275 2277 1300 2314 1⁶

498 2470 647 2556 Epistula
671 2470 846 2536 Barnabae.

116 2624 140 2678 8.
159 2626 303 2696 σκεῦος]“
296 2644 313 2680 ι.
333 2642 356 2679 e.
377 2643 483 2696 corpus
522 2626 563 2681 Cf
583 2626 606 2688 7,
626 2624 658 2687 3;
687 2644 713 2696 p.
732 2626 784 2679 472
803 2624 972 2697 (ἀγάπης-
989 2621 1169 2698 elpdvpcl-
1190 2623 1262 2693 μετὰ

86 2713 163 2773 11,9.
687 2733 711 2769 τ.
729 2710 898 2782 πνεύματος]
927 2710 969 2766 cf.
991 2709 1053 2764 Gal.
1071 2708 1162 2772 6,18;
1191 2709 1260 2763 Phil.

115 2799 137 2852 9
175 2800 263 2855 Clem
292 2800 335 2854 Al.
365 2800 464 2854 St.rom
482 2799 525 2865 ΙΙ,
552 2799 600 2862 18,
620 2799 655 2853 84
686 2798 777 2862 4,;28
797 2798 910 2852 urim.
928 2800 953 2861 4,
973 2797 1021 2859 22;
1043 2796 1160 2851 Philem.
1179 2797 1221 2851 25

136 4673 236 4723 Ennk,
249 4673 330 4713 Patres
344 4676 419 4721 apost.
434 4673 469 4712 ed.
485 4672 519 4713 11.
