2834 5018
163 283 227 348 216
591 277 735 334 IGNATII
752 279 930 334 EPISTULA

251 457 308 524 HL
335 456 383 521 Οὐ
406 458 613 541 διατάσσομαι
637 457 707 540 ὑμῖν
731 456 773 532 ώς
797 457 840 520 ών
863 477 918 531 τις.
964 455 991 520 εἰ
1014 457 1075 539 γὰρ
1096 455 1150 518 καί
1174 454 1302 539 δέδεμαι
1319 455 1351 521 ἐν

163 569 207 644 τῷ
230 562 369 645 ὀνόματι,
397 565 484 627 οὔπω
507 562 697 646 ἀπήρτισμαι
721 561 754 626 ἐν
777 561 882 645 Ἰησοῦ
906 559 1041 644 Χριστῷ.
1088 570 1142 624 νῦν
1164 563 1227 645 γὰρ
1250 562 1351 645 ἀρχὴν

163 667 227 749 ἔχω
250 675 305 730 τοῦ
340 667 583 751 μαθητεύεσθαι
613 667 666 729 καί
690 663 859 747 προσλαλῶ
890 664 960 747 ὑμῖν
985 663 1029 745 ώς
1058 663 1351 744 συνδιδασκαλίταις

162 791 231 854 μου.
278 770 333 855 ἐμὲ
360 773 421 855 γὰρ
444 771 506 834 έδει
530 771 581 853 ὑφ’
599 771 685 854 ὑμῶν
709 768 943 853 ύπαλειῳθηναι
960 769 1072 848 πίστει,
1096 770 1260 856 νουθεσίᾳ,
1276 771 1351 836 ύπο-

136 885 249 960 υμονῇ,
277 876 492 959 μακροθυμίᾳ.
539 880 568 941 2.
594 873 666 937 ἀλλ’
682 874 748 937 ἐπεί
771 873 792 957 ἡ
816 875 924 959 ἀγάπη
940 876 999 937 οὐκ
1022 874 1113 958 ἐᾷμε
1137 887 1260 940 σιωπᾶν
1281 880 1350 961 περί

162 979 258 1063 ὑμῶν,
282 979 338 1043 διὰ
360 990 452 1043 τοῦτο
474 978 651 1064 προέλαβον
674 977 868 1061 παρακαλεῖν
884 979 974 1062 ὑμᾶς,
999 981 1084 1055 ὅπως
1107 980 1299 1067 συντρέχητε
1313 992 1352 1067 τη

161 1084 270 1169 γνώμη
292 1092 347 1147 τοῦ
375 1087 464 1151 θεοῦ.
510 1085 563 1147 καί
586 1086 647 1169 γάρ
671 1083 791 1168 Ἰησοῦς
814 1081 965 1165 Χριστὸς,
996 1085 1031 1146 τὸ
1060 1084 1239 1168 ἀδιάκριτον
1262 1085 1351 1170 ημῦν

162 1189 228 1273 ζῆν,
252 1198 306 1251 τοῦ
325 1190 441 1271 πατρὸς
464 1187 618 1273 ἡγνώμη,
643 1187 686 1262 ὡς
701 1190 754 1251 καί
778 1188 807 1251 οί
824 1187 998 1267 ἐπίσκοποι,
1022 1187 1051 1251 σί
1067 1191 1150 1251 κατὰ
1173 1191 1213 1252 τά
1229 1189 1351 1274 πέρατα

163 1292 354 1376 ὁρισθέντες,
379 1293 412 1356 ἐν
436 1292 539 1379 Ἰησοῦ
563 1293 701 1377 Χριστοῦ
722 1291 832 1378 γνώμη
855 1292 940 1359 εἰσίν.

126 1415 151 1452 ¹⁰
252 1398 306 1463 IV.
342 1396 444 1464 Ὅθεν
466 1397 576 1481 πρέπει
599 1399 669 1482 ὑμῖν
693 1397 869 1480 συντρέχειν
892 1407 930 1481 τῇ
953 1405 1008 1460 τοῦ
1032 1397 1206 1461 ἐπισκόπου
1229 1398 1349 1484 γνώμη,

164 1502 240 1583 ὅπερ
261 1503 315 1564 καί
346 1511 471 1565 ποιεῖτε.
518 1504 553 1566 τὸ
576 1505 637 1587 γὰρ
660 1502 884 1587 ἀξιονύμαστον
917 1503 1003 1586 ύμῦν
1027 1503 1265 1588 πρεσβυτέριον,
1295 1514 1349 1568 τοῦ

165 1608 243 1672 θεοῦ
267 1606 370 1687 ἀξιον,
394 1610 492 1683 ούτως
516 1607 725 1692 συνήρμοσται
748 1615 792 1690 τῷ
815 1607 993 1692 ἐπισκύπῳ,
1018 1607 1060 1682 ώς
1083 1607 1192 1689 χορδαί
1216 1609 1348 1692 κιθάρᾳ.

163 1711 215 1775 διὰ
238 1721 329 1774 τοῦτο
355 1711 387 1775 ἐν
410 1721 449 1796 τῇ
471 1712 601 1796 ὁμονοίᾳ
624 1712 711 1795 ὑμῶν
734 1712 787 1773 καί
811 1708 970 1794 συμφώνῳ
994 1710 1103 1794 ἀγάπη
1126 1708 1250 1793 Ἰησοῦς
1273 1709 1348 1794 Χρι-

164 1816 236 1891 στὸς
266 1816 382 1900 ᾄδεται.
429 1821 459 1882 2.
483 1816 537 1878 καί
561 1815 590 1878 οί
620 1813 692 1878 κατ’
715 1814 812 1895 ἀνδρα
834 1814 869 1878 δέ
896 1815 990 1896 χορὸς
1019 1813 1168 1898 γίνεσθε,
1195 1815 1249 1878 ἵνα
1272 1815 1348 1899 σύμ·

126 1936 150 1975 1⁶
165 1940 261 2002 ρωνοι
285 1921 370 1994 ὄντες
394 1919 426 1983 ἑν
450 1918 598 2003 ὁμονοία,
631 1927 743 2002 χρῶμα
766 1922 845 1985 θεοῦ
869 1918 1017 2004 λαβόντες
1041 1918 1073 1982 ἐν
1097 1917 1227 2003 ἑνύτητι,
1253 1920 1349 2005 ᾷδητε

165 2023 197 2088 ἐν
221 2035 309 2108 φωνῇ
332 2033 387 2109 μιᾷ
411 2025 462 2088 διὰ
484 2022 588 2108 Ἰησοῦ
611 2021 749 2107 Χριστοῦ
772 2031 815 2107 τῷ
839 2023 940 2105 πατρί,
963 2025 1016 2088 ἵνα
1038 2023 1124 2106 ὑμῶν
1147 2023 1201 2084 καί
1225 2024 1349 2109 ἀκούση

164 2130 217 2191 καί
240 2128 431 2213 ἐπιχινώσκη
460 2128 500 2192 δι’
523 2125 566 2191 ών
590 2125 624 2191 εύ
654 2129 810 2210 πράσσετε
839 2127 918 2213 μέλη
942 2130 1032 2203 ὄντας
1061 2136 1116 2191 τοῦ
1140 2128 1208 2192 υίοῦ
1240 2130 1348 2195 αύτοῦ.

164 2232 315 2317 χρήσιμον
340 2231 393 2297 ούν
418 2232 521 2312 ἐστίν,
552 2233 631 2316 ὑμᾶς
654 2232 686 2296 ἑν
711 2231 832 2316 ἀμώμῳ
856 2231 975 2316 ἑνότητι
999 2229 1093 2312 είναι,
1115 2233 1168 2295 ίνα
1190 2235 1245 2297 καί
1270 2236 1348 2300 θεοῦ

164 2337 298 2401 ποίντοτε
320 2337 481 2423 μετέχητε.

125 2458 151 2496 2⁰
252 2444 291 2509 V.
315 2442 354 2505 Εἰ
376 2444 436 2527 γὰρ
469 2441 531 2527 ἐγώ
554 2441 587 2506 ἐν
620 2448 721 2524 μικρῷ
749 2440 852 2524 χρόνῳ
881 2439 1026 2525 τοιαύτην
1057 2440 1229 2524 συνήθειαν
1252 2443 1348 2526 ἔσχον

164 2548 240 2630 πρὸς
262 2548 315 2610 τὸν
340 2545 510 2610 ἐπίσκοπον
534 2546 638 2629 ὑμῶν,
662 2547 721 2609 οὐκ
743 2546 944 2630 ἀνθρωπίνην
968 2542 1080 2625 ούσαν,
1103 2545 1187 2609 ἀλλὰ
1211 2569 1349 2632 πνευμα-

164 2650 271 2735 τικήν,
304 2650 392 2736 πύσῳ
424 2650 544 2735 μᾶλλον
576 2652 655 2734 ὑμᾶς
678 2651 841 2734 μακαρίζω
873 2653 944 2726 τοὺς
968 2649 1213 2733 ἐνκεκραμένους
1238 2656 1348 2735 οὕτως,

164 2754 206 2830 ώς
230 2755 250 2838 ἡ
272 2754 425 2840 ἐκκλησία
449 2754 553 2839 Ἰησοῦ
578 2753 706 2838 Χριστῷ
730 2756 783 2817 καί
808 2754 850 2830 ώς
874 2753 995 2839 Ἰησοῦς
1017 2753 1152 2838 Χριστὸς
1174 2765 1219 2839 τῷ
1243 2757 1347 2840 πατρί,

163 2861 214 2925 ἵνα
236 2860 339 2924 ποίντα
361 2860 394 2924 ἐν
418 2860 537 2945 ἑνδτητι
562 2859 715 2944 σύμφωνα
738 2857 775 2943 ᾖ;
810 2865 839 2926 2.
864 2860 969 2944 μηδείς
991 2858 1190 2925 πλανοίσθω·
1224 2859 1281 2924 ἑάν
1304 2860 1347 2945 μή

123 2993 149 3031 τι
164 2985 208 3040 τις
231 2961 251 3048 ᾖ
274 2963 359 3040 ἐντὸς
382 2973 436 3028 τοῦ
461 2963 696 3049 θυσιαστηρίου,
721 2964 892 3046 ύστερεῖται
916 2974 970 3026 τοῦ
994 2966 1088 3046 ἄρτου
1111 2973 1166 3027 τοῦ
1191 2966 1280 3030 θεοῦ.
1321 2966 1348 3029 εί

164 3071 225 3153 γάρ
248 3069 315 3144 ἑνὸς
338 3070 391 3132 καί
414 3067 558 3151 δευτέρου
581 3071 742 3152 προσευχὴ
766 3068 919 3153 τοσαύτην
943 3068 1032 3151 ἰσχὺν
1055 3069 1131 3151 ἔχει,
1154 3069 1243 3154 πύσῳ
1267 3069 1348 3153 μᾶλ-

235 3228 248 3280 1
269 3245 310 3292 τις
328 3223 375 3280 GL
389 3243 394 3276 :
408 3244 434 3280 τι
452 3224 496 3293 Ag
515 3225 550 3277 cf.
571 3223 631 3278 Gal.
650 3225 674 3286 2,
695 3223 727 3284 6;
746 3222 769 3287 6,
789 3225 805 3278 3
828 3224 832 3293 Ι
856 3222 873 3274 2
892 3223 1009 3291 ὀνόματι
1021 3223 1056 3292 -1-
1068 3227 1195 3295 Χριστοῦ
1213 3224 1235 3279 L
1262 3225 1267 3296 Ι
1292 3225 1348 3300 γὰρ

165 3311 366 3381 03:511>
377 3313 403 3365 A
426 3311 430 3382 l
454 3312 472 3364 4
489 3311 684 3382 ὑποληφθῆναι
703 3311 724 3363 L
749 3311 752 3380 Ι
783 3313 798 3366 7
816 3313 895 3381 ἡμῶν
913 3310 960 3364 LA
973 3329 979 3362 ι
992 3307 1071 3380 ὑμῶν
1089 3310 1113 3365 G
1129 3312 1133 3381 Ι
1150 3311 1166 3364 8
1186 3312 1220 3368 τὰ
1238 3312 1348 3386 πέρατα

164 3399 186 3454 G
201 3401 313 3453 :terme
331 3398 400 3452 fines
419 3398 440 3451 L
462 3399 466 3467 1
488 3399 503 3452 9
523 3396 596 3466 gv>
618 3398 639 3451 L
660 3401 664 3469 Ι
689 3400 722 3452 14
740 3402 854 3472 γίνεσθε
874 3397 911 3461 G,
931 3397 1050 3471 γένεσθε
1069 3395 1253 3469 ςιέγίνεσθε
1272 3399 1321 3453 LA
1341 3401 1346 3469 1

165 3487 197 3541 15
215 3483 295 3562 ᾄδετε
314 3486 337 3541 G
353 3490 357 3546 Ι
375 3486 406 3540 11
426 3484 594 3558 ἐπιγινώσκῃ
611 3485 677 3538 LA:
692 3484 883 3558 ἐπιγινώσκων
902 3486 926 3540 G
948 3486 952 3556 Ι
977 3485 1009 3538 19
1027 3485 1158 3558 μετέχετε
1177 3485 1202 3540 G
1223 3486 1227 3555 1
1251 3487 1286 3540 22
1305 3484 1347 3543 ἐν·

162 3573 350 3647 κεκραμένους
368 3574 399 3636 G,
420 3575 583 3627 coniunctos
603 3572 639 3638 L,
659 3573 762 3627 mixtos
782 3574 827 3626 A:
841 3569 1083 3645 ἀνακεκραμὲτωυς
1101 3590 1120 3642 g
1138 3571 1245 3640 Lightf·
1272 3574 1276 3643 Ι
1301 3571 1347 3631 ού

164 3682 219 3728 τως
239 3661 286 3715 GL
299 3680 305 3714 :
318 3660 394 3737 αύτῷ
411 3660 524 3731 113125
544 3671 595 3718 τοῦ
613 3664 726 3728 θεοῦ>
744 3662 769 3714 A

198 3800 244 3866 ΙΙΙ,
267 3804 289 3856 1.
307 3800 341 3859 ού
366 3802 558 3871 διατάσσομαι]
591 3801 633 3855 Cf.
654 3801 739 3855 Trall.
752 3806 755 3867 Ι
767 3803 856 3854 semet
875 3799 968 3870 ipsum
982 3800 1152 3870 discipulum
1164 3802 1194 3854 et
1205 3799 1348 3870 Ephesios

165 3889 188 3950 3,
207 3889 236 3952 3;
265 3888 343 3943 Rom
363 3890 394 3952 4,
413 3888 437 3942 θ.
466 3920 500 3928 -
535 3885 664 3958 ὀνόματι]
702 3906 738 3943 ευ.
767 3887 977 3956 condiscipulos
1018 3886 1163 3957 appellat,
1210 3890 1348 3956 quoniam

165 3974 277 4028 Christi.
314 3975 440 4029 Eandem
459 3974 637 4030 omissionem
651 3974 909 4039 habes-ChristuS‚
939 3974 1037 4029 doctor
1057 3973 1156 4027 unicus
1174 3974 1227 4042 (15,
1249 3978 1284 4046 1),
1304 3979 1349 4031 ut·

165 4060 427 4126 7,1;Philad.10‚
450 4066 475 4125 1;
506 4063 679 4125 1015,41;
701 4061 740 4115 ΠΙ
767 4078 917 4130 torumque
936 4062 1072 4132 magister
1091 4065 1141 4116 est.
1179 4062 1258 4117 Voce
1283 4084 1347 4121 συν·

164 4148 258 4201 Ιουιιπ
278 4149 309 4210 7;
335 4148 361 4201 Π
380 4148 464 4204 Clem.
486 4148 524 4212 13,
546 4149 574 4212 1;
604 4149 678 4202 Tert.
697 4147 739 4201 De
766 4153 955 4220 διδασκαλίτης
966 4154 1079 4219 praeter
1090 4147 1234 4219 Ignatium
1249 4149 1346 4205 nullus

164 4233 230 4288 idol.
245 4251 266 4288 e.
283 4235 322 4290 14.
342 4265 376 4274 -
398 4244 447 4291 νῦν
459 4235 513 4309 γὰρ
523 4235 593 4305 κτλ]
613 4234 743 4304 Ignatius
754 4224 758 4295 ί
771 4240 869 4290 auctor
887 4237 930 4290 uti
948 4235 1067 4290 videtur.
1080 4266 1115 4274 —
1127 4232 1346 4307 ύπαλειφθῆναι]
