2834 5018
372 541 576 598 EPISTULAE
597 540 805 598 CLEMEN'I'IS
824 540 974 597 aonam.
1124 545 1264 611 XXXIII

84 721 326 787 Corinthiorum.
376 719 439 785 Sed
472 719 615 784 Clement
600 723 666 784 tem
697 740 767 783 eam
796 740 941 783 exarasse
967 720 1019 784 vix
1046 720 1176 785 dubium
1201 724 1259 796 ιιι,

83 849 150 891 cnm
171 831 297 891 veteres
324 826 365 890 ad
389 847 486 889 unum
508 845 617 889 omnes
642 825 679 887 de
702 824 763 887 hac
784 845 818 887 re
840 824 1046 888 consentiant.
1025 824 1159 888 tIam
1180 824 1260 888 Dio-

82 932 187 1014 nysius
210 929 398 994 Corinthius
423 929 578 1013 epistulae
601 933 761 994 auctorem
777 926 919 992 Clement
905 933 970 992 tem
991 933 1084 993 vocat
1108 928 1259 1011 (EusH.
1283 987 1288 1007 ,

81 1037 116 1101 Ε.
139 1036 195 1113 Ν,
220 1033 359 1115 23,13).
406 1033 549 1099 Clemens
582 1033 815 1099 Alexandrinus
849 1037 881 1098 et
910 1031 1063 1116 Origenes
1092 1033 1261 1117 epistulam

80 1141 213 1205 landant
244 1143 401 1222 tanquam
430 1138 470 1202 ab
497 1137 554 1201 illo
578 1137 754 1202 confectam
787 1137 840 1215 (cf.
866 1137 1084 1201 adnotationes
1107 1138 1146 1201 ad
1171 1139 1198 1214 1,
1223 1140 1259 1213 2;

82 1245 163 1320 e‚2;
197 1244 304 1320 14‚5;
337 1244 397 1317 173
430 1243 535 1319 20,8;
560 1244 665 1321 21,2;
689 1243 794 1318 36,2;
818 1242 923 1320 38,2;
947 1243 1053 1318 40,1;
1077 1243 1182 1317 41,4;
1207 1243 1258 1317 48,

83 1349 108 1410 1.
132 1352 163 1413 4.
181 1350 218 1423 6;
242 1348 295 1425 49,
311 1349 350 1422 4;
376 1348 427 1424 53,
445 1348 479 1423 3;
504 1348 554 1423 55,
573 1350 601 1410 1.
619 1344 662 1427 4).
709 1347 856 1410 lreuaeus
886 1346 967 1410 Adv.
992 1347 1078 1410 haer.
1102 1345 1158 1422 ΙΙΙ,
1184 1347 1214 1423 3,
1239 1348 1259 1410 3

16 1445 18 1447 ’
82 1453 200 1528 scribit,
232 1451 405 1535 epistulam
431 1456 574 1516 exortam
596 1473 664 1515 esse
688 1450 849 1515 Clemente
872 1451 1088 1534 episcopatum
1109 1451 1259 1515 ecclesiae

84 1557 244 1621 Romanae
267 1560 407 1640 gerente,
430 1562 462 1620 et
486 1555 588 1620 simile
612 1555 783 1639 quidquam
807 1554 1009 1639 Hegesippus
1042 1555 1130 1638 (Eus.
1156 1556 1196 1619 H.
1220 1556 1258 1621 E.

84 1660 137 1737 IV,
158 1659 263 1741 221)
287 1660 403 1724 dixisse
426 1661 557 1725 videtur.
604 1660 760 1724 Eusebius
783 1659 824 1723 H.
842 1658 879 1723 E.
903 1659 960 1738 ΠΙ,
977 1661 1063 1738 38,1
1089 1665 1121 1724 ιι
1142 1660 1258 1724 Hiero-

84 1788 194 1849 nymus
225 1764 327 1830 Catal.
352 1787 377 1829 c.
405 1765 444 1828 15
474 1765 612 1840 tradunt,
646 1762 838 1828 Clementem
871 1786 940 1828 eam
969 1786 1008 1829 ex
1035 1786 1170 1849 persona
1192 1764 1258 1828 Ro·

85 1890 192 1932 manae
216 1867 369 1933 ecclesiae
392 1868 432 1932 ad
447 1867 611 1932 ecclesiam
627 1866 862 1931 Corinthiorum
885 1869 1058 1952 scripsisse.
1097 1869 1257 1946 Rationes,

85 1975 197 2056 quibus
219 1972 352 2037 ΙΙὸΙιιι1
381 1972 561 2056 nuperrime
584 1971 803 2055 epistulam
776 1993 805 2035 ei
828 1972 1029 2049 abiudicavit,
1052 1995 1152 2037 vanae
1175 1978 1256 2037 sunt.

169 2076 258 2153 Quae
288 2077 326 2140 de
350 2075 501 2140 Clement'
478 2080 519 2139 tis
551 2077 651 2139 nostri
680 2080 752 2140 ortu
782 2077 873 2140 etvi
843 2081 908 2140 vita
939 2078 1068 2162 cognita
1034 2077 1258 2152 thabemus,

85 2203 241 2265 perpauca
264 2185 348 2245 sunt.
326 2178 541 2245 tlrenaeus
564 2179 644 2244 Adv.
661 2181 746 2246 haer.
762 2180 820 2257 ΙΙΙ,
837 2183 867 2259 3,
885 2183 905 2246 3
929 2205 1000 2247 eum
1019 2206 1090 2248 cum
1106 2182 1259 2266 apostolis

83 2286 195 2350 vixisse
225 2306 263 2349 aa
290 2307 362 2349 cum
383 2285 462 2368 ipsis
485 2291 706 2351 conversatum
729 2309 796 2351 esse
818 2287 923 2363 refert,
954 2308 1087 2369 eumque
1110 2286 1259 2350 ecclesiae

83 2389 244 2454 Romanae
278 2388 454 2472 praefuisse
487 2395 607 2454 veteres
641 2391 805 2455 unanimes
839 2392 976 2455 tradunt.
1031 2391 1184 2475 Origenes
1220 2390 1258 2454 ln

81 2493 187 2559 Ioann.
217 2493 311 2559 nvi
342 2516 368 2558 c.
393 2495 435 2558 36
470 2495 530 2576 (ed.
564 2494 761 2559 Benele
762 2544 769 2572 ,
796 2493 910 2576 153)
901 2517 1030 2579 insuper
1061 2495 1154 2571 dicit,
1187 2518 1259 2560 eum

80 2601 215 2663 eundem
237 2598 336 2662 fuisse
359 2620 432 2662 cum
454 2599 519 2677 illo,
545 2622 637 2684 quem
653 2599 772 2664 Paulus
795 2599 878 2663 Phil.
895 2602 925 2676 4,
943 2601 962 2664 3
985 2600 1132 2664 laudibus
1156 2599 1256 2676 effert,

79 2707 111 2768 et
134 2703 293 2768 Eusebius
315 2703 357 2767 H.
382 2704 420 2768 Ε.
445 2704 502 2781 ΠΙ,
522 2705 570 2780 15,
594 2704 795 2788 Epiphanius
819 2705 860 2768 H.
886 2706 926 2768 27
951 2727 976 2768 c.
994 2705 1023 2780 6,
1047 2704 1257 2788 Hieronymus

79 2807 149 2872 Cat.
173 2829 199 2871 c.
226 2808 266 2871 15
291 2812 323 2870 et
347 2807 402 2871 alii
422 2813 563 2872 veterum
586 2809 808 2873 assentiuntur.
855 2808 917 2873 Sed
939 2809 971 2873 id
993 2808 1161 2873 coniecisse
1184 2814 1256 2873 tan-

76 2918 148 2977 tum
170 2912 304 2986 videtur,
333 2916 366 2975 et
387 2912 489 2977 adhuc
511 2915 615 2997 magis
638 2937 657 2977 a
678 2913 745 2976 veri
766 2913 970 2977 similitudine
994 2912 1149 2988 abhorret,
1175 2914 1257 2996 quod

75 3018 210 3080 tradam
233 3015 393 3081 Homiliae
416 3021 448 3080 et
470 3016 714 3103 Recognitiones
738 3017 961 3094 Clementinae,
985 3039 1056 3080 eum
1080 3017 1257 3081 Romanum

76 3127 112 3185 et
136 3142 154 3185 e
176 3125 272 3205 gente
295 3120 454 3185 senatoria
475 3143 512 3186 ac
534 3122 632 3205 stirpe
648 3121 819 3186 Caesarum
835 3123 1000 3186 oriundum
1014 3121 1120 3184 fuisse.
1149 3122 1257 3185 Etiam

75 3226 270 3289 recentiores
299 3225 446 3288 nonnulli
474 3247 545 3289 eum
572 3226 704 3291 eundem
727 3226 824 3291 fuisse
846 3231 962 3312 putant
991 3248 1062 3290 cum
1085 3224 1120 3289 Τ.
1147 3225 1257 3289 Flavio

74 3328 242 3394 Clemente
274 3328 403 3393 consule
432 3333 464 3393 et
487 3328 662 3393 Domitiani
690 3331 841 3414 patruele.
888 3330 950 3395 Sed
972 3331 1086 3406 obstat,
1113 3331 1196 3413 qnod
1220 3331 1256 3394 de

74 3439 182 3499 morte
204 3434 370 3516 utriusque
393 3431 563 3497 Clementis
592 3434 745 3498 traditum
767 3434 920 3498 habemus
950 3433 1090 3517 (Flavius
1114 3432 1256 3498 Clemens

73 3539 164 3604 enim
185 3538 375 3620 martyrium
396 3537 509 3611 subiit;
534 3536 678 3602 Clemens
702 3539 867 3623 episeopus
889 3545 994 3603 autem
1010 3561 1067 3602 sua
1082 3545 1184 3602 morte
1200 3539 1255 3602 de-

74 3644 209 3708 functus
239 3663 309 3706 esse
339 3640 484 3722 videtur),
518 3647 550 3706 et
579 3643 740 3707 silentium
770 3643 960 3727 scriptorum
990 3644 1051 3707 fide
1078 3642 1254 3726 dignorum,

74 3747 135 3831 qui
158 3749 243 3810 certe
266 3752 455 3822 narrassent,
479 3746 654 3811 Domitiani
676 3746 860 3830 patruelem,
886 3747 973 3811 cuius
988 3746 1070 3810 filios
1085 3748 1257 3830 imperator

73 3853 143 3917 iam
176 3871 372 3915 successores
400 3850 622 3928 destinaverat,
655 3851 805 3915 ecclesiae
829 3851 989 3916 Romanae
1013 3851 1197 3935 praefuisse,
1229 3850 1256 3912 si

72 3978 128 4020 res
144 3957 191 4019 ita
213 3976 245 4018 se
261 3953 426 4018 habuisset
437 3951 459 4017 ².
496 3954 688 4019 ΤιΙΙιιιιοιιι3
713 3976 751 4018 ιι
766 3958 796 4028 4,
810 3957 839 4031 8,
857 3955 912 4019 ubi
927 3954 1031 4031 Iacob,
1056 3959 1087 4017 et
1102 3976 1140 4017 ex
1155 3953 1206 4029 31,
1224 3955 1253 4030 2,

82 4097 91 4103 -
153 4141 240 4196 11>ae
264 4094 388 4195 Visiones
405 4141 451 4196 des
469 4142 601 4210 Hermas,
628 4141 686 4196 die
670 4141 789 4213 Sibylla
812 4143 870 4195 used
889 4142 1005 4196 Clemens
1028 4157 1080 4195 oon
1099 4140 1167 4194 Rom
1188 4141 1254 4195 1900

74 4247 106 4299 p
126 4228 171 4368 312
186 4313 228 4367 cf.
247 4314 342 4376 Funk,
372 4315 691 4385 Kircbmpescbicbtlicbe
706 4316 923 4386 Abbaadlunpea
940 4316 998 4370 aad
1020 4261 1255 4384 Uhtersucbuapea

74 4401 90 4455 1
108 4402 210 4472 (1897
192 4401 313 4467 )-308
316 4400 374 4455 329.

152 4490 168 4543 3
189 4489 331 4543 Menmres
343 4504 416 4557 pour
433 4491 518 4544 seron
535 4489 844 4544 aremarensem.
864 4490 1047 4545 Clanmtart
1067 4488 1086 4542 t

135 4593 176 4632 Fu
186 4593 240 4645 uk,
253 4594 334 4634 Patres
348 4599 423 4643 apost.
439 4593 474 4634 ed.
486 4593 519 4634 11.
1028 4600 1044 4642 C
