2834 5018
587 309 720 367 ΡΑΡΙΑΕ
737 309 967 367 FRAGMENTA

279 490 314 552 τὸ
337 490 372 553 δὲ
387 490 502 554 αἰδοῖον
526 492 620 554 αὐτοῦ
643 491 746 575 ποίσης
778 489 833 572 μὲν
858 487 1078 573 ἀσχημοσύνης
1107 487 1301 573 ἀηδέστερον
1325 488 1381 549 καί

280 594 384 676 μεῖζον
415 594 595 677 φαίνεσθαι,
618 594 771 678 φέρεσθαι
793 594 828 657 δὲ
850 593 889 657 δι’
914 595 1009 656 αὐτοῦ
1033 592 1070 656 ἐκ
1092 593 1209 667 παντὸς
1232 601 1292 655 τοῦ
1317 590 1380 655 σύ-

281 718 377 780 ματος
392 699 576 781 συρρέοντας
600 700 715 783 ίχῶροίς
729 719 765 763 τε
786 700 839 762 καί
856 697 1024 782 σκώληκας
1047 698 1090 773 είς
1105 697 1191 782 ύβριν
1212 697 1252 761 δι’
1271 698 1379 760 αὐτῶν

280 803 383 886 μόνων
412 812 473 868 τῶν
505 804 695 888 ἀναγκαίων.
741 807 772 871 3.
802 805 880 887 μετὰ
910 801 1030 876 πολλὰς
1062 802 1096 864 δὲ
1133 801 1294 886 βασάνους
1324 804 1379 865 καί

281 909 428 991 τιμωρίας
452 907 484 973 ἐν
501 908 577 992 ἰδίῳ,
601 908 687 991 φασί,
711 908 815 991 χωρίῳ
837 905 1089 989 τελευτήσαντος,
1113 906 1176 968 ἀπὸ
1199 915 1256 989 τῆς
1280 906 1380 989 ὀδμῆς

280 1013 394 1098 ἔρημον
416 1015 470 1077 καί
493 1013 639 1098 ἀοίκητον
662 1014 697 1076 τὸ
720 1012 834 1096 χωρίον
850 1009 939 1094 μὲχρι
961 1020 1016 1093 τῆς
1039 1019 1092 1073 νῦν
1113 1008 1280 1092 γενέσθαι,
1305 1008 1379 1072 ἀλλ’

281 1118 354 1181 οὐδὲ
381 1117 470 1201 μέχρι
503 1129 557 1202 της
588 1118 721 1201 σήμερον
754 1115 910 1182 δύνασθαί
941 1137 1009 1179 τινα
1041 1113 1160 1177 ἐκεῖνον
1191 1115 1246 1177 τον
1281 1115 1378 1178 τόπον

281 1220 463 1304 παρελθεῖν,
487 1220 541 1286 ἐὰν
564 1224 606 1305 μὴ
629 1223 684 1296 τὰς
707 1221 791 1304 ῥῖνας
814 1228 880 1294 ταῖς
904 1220 1009 1302 χερσίν
1026 1217 1189 1301 ἐπιφράξη.
1236 1219 1378 1303 τοσαύτη

282 1325 333 1388 διὰ
354 1336 408 1410 τῆς
424 1327 540 1409 σαρκὸς
563 1328 658 1390 αὐτού
673 1327 726 1389 καί
750 1325 799 1388 ἐπί
815 1335 869 1409 τῆς
890 1334 948 1408 γῆς
969 1325 1091 1406 ἔκρυσις
1114 1321 1311 1408 ἐχίιρησεν.”ι

390 1460 505 1531 [Textus
525 1462 695 1517 constitutus
715 1464 759 1515 est
779 1477 813 1514 ex
831 1459 968 1514 Anecdot.
988 1459 1030 1513 ed.
1044 1458 1127 1514 Wolf
1136 1460 1183 1525 ΙΙΙ,
1197 1460 1247 1524 98;
1269 1461 1380 1516 eatena

352 1550 388 1603 ed
406 1551 468 1604 Act.
488 1550 533 1604 SS.
553 1551 650 1619 Δροσί.
671 1549 712 1602 ού
732 1548 847 1602 Cramer
866 1547 953 1602 Onon.
971 1547 1037 1603 1838
1055 1566 1082 1617 p.
1098 1549 1130 1601 12
1149 1565 1206 1616 σιμ
1226 1549 1379 1619 Tbeophy·

352 1635 418 1690 lact.
437 1636 467 1689 in
486 1638 547 1690 Aca
563 1635 631 1701 1,18
649 1652 698 1703 sq..
718 1635 829 1689 Catena
847 1633 885 1687 ad
903 1633 1009 1704 Evang.
1029 1634 1054 1689 S.
1076 1634 1178 1689 Matth.
1200 1641 1229 1690 et
1249 1635 1277 1690 S.
1291 1635 1379 1692 Marc.

352 1724 395 1779 ea
415 1725 530 1779 Cramer
550 1722 638 1777 Oxon.
661 1722 728 1778 1840
746 1740 774 1791 p.
794 1724 858 1784 231;
887 1722 1036 1777 Oecumen.
1055 1723 1085 1776 in
1103 1725 1165 1777 Act.
1186 1725 1216 1789 2,
1237 1724 1310 1779 Coti
1328 1723 1379 1777 Pa

353 1812 438 1866 ricino
457 1827 559 1883 graeco
580 1811 647 1867 1630
674 1810 832 1878 (Anecdota
860 1826 962 1879 graeca
989 1811 1031 1863 ed.
1059 1809 1234 1865 Boissonade
1257 1812 1327 1868 1830
1346 1811 1378 1874 IL

350 1901 404 1954 464
422 1903 489 1968 rq.r;
509 1899 599 1954 SchoL
619 1898 648 1951 in
666 1899 728 1953 Act.
745 1897 814 1963 1,18
834 1915 878 1967 ap.
899 1896 948 1950 Ch.
962 1897 992 1951 F.
1005 1898 1145 1952 Matthaei
1164 1899 1379 1970 (Apoetelqcech.

355 1986 421 2041 1782
439 2002 466 2054 p.
485 1984 562 2054 804);
589 1983 744 2053 Theophyl.
773 1984 803 2036 in
831 1982 931 2038 naath.
951 1985 1001 2047 27,
1030 1984 1380 2053 Opp.ed.Venet·.1754

352 2073 372 2134 1,
394 2074 457 2134 154;
476 2070 606 2141 Euthynr
625 2070 720 2142 Zigcb.
739 2072 769 2125 in
787 2072 827 2125 IV
845 2070 951 2142 Evang.
971 2070 991 2135 I,
1014 2071 1080 2126 1085
1100 2073 1142 2126 ed.
1160 2073 1327 2145 Matthaei]

157 2275 182 2311 ιο
755 2248 811 2313 IV.

284 2405 408 2481 Παπίας
431 2407 465 2469 δὲ
488 2408 586 2481 ούτως
609 2405 659 2468 ἐπὶ
683 2404 812 2482 λέξεως·
838 2404 950 2480 Ἐνίοις
973 2405 1008 2468 δὲ
1031 2405 1144 2483 αὐτῶν,
1169 2403 1296 2488 δηλαδὴ
1319 2413 1378 2467 τῶν

197 2510 294 2574 πάλαι
318 2511 415 2576 θείων
439 2509 600 2594 ἀγγέλων,
630 2510 683 2571 καί
707 2519 761 2593 της
783 2510 851 2591 περί
874 2511 930 2592 τὴν
953 2518 1011 2593 γῆν
1034 2506 1279 2590 διακοσμήσεως
1301 2508 1378 2571 ἔδω-

197 2636 251 2679 κεν
274 2617 390 2698 ἄρχειν,
414 2616 467 2677 καί
490 2613 597 2690 καλῶς
620 2616 726 2697 ἄρχειν
748 2612 961 2698 παρηγγύησε.
1007 2613 1061 2675 καί
1083 2610 1154 2695 ἑξῆς
1180 2612 1296 2697 φησίν·
1326 2610 1379 2685 Εἰς

198 2720 286 2784 οὐδὲν
309 2721 343 2783 δὲ
367 2719 479 2806 συνέβη
502 2718 684 2803 τελευτῆσαι
707 2721 762 2802 τὴν
786 2718 870 2795 ταίξιν
895 2720 1008 2781 αὐτῶν.

389 2857 529 2929 [Andreas
547 2856 659 2910 Caesar.
684 2856 714 2909 in
731 2858 817 2926 Apoc.
839 2873 861 2910 c.
881 2858 916 2910 34
936 2871 1016 2909 cerm.
1038 2857 1069 2909 12
1087 2871 1115 2923 p.
1136 2856 1172 2908 5⁶2
1192 2855 1238 2908 ed.
1260 2856 1381 2926 Sylburg

356 2946 436 3008 16963
456 2946 504 2998 PG
525 2945 581 3008 106,
601 2945 670 3013 aaa}

159 3155 184 3193 ιι
762 3123 802 3187 V.

286 3280 360 3364 Περὶ
383 3279 487 3365 μέντοι
510 3289 565 3342 τοῦ
589 3277 803 3345 θεοπνεύστου
825 3288 880 3363 τῆς
903 3276 1011 3363 βίβλου
1035 3277 1101 3361 (τῆς
1125 3276 1382 3363 Ἀποκαλύψεως

197 3386 345 3451 Ἰωάννου
369 3385 449 3467 scil.)
473 3384 614 3466 περιττὸν
630 3382 776 3467 μηκύνειν
800 3384 852 3446 τὸν
875 3383 969 3467 λύγον
989 3382 1166 3467 ἡγούμεθα,
1191 3393 1259 3449 τῶν
1282 3407 1383 3470 μακα-

199 3490 272 3572 ρίων
295 3488 464 3574 Γρηγορίου
488 3490 564 3572 φημί
588 3497 643 3550 τοῦ
666 3487 823 3571 θεολόγου
846 3488 899 3550 καί
923 3485 1091 3569 Κυρίλλου,
1114 3487 1248 3570 προσέτι
1273 3492 1310 3555 δὲ
1332 3492 1383 3555 καί

198 3605 260 3657 των
292 3591 503 3676 ἀρχαιοτέρων
526 3590 689 3671 Παππίου,
713 3591 898 3677 Εἰρηναίου,
922 3590 1082 3657 Μεθοδίου
1110 3593 1165 3654 καί
1191 3591 1384 3659 Ἱππολύτου

160 3724 185 3763 ω
198 3696 295 3780 ταύτῃ
318 3697 636 3781 προσμαρτυρούντων
658 3699 693 3760 τὸ
717 3696 903 3774 ἀξιόπιστον.

391 3835 528 3905 [Andreas
548 3835 659 3889 Caesar.
680 3836 708 3888 in
726 3836 815 3904 praef.
835 3836 864 3887 in
883 3836 970 3903 Apoc.
989 3852 1016 3903 p.
1036 3836 1059 3897 2,
1079 3834 1127 3890 PG
1150 3836 1211 3900 106,
1232 3838 1309 3910 217]

200 4080 401 4149 Hierosolymis
420 4085 546 4135 exortam
565 4098 626 4135 esse
645 4082 773 4135 conicere
801 4086 869 4136 tena
887 4080 1062 4141 armeniam,
1090 4094 1179 4144 quam
1197 4079 1231 4134 in
1257 4084 1387 4154 linguam

200 4169 272 4223 licet.
801 4169 990 4238 germanicam
1008 4181 1118 4220 versam
1128 4164 1238 4222 Zahni
1254 4188 1279 4224 c.
1297 4189 1327 4241 p.
1340 4174 1388 4228 155

235 4258 258 4311 3.
279 4254 387 4308 Similia
404 4259 518 4325 praeter·
538 4256 595 4309 alia
613 4258 710 4309 narrat
723 4256 773 4310 Oa·
801 4254 924 4310 exhibet.
