2834 5018
324 679 373 734 AD
392 676 736 732 PHILADELPHENSES
755 677 828 740 VIII,
847 677 945 744 2-ΧΙ,
968 680 990 733 1.
1187 684 1250 748 273

64 881 182 923 venero
206 859 239 922 in
263 857 416 929 archivis,
440 856 500 920 hoc
524 856 627 920 estin
651 855 831 940 evangelio,
855 879 919 921 non
943 857 1045 933 credo,
1071 861 1103 921 et
1128 858 1249 923 dicente

65 986 116 1028 me
149 964 242 1047 ipsiS,
276 963 359 1047 quod
389 961 629 1045 scriptumest,
659 961 889 1043 responderunt
919 960 1012 1039 mihi,
1046 961 1107 1026 hoc
1130 963 1247 1044 quaeri.

65 1069 149 1133 Mihi
173 1089 246 1131 vero
269 1067 398 1131 archiva
420 1066 507 1130 Iesus
531 1065 691 1142 Christus,
722 1064 848 1129 illibata
871 1065 999 1130 archiva
1022 1087 1098 1130 crux
1128 1067 1195 1130 eius
1218 1072 1250 1131 et

64 1196 152 1238 mors
176 1177 207 1236 et
233 1172 420 1236 resurrectio
444 1172 510 1235 eius
534 1175 566 1235 et
586 1170 682 1246 fides,
716 1174 867 1254 quaeest
898 1192 956 1254 per
978 1171 1102 1255 ipsum,
1135 1172 1249 1255 quihus

65 1276 234 1342 iustificari
256 1275 328 1340 volo
352 1297 409 1359 per
432 1296 541 1359 preces
564 1278 696 1338 vestras.
1263 1289 1275 1327 a

157 1381 211 1445 IX.
236 1380 319 1445 Boni
352 1380 478 1462 quidem
507 1381 581 1441 sunt
610 1378 797 1452 sacerdotes,
828 1379 1041 1462 praestantior
1073 1383 1179 1443 autem
1202 1383 1250 1442 est

65 1508 211 1551 summus
233 1483 396 1568 pontifex,
431 1484 482 1547 cui
504 1483 623 1547 credita
653 1487 727 1547 sunt
750 1487 1081 1560 sanctasanctorum,
1116 1485 1167 1549 oui
1190 1485 1249 1548 soli

65 1597 192 1655 secreta
215 1590 264 1654 dei
296 1593 370 1652 sunt
391 1589 525 1662 tradita:
560 1588 614 1670 qai
636 1588 705 1671 ipse
728 1592 776 1651 est
808 1587 904 1651 ianua
925 1588 1042 1671 patris,
1075 1611 1248 1673 perquam

65 1694 292 1780 ingrediuntur
306 1692 472 1758 Abraham
494 1698 526 1756 et
542 1692 632 1756 lsaao
655 1696 686 1755 et
702 1691 795 1756 laocb
819 1696 851 1754 et
866 1693 1043 1776 prophetae
1060 1698 1091 1757 et
1113 1694 1250 1778 apostoli

66 1805 99 1862 et
124 1798 265 1862 ecclesia.
312 1797 426 1862 Omnia
460 1797 538 1861 haec
570 1798 610 1861 ad
640 1796 788 1859 amionem
818 1818 889 1860 cum
920 1796 988 1862 deo.
1035 1798 1064 1860 2.
1089 1798 1248 1862 Eximium
1264 1811 1288 1847 ¹⁰

67 1909 178 1967 autern
195 1903 366 1987 quidquam
381 1902 479 1965 habet
494 1901 704 1986 evangelium,
721 1902 870 1965 nimirum
886 1902 1056 1965 adventum
1074 1902 1247 1980 salvatoris,

66 2008 190 2072 domini
213 2008 313 2071 nostri
336 2006 407 2070 lesu
430 2005 563 2082 Christi,
595 2007 777 2089 passionem
800 2006 900 2089 ipsius
918 2028 954 2069 ac
978 2007 1246 2071 resurrectionem.

66 2112 188 2176 Dileoti
211 2132 347 2196 namque
362 2111 536 2195 prophetae
560 2113 827 2175 annuntiaverunt
842 2133 931 2181 eum:
962 2110 1160 2194 evangelium
1176 2134 1248 2175 vero

66 2224 115 2281 est
141 2217 294 2300 perfectio
318 2217 401 2279 vitae
426 2223 580 2280 aeternae.
627 2216 742 2281 Omnia
765 2216 859 2281 simul
882 2219 966 2281 bona
990 2221 1076 2291 sunt,
1101 2216 1193 2279 modo
1216 2217 1249 2279 in

66 2323 204 2386 caritate
229 2321 372 2384 credatis.
1264 2339 1288 2377 ra

158 2426 196 2489 X.
222 2424 300 2489 Cum
316 2425 395 2488 milri
418 2426 598 2489 nuntiatum
615 2425 666 2502 sit,
690 2426 937 2509 perorationem
952 2428 1092 2489 vestram
1115 2431 1147 2489 et
1162 2447 1248 2489 com·
1266 2503 1268 2507 ,

65 2531 324 2603 miserationem,
358 2552 421 2612 qua
443 2529 610 2594 movemini
633 2531 666 2594 in
690 2529 816 2594 Christo
839 2529 920 2607 lesu,
944 2529 1112 2594 ecclesiam
1135 2528 1248 2593 Antio-
1322 2520 1325 2527 ¹

65 2636 204 2699 ahenam
227 2635 259 2697 in
284 2633 375 2716 Syria
397 2655 508 2717 pacem
531 2635 721 2710 obtinuisse,
755 2635 843 2698 decet
865 2656 921 2698 vos
943 2638 979 2697 ut
1003 2634 1053 2697 dei
1076 2633 1248 2711 eeclesiam,

64 2740 188 2822 eligere
212 2740 388 2815 diaconum,
414 2738 468 2819 qrri
492 2739 587 2803 obeat
608 2739 654 2804 ibi
669 2739 862 2825 legationem
887 2738 945 2815 dei,
970 2739 1112 2822 quicum
1135 2739 1199 2803 illis
1217 2740 1250 2804 in

67 2866 169 2907 unum
192 2843 394 2928 congregatis
417 2843 511 2907 simul
541 2845 678 2927 gaudeat
701 2849 733 2906 et
755 2842 912 2927 glorificet
940 2864 1065 2908 nomen.
1111 2843 1141 2905 2.
1166 2843 1248 2907 Bea·
1263 2862 1288 2900 20

66 2953 121 3011 tus
144 2948 199 3011 ille
222 2949 254 3011 in
276 2947 348 3011 lesu
371 2946 506 3023 Christo,
530 2948 584 3031 qui
608 2948 724 3032 dignus
747 2948 877 3014 habitus
900 2947 996 3011 fuerit
1022 2948 1178 3013 eiusmodi
1192 2949 1250 3012 mi·

65 3053 210 3126 materie,
235 3057 266 3115 et
288 3074 343 3115 vos
368 3073 492 3135 quoque
509 3051 773 3135 glorificabimini.
820 3052 1010 3117 Volentibus
1029 3058 1139 3117 autem
1161 3053 1250 3117 vobis

65 3156 128 3219 hoc
154 3178 217 3219 non
240 3161 288 3218 est
310 3155 507 3237 impossibile
530 3178 587 3240 pro
610 3157 735 3221 nomine
759 3157 824 3231 dei,
849 3161 885 3220 ut
908 3162 940 3220 et
963 3156 1119 3240 quaedam
1140 3158 1249 3239 proxi·

65 3282 137 3324 mae
162 3259 312 3323 ecclesiae
336 3259 489 3324 miserunt
511 3261 686 3344 episcopeo,
712 3260 794 3324 aliae
809 3263 1010 3345 presbyteros
1034 3264 1065 3324 et
1092 3260 1246 3324 diaconos.

157 3364 212 3427 XI.
238 3363 328 3439 erod
352 3370 457 3430 autem
473 3365 637 3429 Philonem
655 3363 784 3429 Cilicem
806 3365 974 3429 diaconum
997 3365 1122 3440 attinet,
1146 3364 1249 3427 virum
1263 3382 1287 3420 ’ὁ

65 3568 560 3639 phetarum,tumapostolorumetc.
572 3568 647 3623 idem
710 3569 742 3622 X.
761 3570 871 3638 Fragm.
893 3585 945 3636 syr.
966 3567 1058 3621 Curet.
1080 3566 1135 3621 199.
1155 3565 1212 3618 234.

67 3662 119 3717 est,
134 3672 236 3723 nempe
249 3655 314 3708 unio
328 3655 445 3709 hnmani
462 3656 572 3724 generis
585 3659 662 3723 euml
712 3660 732 3710 l.
753 3656 787 3712 τὰ
805 3655 949 3727 σπλάγχνα
962 3685 997 3693 -
1006 3652 1109 3724 Ἰησοῦ]
1131 3650 1172 3706 cl.
1186 3652 1248 3705 Phi-

66 3743 127 3796 Deo
147 3742 280 3811 (Hefole).
660 3742 742 3812 ·lipp.
765 3746 786 3804 1,
806 3744 830 3797 8.
850 3773 882 3781 —
902 3740 1051 3814 ἀπηγγέλη]
1071 3738 1248 3792 hauddubie

104 3832 128 3882 2.
149 3829 310 3901 εὐαγγέλιον
328 3829 375 3886 ἀπ.
394 3826 565 3903 ἀφθαρσίας]
584 3830 602 3882 i.
624 3847 647 3883 e.
660 3828 662 3885 Ι
674 3845 725 3898 per
749 3828 966 3898 Agathopodcm
990 3827 1194 3882 Antiochenam
1221 3830 1249 3879 et

66 3916 248 3984 evangelium
267 3916 388 3984 perfecit
414 3932 486 3984 opus
505 3916 647 3970 immorta·
660 3910 662 3997 l
675 3915 824 3969 Philonem
843 3915 975 3976 Cilicem,
1006 3931 1124 3981 quorum
1143 3912 1247 3966 mentio

67 4004 169 4065 litatis,
190 4003 266 4070 quod
287 4001 332 4055 lex
351 4008 380 4056 et
397 4001 555 4072 prophetas
573 4003 648 4056 iace·
660 4020 662 4031 ·
674 4002 706 4054 fic
727 4000 765 4064 ll,
788 4006 810 4057 1.
837 4034 872 4042 -
896 4014 1064 4075 συγχαρῆι·αι
1082 4000 1187 4070 αὐτοῖς]
1207 4000 1248 4054 cf.

65 4096 180 4159 perurit.
218 4092 292 4144 Zahn
313 4091 433 4145 contulit
452 4092 528 4161 Orig.
542 4092 622 4145 Hom.
637 4060 780 4187 118me
803 4090 884 4150 11,2;
904 4089 997 4157 Polyc.
1017 4087 1041 4151 8,
1059 4090 1083 4141 2.
1102 4087 1161 4156 lgn.
1180 4086 1247 4149 mle,

66 4178 97 4230 in
118 4178 180 4230 Lev.
211 4179 271 4231 ct
297 4177 351 4246 (ed.
381 4177 485 4231 Bened.
514 4177 706 4245 [1‚187):.uc
733 4176 901 4230 Antiocheni
930 4192 1025 4229 omnes
1053 4173 1185 4228 eeclesias
1214 4173 1248 4226 de

67 4265 217 4330 quinovit
245 4264 409 4326 ostendere,
442 4281 515 4331 quae
543 4250 744 4361 fuerintppace
754 4263 823 4332 ipsis
833 4262 944 4315 reddita
957 4261 1058 4315 laetari
1069 4265 1247 4330 cognoscant.

66 4351 140 4421 legis
155 4352 303 4420 principia,
325 4351 373 4417 qui
387 4353 473 4406 etiam
486 4352 515 4404 in
527 4352 648 4420 prophe·
660 4378 663 4420 l
675 4380 707 4388 —
729 4347 828 4418 ὄνομα]
848 4349 889 4403 Cf.
910 4347 979 4417 Eph.
998 4349 1022 4410 3,
1047 4350 1069 4401 1.

65 4438 104 4490 tis
125 4440 268 4507 profectus
295 4438 457 4497 accesserit,
484 4454 557 4505 qnae
582 4454 647 4491 vero
710 4436 734 4488 2.
752 4435 780 4491 at
798 4436 837 4505 dal
855 4435 872 4487 i.
892 4453 915 4489 e.
935 4434 1024 4497 aliae,
1050 4451 1087 4487 sc.
1106 4452 1140 4489 ao
1158 4436 1248 4489 verbis

66 4527 98 4579 in
119 4525 272 4595 evangeliis
291 4524 438 4594 plenitudo
464 4524 648 4593 perfectionis
659 4522 662 4610 l
675 4523 909 4592 praecedentibus
928 4522 1105 4586 nominatae,
1125 4527 1157 4578 ut
1174 4523 1248 4577 ride·

65 4612 218 4666 habeatur.
237 4642 271 4651 —
283 4611 386 4681 πάντα]
402 4611 421 4663 i.
440 4627 462 4664 e.
478 4610 511 4663 V.
526 4613 553 4664 et
570 4607 603 4662 N.
617 4610 647 4663 T.
659 4618 662 4667 l
676 4613 729 4664 tur.

124 4719 143 4756 F
152 4729 167 4756 u
176 4729 192 4756 n
201 4718 231 4766 k,
249 4719 331 4757 Patres
348 4720 423 4766 apost.
440 4717 475 4756 ed.
487 4717 519 4757 11.
1000 4702 1039 4766 18
