2834 5018
178 319 242 383 406
522 312 701 369 EPISTULA
719 315 769 369 AD
787 313 1010 370 DIOGNE'I'UM

267 490 321 554 [x.
346 486 444 551 Πάντ’
468 486 521 552 ούν
551 488 609 573 ήδη
633 488 707 572 παρ’
728 489 829 573 ἑαυτῷ
862 493 917 553 σύν
942 497 985 572 τῷ
1014 490 1099 553 παιδί
1132 489 1372 575 οἰκονομηκώς,

180 592 269 677 μέχρι
292 592 348 675 μὲν
363 601 417 655 τοῦ
440 591 581 673 πρόσθεν
597 593 710 675 χρόνου
734 595 837 657 εἴασεν
852 593 944 677 ἡμᾶς,
968 592 1010 668 ὡς
1026 592 1243 678 ἐβουλόμεθα,
1271 594 1373 657 ἀτάκ-

179 718 243 773 τοις
266 706 374 779 φοραῖς
397 695 567 779 φέρεσθαι,
599 698 738 782 ἡδοναῖς
761 700 818 763 καί
841 698 1038 780 ἐπιθυμίαις
1061 697 1309 781 ἀπαγομένους·
1335 699 1372 760 ού

179 803 303 876 πάντως
327 801 515 885 ἐφηδόμενος
538 809 601 876 τοῖς
625 801 841 885 ἁμαρτήμασιν
857 801 955 886 ήμῶν,
979 800 1050 865 ἀλλ’
1063 803 1271 885 ἀνεχόμενος,
1297 802 1371 866 οὐδὲ

155 915 224 989 ιτῷ
248 906 318 968 τότε
341 915 395 989 της
418 905 539 980 ἀδικίας
562 913 660 989 καιρῷ
677 907 883 985 συνευδοκῶν,
907 907 990 969 ἀλλά
1013 908 1065 970 τόν
1089 915 1141 970 νῦν
1165 916 1222 990 τής
1248 907 1371 970 δικαιο-

180 1011 273 1094 σύνης
302 1009 513 1094 δημιουργῶν,
547 1011 598 1074 ίνα
626 1010 659 1074 ἐν
687 1019 730 1093 τῷ
762 1010 833 1074 τότε
863 1012 966 1094 χρόνῳ
999 1009 1207 1096 ἐλεγχθέντες
1242 1010 1282 1075 ἐκ
1304 1022 1370 1075 τῶν

181 1116 264 1179 ἰδίων
296 1115 395 1199 ἔργων
425 1114 543 1191 ἀνάξιοι
573 1116 657 1199 ζωῆς
688 1125 741 1179 νῦν
774 1115 835 1177 ὑπὸ
865 1125 919 1198 τής
950 1125 1004 1178 τοῦ
1038 1119 1115 1182 θεοῦ
1148 1118 1369 1202 χρηστότητος

180 1219 378 1301 άξιωθῶμεν,
402 1220 455 1281 καί
479 1221 514 1282 τδ
530 1218 609 1285 καθ’
631 1219 760 1295 ἑαυτοὺς
778 1218 1012 1302 φανερώσαντες
1028 1220 1181 1284 ἀδύνατον
1202 1221 1366 1289 εἰσελθεῖν

181 1325 224 1400 είς
246 1327 301 1407 τὴν
325 1323 483 1408 βασιλείαν
506 1334 560 1386 τοῦ
584 1327 663 1390 θεοῦ
687 1335 725 1409 τῇ
740 1324 867 1408 δυνάμει
890 1335 944 1387 τοῦ
968 1328 1047 1392 θεοῦ
1067 1325 1192 1389 δυνατοί
1216 1329 1365 1411 γενηθῶ-

144 1447 169 1485 1⁰
183 1450 248 1513 μεν.
294 1433 323 1494 2.
350 1429 415 1491 ἐπεί
440 1429 475 1491 δέ
508 1428 694 1511 πεπλήρωτο
724 1429 823 1513 μένή
853 1429 987 1513 ήμετέρα
1019 1430 1124 1493 ἀδικία
1156 1432 1211 1493 καί
1237 1430 1366 1505 τελείως

179 1532 398 1617 πεφανέρωτο,
428 1535 474 1596 ότι
497 1533 514 1595 ό
537 1535 651 1616 μισθὸς
685 1536 780 1618 αύτής
802 1534 932 1609 κόλασις
959 1536 1012 1597 καί
1041 1535 1181 1609 θάνατος
1211 1536 1365 1617 προσεδο·

180 1649 269 1717 κοῖτο,
292 1637 375 1723 ήλθε
398 1638 432 1702 δέ
454 1638 472 1700 ό
494 1637 611 1718 καιρός,
635 1638 669 1701 όν
694 1639 770 1713 θεὸς
793 1637 947 1720 προέθετο
971 1639 1078 1703 λοιπὸν
1100 1648 1287 1722 φανερῶσαι
1309 1643 1363 1722 τὴν

180 1743 292 1806 ἑαυτοῦ
315 1742 511 1827 χρηστότητα
532 1743 585 1804 καί
608 1741 736 1825 δύναμιν
761 1743 800 1826 (e
823 1753 877 1825 τῆς
900 1742 1156 1828 ὑπερβαλλούσης
1180 1743 1364 1827 φιλανθρω

180 1847 252 1922 πίας
274 1849 327 1910 καί
356 1847 479 1930 ἀγάπης
508 1855 562 1908 τοῦ
595 1847 704 1930 θεοῦ),
738 1848 796 1909 ούκ
819 1847 964 1932 ἐμίσησεν
994 1847 1075 1930 ήμᾶς
1105 1848 1178 1911 οὐδὲ
1210 1847 1363 1912 ἀπώσατο

142 1971 167 2010 ιι
181 1951 253 2014 οὐδὲ
276 1950 534 2035 ἐμνησικάκησεν,
559 1947 641 2011 ἀλλά
664 1949 936 2035 ἐμακροθύμησεν,
959 1950 1118 2033 ήνέσχετο,
1143 1950 1247 2016 ἐλεῶν
1270 1954 1362 2027 αὐτὸς

180 2058 236 2131 τὰς
258 2053 409 2138 ήμετέρας
432 2053 584 2137 ἁμαρτίας
607 2053 782 2134 ἀνεδέξατο,
807 2057 899 2131 αύτός
922 2058 982 2120 τὸν
1004 2056 1091 2120 ἴδιον
1109 2057 1186 2121 υἱὸν
1209 2057 1361 2122 ἀπέδοτο

181 2159 292 2242 λύτρον
314 2160 391 2242 ὑπὲρ
413 2159 510 2242 ήμῶν,
535 2161 588 2222 τόν
611 2161 700 2242 άγιον
723 2159 799 2241 ὑπὲρ
823 2160 957 2243 ἀνόμων,
981 2162 1033 2224 τόν
1049 2162 1172 2225 ἄκακον
1195 2162 1277 2244 ὑπὲρ
1300 2170 1360 2224 τῶν

181 2272 300 2340 κακῶν,
324 2263 384 2326 τὸν
407 2261 539 2328 δίκαιον
562 2264 648 2348 ὑπὲρ
671 2270 742 2328 τῶν
765 2263 908 2343 ἀδίκων,
931 2266 983 2328 τόν
1006 2266 1172 2347 ἄφθαρτον
1195 2266 1278 2348 ὑπὲρ
1301 2274 1361 2328 τῶν

183 2371 353 2449 φθαρτῶν,
376 2367 429 2429 τόν
453 2367 614 2431 ἀθάνατον
637 2367 715 2450 ὑπὲρ
737 2376 799 2431 τῶν
830 2370 966 2452 θνητῶν.
1012 2372 1041 2435 3.
1066 2366 1094 2430 τί
1116 2370 1179 2452 γάρ
1202 2369 1286 2432 ἀλλο
1310 2372 1363 2444 τὰς

143 2490 169 2529 νο
183 2470 335 2554 ἁμαρτίας
355 2469 444 2554 ήμῶν
467 2470 610 2555 ἠδυνήθη
634 2471 774 2554 καλύψαι
796 2472 817 2554 ή
840 2471 960 2535 ἐκείνου
976 2472 1176 2558 δικαιοσύνης
1199 2478 1232 2541 4.
1258 2473 1292 2537 ἐν
1308 2475 1363 2537 τίνι

181 2576 389 2659 δικαιωθῆναι
420 2576 549 2639 δυνατόν
578 2579 649 2651 τούς
673 2576 806 2659 ἀνόμους
838 2575 919 2659 ἡμᾶς
949 2578 1002 2639 καί
1029 2576 1153 2662 ἀσεβεῖς
1175 2577 1197 2660 ἢ
1222 2578 1257 2642 ἐν
1280 2579 1363 2660 μόνῳ

182 2687 226 2763 τῷ
249 2680 305 2763 υἱῷ
328 2690 382 2743 τοῦ
406 2684 505 2759 θεοῦ,
530 2683 559 2745 5.
585 2679 610 2742 ὢ
634 2689 688 2762 τής
711 2679 859 2763 γλυκείας
881 2679 1089 2764 ἀνταλλαγης,
1114 2681 1139 2743 ὢ
1162 2691 1219 2764 τής
1244 2682 1364 2764 ἀνεξιχ·

182 2785 308 2848 νιάστου
331 2784 540 2869 δημιουργίας,
564 2783 667 2847 ὢτων
691 2782 935 2866 ἀπροσδοκήτων
952 2785 1154 2867 εύεργεσιῶν·
1178 2786 1234 2850 ἵνα
1250 2787 1363 2870 ἀνομία

183 2891 239 2974 μὲν
261 2888 387 2954 πολλῶν
411 2889 443 2953 ἐν
466 2889 576 2971 δικαίῳ
600 2888 643 2953 ένί
659 2888 770 2973 κρυβή,
793 2888 972 2973 δικαιοσύνη
987 2888 1022 2951 δέ
1045 2888 1113 2964 ἑνός
1128 2888 1271 2966 πολλοὺς
1295 2891 1364 2955 ἀνό·

143 3016 170 3057 τι
183 3017 258 3079 μους
292 2993 453 3077 δικαιὼση.
500 2997 529 3059 6.
554 2991 683 3076 ἐλέγξας
715 2989 769 3056 ούν
799 2992 832 3057 ἐν
863 2993 918 3076 μέν
951 3000 993 3076 τῷ
1025 2992 1165 3074 πρόσθεν
1193 2996 1302 3079 χρόνῳ
1332 2996 1364 3058 τό

181 3099 332 3163 ἀδύνατον
361 3109 416 3182 τής
445 3094 597 3180 ἡμετέρας
620 3096 745 3178 φύσεως
776 3096 820 3171 είς
841 3098 876 3159 τδ
908 3105 1010 3179 τυχεῖν
1041 3097 1138 3180 ζωῆς,
1172 3106 1229 3162 νύν
1253 3099 1289 3163 δὲ
1312 3101 1363 3162 τόν

182 3213 307 3286 σωτήρα
338 3201 439 3279 δείξας
466 3201 596 3264 δυνατόν
628 3198 738 3278 σῶζειν
768 3202 822 3263 καί
853 3202 891 3263 τὰ
926 3200 1080 3277 ἀδύνατα,
1113 3198 1147 3276 ἐξ
1176 3201 1364 3286 ἀμφοτέρων

182 3305 342 3392 ἐβουλήθη
373 3304 527 3368 πιστεύειν
556 3303 638 3386 ἡμᾶς
660 3313 698 3387 τή
729 3305 914 3389 χρηστότητι
942 3305 1054 3383 αὐτοῦ,
1084 3306 1180 3369 αὐτόν
1211 3306 1363 3391 ἡγεῖσθαι

253 3445 296 3511 1Ι2
313 3442 395 3500 πάντ’
413 3474 448 3481 -
468 3441 520 3511 μέν
539 3450 589 3498 τοῦ
607 3457 652 3494 em
669 3441 805 3499 Lzuoivt’
823 3438 872 3499 οὖν
894 3441 951 3513 ᾔδει
969 3463 998 3498 π.
1016 3440 1036 3498 ἑ.
1055 3463 1080 3499 ο.
1100 3463 1122 3498 τ.
1147 3448 1227 3501 παιδί
1253 3444 1363 3503 οἰκονο-

180 3538 269 3601 μικῶς
286 3530 342 3600 (hic
361 3528 416 3583 edd
435 3533 501 3584 ante
513 3529 627 3583 Bunsen
638 3528 771 3583 finierunt
790 3547 810 3583 α
825 3531 860 3598 8).
879 3530 958 3602 μέχρι
976 3529 1029 3597 μὲν
1046 3525 1096 3586 οὖν
1115 3540 1167 3587 τοῦ
1178 3531 1204 3584 Α
1218 3532 1239 3585 h
1255 3536 1260 3599 Ι
1276 3533 1292 3586 3
1315 3531 1363 3589 ἀπ·

181 3616 336 3691 ἀγομένους
353 3615 488 3688 Αιάτοιγ.
507 3615 535 3680 h,
555 3614 710 3689 ἀγομένους
729 3616 760 3670 St
782 3616 786 3686 Ι
809 3618 824 3670 5
844 3626 894 3672 νῦν
906 3635 912 3669 :
925 3626 992 3673 νοῦν
1009 3616 1063 3669 Ah
1080 3619 1084 3682 Ι
1105 3617 1121 3671 8
1141 3618 1364 3692 φανεριύοαντος

181 3703 220 3773 1ιΙ
239 3704 270 3757 12
290 3702 398 3769 θν-Ι-(ί
417 3702 436 3754 h
460 3704 464 3772 Ι
486 3710 806 3776 φανερῶσαιιφανερῶς
823 3704 842 3756 h
867 3703 871 3773 Ι
900 3703 931 3758 13
950 3700 974 3758 ὢ
992 3719 1036 3756 em
1054 3700 1229 3773 Μκταπιὼς
1247 3707 1329 3773 Α,>
1346 3705 1365 3758 h

180 3792 247 3858 post
263 3790 379 3860 δύναμιν
397 3790 501 3843 lineam
527 3789 674 3842 dimidiam
691 3806 810 3842 vacuam
833 3790 997 3856 relinquens
1022 3790 1026 3857 Ι
1054 3789 1086 3842 14
1103 3793 1151 3846 καί
1170 3789 1283 3863 ἀγάπης
1301 3808 1364 3846 em:

180 3880 230 3946 μία
248 3875 341 3950 ἀγάπη
359 3878 395 3940 A,
418 3885 469 3952 μιᾷ
487 3874 617 3948 ἀγάπρίι
643 3879 647 3942 Ι
672 3885 722 3933 τοῦ
748 3885 817 3933 θεοῦ
835 3875 988 3943 Αύι>1ι
1006 3874 1139 3944 'epatium
1166 3893 1291 3931 vacuum
1319 3894 1365 3930 ex·

182 3963 281 4017 hibene
298 3966 301 4031 Ι
320 3965 352 4017 15
370 3961 455 4020 ἐλεῶν
473 3979 536 4016 em:
551 3963 640 4035 λέγων
659 3963 715 4015 Ah

216 4084 262 4148 IX,
284 4087 305 4139 1.
324 4086 451 4156 πρόσθεν
467 4085 521 4158 χρ]
550 4102 585 4139 ια
606 4102 661 4152 quo
680 4084 756 4139 Deus
781 4081 821 4150 ὡς
839 4083 916 4154 legit,
936 4084 1028 4139 locum
1046 4084 1100 4137 hoc
1114 4085 1200 4138 modo
1221 4086 1365 4156 explieat:

182 4170 270 4224 filium
287 4171 372 4226 misit.
783 4188 846 4225 cum
864 4168 923 4240 (ῶς)
942 4170 994 4225 Dei
1012 4187 1103 4233 emor,
1131 4172 1184 4237 qui
1203 4174 1243 4227 ab
1263 4173 1365 4228 eximia

217 4258 241 4311 2.
260 4254 284 4313 ὢ
301 4259 371 4328 κτλ]
397 4258 481 4322 Otto,
510 4258 560 4326 qui
578 4277 642 4313 cum
660 4257 755 4313 codice
783 4274 851 4327 erga
873 4257 1001 4311 homines
1024 4256 1230 4312 benevolentia
1259 4264 1365 4333 (qim
