2834 5018
525 679 825 745 muman
1198 688 1262 753 m

90 867 167 944 quot
188 883 252 925 non
274 860 438 944 negabunt
460 860 559 923 vitam
588 880 687 923 suam.
734 860 763 924 8.
787 859 907 925 Iuravit
929 861 1014 925 enim
1041 862 1184 927 dominus
1206 884 1263 944 per

88 966 190 1030 filium
212 987 313 1042 suurn,
336 985 399 1042 eos,
424 965 479 1048 qui
500 965 686 1049 negaverint
708 965 869 1029 dominum
889 987 996 1044 suum,
1021 968 1208 1051 reprobatos
1231 973 1264 1031 et

88 1071 187 1134 vitam
210 1093 300 1134 suam
323 1068 501 1152 perdituros
524 1089 600 1146 esse,
625 1090 687 1145 eos,
713 1070 768 1153 qui
789 1091 873 1134 nunc
894 1071 1042 1154 negaturi
1065 1075 1138 1135 sunt
1153 1071 1263 1136 diebus

89 1174 401 1258 supervenientibus;
438 1172 492 1257 qui
515 1176 621 1237 autem
643 1177 716 1236 ante
738 1179 952 1258 negaverunt,
976 1180 1107 1259 propter
1129 1176 1263 1241 multam

88 1279 336 1343 misericordiam
358 1277 515 1362 propitius
539 1276 644 1341 factus
667 1281 715 1340 est
737 1277 810 1341 illis.
1277 1305 1289 1342 s

177 1378 213 1447 3.
239 1383 289 1448 Tu
311 1387 426 1460 autem,
450 1382 578 1460 Herma,
602 1403 642 1446 ne
663 1404 785 1446 memor
807 1383 850 1446 sis
873 1383 1014 1448 malitiae
1029 1385 1167 1450 filiormn
1189 1389 1263 1450 tuo·

87 1511 157 1552 rum
180 1511 237 1554 neo
252 1511 393 1554 sororem
415 1494 503 1552 tuam
518 1487 669 1563 dimittas,
694 1492 731 1551 ut
752 1487 993 1570 purificentura
1014 1490 1173 1573 prioribus
1187 1510 1263 1573 pec·

90 1593 168 1655 catis
191 1594 273 1670 suis3
307 1595 489 1658 erudientur
519 1593 603 1656 enim
636 1591 779 1656 doctrina
808 1593 909 1671 iusta,
943 1595 970 1658 si
992 1599 1029 1658 tu
1059 1616 1179 1659 memor
1200 1616 1264 1659 non

90 1696 186 1759 fueris
218 1697 359 1762 malitiae
395 1717 513 1759 eorum.
566 1694 721 1758 Memoria
751 1697 909 1761 malorum
939 1703 1073 1762 mortem
1104 1704 1262 1783 operatur.

90 1801 139 1865 Tu
163 1805 277 1880 autem,
295 1800 423 1877 Herma,
447 1820 581 1883 magnas
603 1798 825 1866 tribulationes
840 1802 981 1868 habuisti
1003 1804 1149 1886 proprias
1164 1825 1262 1887 prop·
1277 1823 1303 1858 1⁰

88 1912 137 1970 ter
152 1906 438 1990 praevaricationes
461 1906 572 1968 domus
587 1909 669 1981 tuae,
695 1907 845 1988 quoniam
866 1912 903 1971 tu
917 1928 981 1971 non
996 1907 1137 1972 habuisti
1156 1928 1265 1972 euram

88 2031 212 2085 eorum,
247 2010 301 2074 sed
324 2009 494 2094 neglexisti
516 2030 570 2073 eos
595 2014 627 2073 et
648 2011 920 2095 negotiationibus
948 2012 1012 2075 tuis
1035 2012 1208 2095 implicitus
1231 2033 1264 2076 es

88 2115 215 2197 iniquis.
262 2117 292 2178 2.
317 2114 379 2179 Sed
408 2114 487 2177 iilud
509 2119 541 2177 te
573 2113 697 2177 salvum
721 2114 815 2192 facit,
848 2116 933 2199 quod
953 2138 1017 2180 non
1048 2123 1264 2181 recessistis

88 2222 149 2283 deo
173 2225 255 2298 rino,
278 2224 310 2282 et
332 2218 518 2301 simplicitas
540 2222 596 2281 tua
619 2222 651 2281 et
672 2239 791 2302 magna
813 2220 1025 2296 continentia3
1055 2221 1134 2284 haec
1157 2219 1262 2283 salva·

88 2328 202 2388 verunt
224 2327 264 2398 te,
290 2324 316 2387 si
338 2323 559 2406 permanseris,
584 2326 616 2386 et
638 2344 747 2386 omnes
763 2323 895 2400 salvant,
922 2327 976 2408 qui
991 2324 1070 2388 talia
1091 2328 1263 2407 operantur
1277 2343 1302 2381 1⁶

89 2434 120 2492 et
144 2427 309 2492 ambulant
331 2428 363 2491 in
386 2427 566 2490 innocentia
589 2448 625 2491 ae
648 2428 861 2513 simplicitate.
909 2429 952 2493 Hi
975 2431 1171 2514 superabunt
1193 2451 1262 2493 om·

86 2557 159 2598 nem
182 2533 383 2617 iniquitatem
406 2536 438 2595 et
459 2533 705 2614 perseverabunt
727 2533 761 2597 in
783 2533 882 2597 vitam
897 2539 1066 2598 aeternam.
1112 2534 1142 2598 3.
1166 2538 1265 2599 Beati

86 2659 204 2715 omnes,
230 2642 286 2718 qut
308 2644 490 2717 operantur
512 2642 698 2718 iustitiam
719 2659 783 2702 non
805 2639 954 2722 peribunt
976 2661 1076 2722 usque
1098 2640 1131 2704 in
1151 2662 1263 2704 saecu·

86 2743 162 2805 lum.
209 2743 238 2804 4.
263 2741 358 2805 Dices
381 2743 488 2803 autem
509 2739 666 2805 Maximo:
701 2742 798 2819 Ecce,
831 2742 996 2808 tribulatio
1019 2744 1122 2819 venit3
1153 2745 1182 2808 si
1203 2743 1264 2808 tibi

84 2845 251 2928 placuerit,
274 2846 390 2908 iterum
412 2863 502 2927 nega.
549 2847 657 2927 Prope
689 2855 740 2911 eat
769 2849 922 2912 morinus
952 2855 1014 2930 ita,
1044 2856 1100 2931 qui
1122 2870 1159 2913 oe
1186 2869 1261 2913 con·
1278 2863 1303 2900 ²⁰

86 2958 233 3030 uertunt,
263 2949 345 3013 sicut
367 2949 521 3032 scriptum
543 2953 592 3012 est
614 2949 647 3014 in
669 2951 773 3016 Eldad
797 2957 828 3016 et
851 2952 978 3029 Modat,
1013 2953 1067 3037 qui
1088 2953 1261 3037 propheta·

84 3060 199 3119 verunt
221 3053 340 3138 populo
363 3054 396 3117 in
419 3053 551 3117 deserta.

173 3154 211 3222 4.
236 3157 425 3222 Revelatum
449 3162 646 3235 astantem,
672 3159 794 3237 fratres,
818 3161 898 3224 mihi
921 3160 1089 3225 dormienti
1112 3184 1131 3224 a
1152 3161 1263 3224 iuvene

159 3344 191 3398 13
209 3344 291 3398 Hebr.
311 3348 335 3410 3,
356 3347 396 3399 12.
416 3376 449 3385 -
470 3349 501 3401 17
520 3351 563 3400 Ps.
584 3349 641 3411 105,
660 3350 690 3411 23
712 3350 752 3411 14,
771 3350 798 3402 2.
817 3380 850 3389 -
869 3347 1183 3403 morimarusam

84 3519 172 3573 supra
198 3502 345 3558 laudatum
370 3504 415 3559 Ps.
434 3504 481 3567 41,
501 3505 531 3565 3;
559 3505 609 3568 83,
629 3506 724 3605 3;.M.
744 3505 785 3560 De
803 3505 869 3576 spir.
889 3510 977 3562 sanct.
991 3522 1013 3560 o.
1027 3507 1073 3566 26;
1092 3504 1195 3574 Epiph.
1209 3505 1262 3559 Ex·

86 3591 251 3654 os.1,10;
279 3589 348 3645 Dan.
367 3593 396 3655 6,
416 3592 457 3645 20.
484 3593 531 3654 26;
557 3591 659 3647 Matth.
687 3610 746 3662 pos.
775 3594 820 3647 fio.
849 3611 872 3648 o.
890 3595 919 3657 43
947 3594 1059 3647 Hieron
1087 3592 1138 3662 Ep.
1165 3593 1199 3647 78
1227 3591 1265 3645 ad

87 3679 193 3742 16,16;
221 3680 263 3742 26,
281 3678 330 3741 63;
358 3680 554 3742 Act.14,14;
582 3679 659 3734 Rom.
688 3679 754 3734 Fab.
787 3680 821 3734 de
851 3696 940 3733 mans.
967 3681 1013 3743 13;
1049 3678 1191 3749 Ephraem
1221 3679 1263 3733 De

83 3770 109 3827 9.
129 3768 163 3821 26
182 3769 235 3823 eto.
688 3767 792 3821 Abrab.
810 3784 853 3836 ep.
873 3766 961 3821 Nisib.
987 3766 1023 3820 of.
1042 3765 1167 3829 Bickell,
1197 3764 1263 3819 Car·

119 3855 144 3906 4.
165 3853 305 3922 Μάξιμος]
324 3869 438 3922 prorsus
450 3853 533 3907 nobis
546 3853 661 3924 ignotus
688 3855 765 3907 mina
781 3853 868 3908 Nisib.
890 3855 957 3907 1866
984 3871 1010 3922 p.
1032 3855 1094 3914 113;
1123 3851 1262 3906 Theodor.

84 3946 137 3996 est.
165 3972 200 3980 —
227 3939 310 4012 ἐγγὺς
337 3961 363 3996 κ.
390 3940 461 4010 xri]
490 3939 594 4003 Pasa,
614 3941 661 3996 19:
687 3940 720 3994 In
739 3941 820 4010 epist.
839 3940 918 3994 Paul.
935 3939 1024 4010 praef.
1048 3941 1080 3994 In
1098 3937 1219 4008 Synopsi
1237 3938 1262 3992 S.

83 4027 167 4101 ἐγγὺς
178 4028 273 4098 κύριος
284 4036 343 4093 τοῖς
354 4026 599 4100 συντετριμμένοις
611 4032 661 4098 τὴν
673 4040 675 4071 ¹
688 4026 849 4096 Scripturas
859 4029 912 4081 sub
921 4027 1033 4081 nomine
1044 4025 1194 4080 Athanasii
1203 4025 1262 4079 vul·

81 4118 206 4187 καρδίαν.
244 4113 286 4168 of.
314 4115 359 4167 Ps.
379 4114 441 4177 144,
464 4113 510 4175 18;
538 4113 660 4183 Philipp.
688 4116 757 4182 gata
774 4112 858 4183 (Opp.
878 4114 920 4167 ed.
943 4114 1040 4167 Patav.
1060 4114 1126 4168 1777
1145 4113 1179 4174 ΙΙ,
1203 4113 1263 4181 154)

82 4203 109 4263 4,
128 4203 153 4254 5.
197 4200 283 4255 clem.
311 4200 354 4254 Al.
382 4200 450 4265 Quis
478 4201 556 4255 dives
585 4218 606 4254 c.
626 4200 658 4254 41
688 4203 718 4254 et
743 4201 772 4252 in
801 4199 1000 4255 Stichometria
1028 4199 1187 4269 Nicephoro
1214 4197 1262 4251 ad·

82 4305 110 4358 p.
131 4288 197 4341 958:
217 4295 302 4344 πᾶσιν
314 4285 396 4359 ἐγγύς
407 4287 464 4346 ἐστι
483 4288 661 4356 celeumat-
688 4285 795 4356 scripta
813 4303 908 4340 eorum
925 4285 996 4342 liber
1014 4286 1088 4341 inter
1100 4286 1264 4356 apocrypha

82 4395 145 4432 ουσι
163 4379 210 4431 καὶ
231 4377 330 4447 πόρρω
354 4383 413 4441 τοῖς
436 4374 546 4442 ἀθέοις,
570 4370 606 4431 ἄν
622 4379 661 4445 μὴ
687 4374 721 4428 V.
749 4373 779 4427 Τ.
808 4376 975 4427 recensetur.
1019 4374 1061 4428 Cf.
1091 4371 1183 4435 Zahn,
1213 4371 1262 4427 Ge·

80 4466 301 4533 μετανοὴσωσιν.
325 4491 361 4498 -
379 4461 481 4517 'uiuo
498 4483 523 4516 κ.
543 4460 660 4530 Matris]
687 4462 801 4515 acbicbtc
819 4461 865 4514 dos
887 4466 997 4514 marest.
1022 4460 1140 4514 Korone
1157 4459 1191 4522 ΙΙ,
1210 4458 1263 4513 295

81 4549 242 4619 prophetae
262 4549 516 4602 commemorantur
527 4545 608 4600 Num.
620 4548 659 4608 11,
686 4546 781 4601 -318.

81 4633 126 4689 26.
140 4634 186 4696 27;
207 4633 302 4702 oyn'lr
317 4633 377 4687 Cat.
390 4631 461 4695 XVI,
475 4632 517 4687 25.
529 4632 577 4695 26;
595 4632 659 4686 Bas.
721 4633 749 4695 4,
770 4635 793 4687 1.
811 4632 965 4702 νεανίσκου]
984 4632 1026 4688 cf.
1039 4630 1097 4686 Vis.
1115 4632 1163 4696 III,
1183 4633 1223 4696 10,
1238 4634 1262 4686 7.
