2834 5018
198 341 263 405 400
543 332 719 389 EPISTULA
737 333 787 388 ΔΙ)
806 333 1026 390 DIOGNETUM

202 516 251 578 16.
276 511 543 594 ἀγαθοποιοῦντες
566 509 609 586 ώς
631 512 725 574 κακοὶ
748 510 952 589 κολάζονται·
985 512 1196 595 κολαζόμενοι
1220 513 1394 596 χαὶρουαν

200 615 242 690 ώς
265 615 517 698 ζωοποιούμενοι.
564 618 613 681 17.
638 615 698 678 ύπδ
722 612 881 680 Ἰουδαίων
905 615 948 691 ώς
971 615 1144 699 ἀλλόφυλοι
1167 616 1392 702 πολεμοῦνται

198 722 252 783 καὶ
276 721 336 783 ύπδ
360 718 521 803 Ἑλλήνων
550 718 733 784 διώκονται·
765 721 819 782 καὶ
842 723 897 804 τὴν
928 721 1028 785 αὶτὶαν
1050 732 1105 806 της
1135 722 1268 805 ἔχθρας
1293 725 1391 788 εἰπεῖν

199 825 227 888 οἱ
250 835 412 909 μισοῦντες
434 826 493 887 οὐκ
515 825 650 907 ἔχουσιν.

172 950 185 987 ι
285 931 340 995 VI.
366 927 493 1003 ‘Aumg
524 929 550 992 δ’
575 930 689 1008 εἰπεῖν,
724 932 800 1013 ὅπερ
830 931 912 995 ἐστὶν
944 932 976 995 ἐν
1005 930 1124 1015 σώματι
1154 932 1268 1017 ψυχή,
1305 932 1389 998 τοῦτ’

199 1035 274 1099 εἰσὶν
301 1034 334 1098 ἐν
362 1035 471 1118 κόσμῳ
495 1032 685 1117 Χριστιανοὶ.
732 1041 761 1102 2.
786 1036 936 1118 ἔσπαρται
966 1039 1049 1099 κατά
1080 1036 1210 1101 πάντων
1243 1048 1313 1102 τών
1334 1047 1386 1101 τοῦ

199 1138 342 1222 σώματος
374 1138 477 1222 μελών
499 1137 519 1221 ἡ
543 1138 644 1223 ψυχή,
677 1141 730 1202 καὶ
763 1139 943 1223 Χριστιανοὶ
973 1142 1055 1204 κατὰ
1084 1143 1139 1215 τάς
1172 1152 1231 1204 τοῦ
1263 1142 1385 1227 κόσμου

197 1242 312 1320 πόλεις.
360 1248 388 1310 3.
414 1244 494 1307 οἰκεῖ
524 1244 579 1326 μὲν
603 1244 703 1327 ἐντῷ
734 1243 854 1328 σώματι
884 1244 987 1328 ψυχή,
1022 1246 1081 1307 ούκ
1110 1245 1241 1309 ἔστιδὲ
1270 1245 1311 1309 ἐκ
1332 1256 1383 1309 τοῦ

199 1346 358 1431 σώματος·
389 1350 443 1411 καὶ
465 1346 646 1429 Χριστιανοὶ
670 1348 703 1412 ἐν
724 1349 834 1432 κόσμῳ
857 1349 1013 1428 οἰκοῦσιν,
1042 1351 1100 1412 οὐκ
1123 1349 1183 1413 εἰσὶ
1206 1351 1246 1414 δὲ
1270 1351 1311 1414 ἐκ
1331 1359 1382 1414 τοῦ

160 1471 186 1510 ιο
199 1452 331 1535 κόσμου.
376 1458 405 1519 4.
430 1451 604 1535 ἀόρατοςὴ
640 1452 725 1535 ψυχὴ
749 1452 781 1516 ἐν
816 1453 919 1536 όρατῷ
954 1463 1130 1536 φρουρεῖται
1165 1462 1211 1538 τῷ
1247 1455 1380 1539 σώματ’

198 1558 251 1619 καὶ
275 1555 454 1640 Χριστιανοί
484 1555 689 1642 γινώσκονται
713 1558 768 1640 μέν
792 1560 878 1634 όντες
900 1558 933 1622 ἐν
958 1566 1001 1642 τῷ
1029 1559 1157 1643 κόσμῳ,
1189 1559 1329 1643 ἀόρατος
1349 1561 1380 1623 δὲ

199 1662 302 1725 αύτών
325 1662 345 1746 ἡ
368 1661 536 1747 θεοσέβεια
558 1659 651 1744 μένει.
698 1665 727 1728 5.
753 1671 835 1745 μισεῖ
857 1665 913 1746 τὴν
936 1663 1039 1746 ψυχὴν
1061 1662 1083 1745 ἡ
1107 1661 1186 1744 σάρξ
1209 1665 1269 1727 καὶ
1292 1664 1378 1729 πολε-

198 1775 249 1850 μεῖ
271 1767 366 1850 μηδὲν
389 1765 587 1851 ἀδικουμένη,
611 1765 688 1829 διότι
711 1776 779 1842 ταῖς
794 1767 919 1850 ἡδοναῖς
941 1768 1097 1831 κωλύεται
1113 1770 1279 1851 χρῆσθαι·
1303 1777 1378 1853 μισα·

198 1873 251 1934 καὶ
275 1870 479 1953 Χριστιανούς
509 1870 666 1953 ὁκόσμος
698 1871 793 1955 μηδὲν
825 1871 1047 1955 ἀδικούμενος,
1080 1874 1126 1934 ότι
1157 1882 1226 1949 ταῖς
1259 1874 1378 1959 ἡδοναῖς

158 1991 185 2029 1⁶
199 1976 444 2040 ἀντιτάσσονται.
491 1980 519 2042 6.
544 1974 564 2058 ἡ
594 1974 679 2058 ψυχὴ
709 1978 764 2059 τὴν
796 1986 947 2059 μισοῦσαν
980 1978 1088 2061 ἀγαπᾷ
1121 1978 1229 2060 σάρκα
1262 1982 1317 2043 καὶ
1344 1982 1377 2043 τὰ

198 2081 291 2166 μέλη·
315 2083 369 2144 καὶ
392 2080 571 2164 Χριστιανοὶ
594 2084 666 2156 τοὺς
689 2092 854 2165 μισοῦντας
884 2083 1057 2165 ἀγαπῶσιν.
1105 2085 1135 2148 7.
1161 2082 1377 2167 ἐγκέκλεισται

198 2186 253 2268 μέν
276 2185 297 2267 ἡ
320 2184 405 2269 ψυχὴ
429 2193 472 2269 τῷ
489 2185 620 2269 σώματι,
644 2186 766 2270 συνέχει
789 2187 823 2249 δὲ
840 2189 917 2269 αύτὶγ
941 2188 977 2249 τό
997 2194 1101 2268 σῶμα·
1126 2188 1183 2249 καὶ
1199 2186 1376 2271 Χριστιανοὶ

198 2288 385 2371 κατέχονται
408 2292 464 2373 μὲν
487 2290 529 2366 ώς
553 2290 585 2353 ἐν
610 2299 729 2375 φρουρᾷ
751 2299 796 2374 τῷ
818 2291 943 2374 κόσμῳ,
967 2290 1054 2352 αὐτοὶ
1077 2289 1112 2352 δὲ
1136 2289 1309 2374 συνέχουσι
1331 2293 1377 2355 τόν

198 2393 327 2475 κόσμον.
374 2397 403 2460 8.
428 2394 589 2471 ἀθάνατος
612 2394 734 2478 ἡψυχὴ
758 2395 790 2459 έν
807 2398 915 2480 θνητῷ
940 2393 1121 2479 σκηνώματι
1143 2399 1377 2462 κατοικεῖ·καί

159 2512 185 2550 2⁰
199 2496 379 2580 Χριστιανοὶ
403 2509 603 2580 παροικοῦσιν
627 2500 660 2564 ἐν
683 2504 854 2583 φθαρτοῖς,
884 2502 938 2583 τὴν
962 2499 995 2563 ἐν
1018 2501 1161 2582 οὐρανοῖς
1196 2503 1377 2587 ἀφθαρσίαν

198 2602 451 2686 προσδεχόμενοι.
497 2607 526 2670 9.
550 2605 807 2690 κακουργουμένη
832 2605 937 2681 σιτὶοις
959 2606 1013 2668 καὶ
1028 2614 1134 2680 ποτοῖς
1157 2605 1179 2689 ἡ
1203 2606 1295 2692 ψυχὴ
1315 2606 1378 2694 βελ·

199 2717 335 2770 τιοῦται·
373 2708 427 2770 καὶ
457 2706 637 2791 Χριστιανοὶ
671 2709 876 2793 κολαζόμενοι
908 2708 988 2775 καθ’
1019 2707 1136 2792 ἡμέραν
1173 2709 1378 2791 πλεονάζοντι

199 2811 329 2895 μᾶλλον.
376 2815 426 2879 10.
452 2813 495 2887 εἰς
518 2814 672 2898 τοσαύτην
696 2815 808 2889 αύτούς
832 2814 917 2892 τάξιν
933 2815 1027 2880 ἔθετο
1050 2814 1067 2875 ό
1090 2814 1179 2894 θεός,
1203 2817 1245 2900 ἣν
1270 2820 1307 2882 σύ
1330 2820 1377 2884 θε-

198 2916 285 2998 μιτόν
309 2916 412 2990 αύτοῑς
435 2916 703 2999 παραιτήσασθαι.

270 3054 300 3108 ll
319 3053 371 3124 μέν
389 3050 635 3124 ύντεςιμένοντες
655 3053 711 3108 Ah
727 3053 731 3123 ἡ
747 3055 781 3108 22
798 3053 941 3127 ἡμέραςὶι

235 3158 275 3212 17.
304 3157 346 3212 cf.
378 3156 444 3212 lust.
475 3159 557 3228 Apol.
577 3160 597 3222 Ι,
618 3159 666 3222 31;
697 3159 773 3213 Τοιό.
802 3158 880 3215 Rom.
902 3162 940 3214 12.
961 3163 974 3215 1
995 3162 1094 3232 (otto).

199 3244 279 3313 Apol.
299 3262 320 3297 ο.
343 3247 365 3299 1.
837 3249 861 3301 7.
880 3243 919 3314 ώς
937 3245 967 3303 ἐν
993 3248 1113 3324 φρουρᾷ]
1142 3248 1261 3305 Αλὶυάἰύ
1288 3251 1378 3304 auctor

234 3331 280 3394 vl,
302 3332 323 3386 l.
343 3332 471 3387 Christus
490 3349 554 3386 suos
573 3333 726 3387 salterrae
745 3338 773 3387 et
787 3366 789 3385 ι
801 3334 848 3388 hic
869 3336 897 3389 et
916 3334 992 3387 infra
1009 3350 1034 3386 v.
1054 3333 1070 3385 9
1089 3333 1125 3387 τύ
1144 3336 1235 3390 verba
1255 3335 1376 3393 Platonis

199 3417 289 3471 lucem
325 3419 423 3473 mundi
454 3421 582 3490 appellat
614 3419 715 3474 Matth.
749 3388 906 3484 5,!Phaed.
927 3438 949 3474 c.
968 3421 985 3473 6
1002 3439 1031 3490 p.
1049 3421 1097 3474 62:
1116 3417 1156 3487 ώς
1175 3418 1207 3478 ἔν
1224 3444 1281 3480 τινι
1299 3444 1377 3497 φρου

201 3503 308 3559 13-14.
801 3515 838 3584 ρᾷ
854 3505 938 3577 ἐσμὲν
956 3506 983 3563 οὶ
1000 3504 1147 3582 ἄνθρωποι
1170 3513 1218 3565 καὶ
1237 3510 1275 3568 ού
1290 3516 1334 3568 δεῖ
1344 3514 1378 3580 μὴ

233 3592 258 3643 2.
276 3597 321 3649 καὶ
341 3598 503 3667 Χριστιανοὶ
521 3593 591 3662 κτλ]
617 3609 654 3647 ευ.
674 3590 773 3665 έστιαρ-
802 3592 902 3652 ἑαυτὸν
928 3591 960 3650 ἐκ
979 3594 1078 3665 ταύτης
1105 3595 1182 3652 λύειν
1200 3596 1267 3655 οὐδὲ
1290 3595 1378 3657 ἀποδι-

198 3678 277 3747 μένοι
296 3679 371 3737 εἰσὶν.
802 3683 938 3755 όράσκειν.
957 3712 992 3720 -
1009 3681 1154 3752 συνέχουσι
1175 3703 1198 3739 τ.
1211 3682 1377 3754 κόσμονὴθὶ-

232 3767 258 3819 4.
287 3765 381 3820 Verba
398 3766 519 3839 ἀόρατος
536 3767 565 3825 δέ
582 3766 624 3824 αύ.
643 3771 660 3840 ἡ
678 3768 774 3827 θεοσέ-
802 3769 898 3822 milem
918 3767 1088 3821 sententiam
1106 3768 1249 3824 exhibent
1261 3770 1377 3825 Iustinus

197 3858 258 3925 βιια
275 3853 368 3922 μένει,
397 3860 430 3909 ut
457 3871 490 3908 ex
516 3855 655 3924 oppositis
683 3858 772 3925 patet,
801 3853 882 3924 ApoL
901 3853 935 3915 ΙΙ,
950 3856 980 3908 7:
999 3853 1119 3925 ἐπιμένει
1137 3854 1241 3924 όθεὸς
1260 3856 1376 3930 τὴνσύγ

198 3939 330 3994 videntur
348 3941 507 4012 significare
519 3943 573 3995 Dei
591 3942 704 4005 cultum,
725 3941 774 4009 qui
800 3962 880 4014 χυσιν
897 3944 943 3997 καὶ
960 3942 1110 3998 κατάλυσιν
1128 3951 1182 3999 τοῦ
1193 3946 1306 4014 παντὸς
1320 3945 1378 4002 κόσ-

198 4044 254 4081 non
274 4032 388 4083 externo
406 4028 506 4091 modo,
534 4030 560 4083 h.
581 4045 602 4083 e.
629 4028 773 4083 sacrificiis
800 4049 856 4098 μου
881 4033 920 4099 μὴ
946 4042 1057 4100 ποιῆσαι
1076 4067 1110 4081 ..
1135 4029 1182 4086 διὰ
1210 4032 1246 4090 τό
1273 4032 1378 4105 σπέρμα

200 4112 319 4180 aliisque
343 4114 448 4184 ineptis
473 4116 612 4171 instituti·
635 4119 679 4185 (ut
698 4116 774 4185 apud
801 4123 858 4171 τῶν
883 4120 1074 4187 Χριστιανῶν,
1102 4114 1273 4188 δγινώσκει
1297 4118 1327 4177 ἐν
1349 4120 1378 4187 τῇ

199 4199 318 4268 gentiles
346 4205 376 4255 et
401 4202 521 4257 ludaeos
548 4221 570 4258 c.
590 4204 687 4273 2-4),
724 4203 773 4256 sed
801 4202 883 4274 φύσει
901 4200 945 4260 ότι
962 4199 1053 4261 αἴτιόν
1079 4201 1174 4268 ἐστιν,
1202 4207 1235 4259 et
1253 4206 1378 4262 Clemens

197 4285 293 4341 animo
302 4290 462 4358 peragatur.
482 4288 524 4344 Cf.
537 4291 606 4344 lust.
615 4290 696 4359 Apol.
710 4291 729 4353 1,
743 4290 844 4361 ύςγΑΙ.
872 4288 939 4354 Quis
964 4290 1041 4346 dives
1059 4305 1081 4344 c.
1101 4289 1135 4344 36
1163 4307 1193 4360 p.
1211 4292 1281 4347 955:
1308 4291 1378 4351 τοῦτ’
