2834 5018
435 686 485 740 AD
506 684 587 740 COR.
607 685 664 749 XV,
684 687 823 750 3—XV11‚
842 689 865 742 3.
1171 694 1235 759 205

61 867 248 944 spondebo:
270 865 354 929 Ecce
377 866 503 928 adsum.
550 866 579 928 4.
604 864 674 929 Hoc
696 865 779 929 enim
803 865 921 930 dictum
942 889 1078 952 magnae
1100 869 1235 951 promis·

62 969 157 1034 sionis
180 969 306 1053 signum
329 974 392 1045 est;
416 993 491 1033 nam
505 971 698 1053 paratiorem
721 992 754 1034 se
778 972 922 1035 dominus
947 972 987 1036 ad
1009 972 1145 1037 dandum
1168 996 1235 1038 esse

62 1074 137 1138 dicit
161 1096 256 1157 quam
277 1078 447 1158 petentem.
495 1077 523 1138 5.
548 1075 669 1139 Tantae
699 1075 797 1160 igitur
826 1076 1032 1159 benignitatis
1062 1077 1235 1162 participes

61 1200 99 1242 ne
121 1179 317 1243 invideamus
340 1179 423 1243 alter
445 1179 536 1243 alteri
552 1183 643 1243 tanta
665 1180 749 1244 bona
765 1181 932 1263 accepisse.
955 1203 959 1210 ·
979 1181 1136 1258 Quantam
1152 1184 1235 1247 enim

59 1282 258 1367 voluptatem
280 1283 357 1347 haec
380 1285 477 1348 verba
500 1285 636 1348 afferunt
659 1285 865 1362 facientibus,
900 1291 1022 1350 tantam
1045 1289 1261 1352 condemna-⁶

59 1389 179 1452 tionem
200 1389 483 1453 inoboedientibus.

148 1492 235 1556 XVI.
259 1492 380 1577 ltaque,
405 1494 529 1571 fratres,
555 1494 749 1558 occasionem
773 1495 953 1576 paenitendi
980 1494 1066 1559 haud
1088 1497 1235 1581 exiguam

59 1598 154 1674 nacti,
179 1602 305 1680 tempus
328 1598 485 1663 habentes
508 1604 727 1663 convertamur
750 1599 790 1662 ad
813 1599 920 1676 deum,
945 1599 1078 1683 quinos
1101 1599 1233 1677 vocavit,

60 1701 134 1764 dum
166 1701 318 1766 habemus
350 1704 404 1786 qui
435 1725 494 1767 nos
524 1701 685 1786 suscipiat.
730 1706 759 1767 2.
792 1702 825 1767 Si
858 1705 941 1767 enim
970 1704 1020 1768 his
1049 1704 1234 1769 libidinibus

59 1807 276 1871 renuntiamus
300 1811 331 1870 et
354 1808 492 1871 animam
516 1812 656 1872 nostram
680 1808 830 1871 vincimus
853 1830 917 1871 non
938 1808 1090 1872 facientes
1114 1808 1273 1892 cupidi-1⁰

59 1915 142 1974 tates
165 1912 232 1974 eius
255 1912 363 1988 malas,
389 1912 620 1976 misericordiae
642 1911 713 1975 lesu
736 1913 908 1996 participes
924 1913 1047 1976 erimus.
1094 1915 1123 1976 3.
1149 1909 1233 1994 Cog-

59 2015 180 2078 noscite
205 2020 324 2089 autem,
344 2016 429 2098 quod
454 2015 517 2078 iarn
540 2022 628 2080 uenit
650 2017 722 2079 dies
739 2015 847 2079 iudicii
869 2025 907 2079 al
928 2023 1078 2080 combrus
1101 2018 1234 2095 ardens,

60 2129 93 2183 et
116 2122 284 2183 tabescent
316 2120 473 2203 quaedam
495 2123 664 2183 coelorum
694 2142 730 2184 ac
753 2124 823 2185 tota
851 2124 936 2183 terra
958 2120 1040 2183 sicut
1068 2118 1235 2201 plumbum

59 2224 91 2287 in
114 2223 187 2308 igne
209 2224 395 2307 liquescens,
421 2228 543 2288 ettam
567 2225 853 2288 manifestabuntur
876 2245 972 2308 opera
994 2224 1158 2287 hominurn
1178 2243 1232 2286 oc·

59 2328 145 2392 culta
168 2333 200 2391 et
223 2333 341 2411 aperta.
388 2332 418 2392 4.
442 2329 533 2392 Boua
562 2329 661 2413 igitur
692 2328 890 2414 eleemosyna
920 2328 1010 2412 quasi
1039 2327 1273 2412 paenitentiam

58 2434 197 2516 peccati;
232 2434 343 2497 melius
366 2434 517 2497 ieimrium
539 2434 696 2510 oratione,
728 2433 928 2518 eleemosyna
952 2438 1056 2497 autem
1079 2437 1232 2515 utroque;

58 2545 187 2602 coritas
210 2545 318 2620 operit
340 2541 586 2603 nuumudrnem
604 2548 829 2620 peccatorum,
852 2540 953 2603 oratio
969 2543 1075 2602 autem
1098 2559 1135 2600 ex
1150 2536 1234 2599 bona

59 2643 251 2707 conscientia
274 2667 292 2706 a
315 2648 415 2706 morte
437 2643 560 2707 liberat.
607 2643 726 2706 Beatus
742 2644 854 2719 omnis,
878 2645 933 2727 qui
955 2643 1113 2707 invenitur
1135 2641 1169 2704 in
1183 2640 1233 2704 his

58 2747 152 2810 rebus
176 2746 350 2830 perfectum
376 2748 575 2831 eleemosyna
598 2748 681 2811 enim
702 2748 738 2810 fit
760 2747 903 2812 levamen
925 2749 1056 2831 peccati.

147 2850 248 2914 XVII.
274 2851 507 2916 Paenitentiam
531 2853 629 2937 igitur
651 2874 783 2936 agamus
806 2875 844 2916 ex
866 2858 933 2917 toto
957 2854 1068 2928 corde,
1100 2874 1139 2916 ne
1162 2853 1233 2936 quis
1247 2867 1273 2905 2⁰

59 2979 97 3020 ex
119 2956 211 3019 nobis
234 2961 350 3038 pereat.
398 2955 432 3020 Si
455 2957 537 3020 enim
559 2959 709 3022 mandata
731 2958 902 3034 habemus,
936 2963 973 3022 ut
995 2962 1027 3021 et
1048 2959 1109 3021 hoc
1132 2957 1232 3020 facia·

58 3081 144 3136 mus,
177 3059 217 3122 ab
240 3059 332 3127 idolis
355 3060 510 3124 abducere
533 3067 564 3124 et
587 3062 714 3138 docere,
744 3067 862 3146 cluanto
885 3063 989 3147 magis
1012 3063 1118 3126 anima
1141 3063 1232 3125 deum

57 3165 121 3227 iam
152 3185 343 3248 cognoscens
374 3186 436 3228 non
459 3165 561 3248 perire
594 3167 712 3231 debet?
746 3169 775 3230 2.
801 3167 995 3231 Adiuvemus
1026 3167 1125 3250 igitur
1151 3166 1233 3229 alter

59 3269 203 3343 alterum,
229 3274 264 3331 ut
286 3269 382 3332 etiam
405 3270 546 3334 infirmos
571 3273 610 3335 ad
632 3272 750 3336 bonum
773 3273 980 3346 adducamus,
1012 3276 1047 3335 ut
1069 3271 1145 3334 salvi
1171 3270 1230 3333 fia-

58 3396 128 3436 mus
152 3394 259 3435 omnes
290 3378 322 3436 et
346 3379 563 3439 convertamus
594 3398 651 3439 nos
679 3376 813 3440 invicem
840 3382 872 3439 et
903 3375 1229 3440 commonefaciamus,
1245 3389 1272 3428 οῦ

59 3480 88 3541 3.
113 3478 156 3541 Et
179 3499 241 3542 non
265 3478 367 3541 solum
389 3502 472 3544 nunc
504 3481 666 3545 videamur
689 3483 814 3545 credere
837 3486 868 3544 et
891 3480 1030 3543 animum
1060 3480 1231 3555 advertere,

59 3584 134 3646 dum
157 3583 412 3647 commonelimus
437 3608 455 3648 a
477 3586 678 3669 presbyteris,
703 3586 876 3651 sedetiam
900 3608 970 3649 cum
995 3585 1121 3647 domum
1144 3582 1231 3646 abie-

130 3738 143 3789 1
163 3736 214 3788 les.
234 3734 275 3795 58,
294 3735 319 3786 9.
337 3765 372 3773 -
392 3735 424 3789 12
442 3734 563 3788 Malach.
582 3737 606 3799 4,
629 3740 650 3790 1.
670 3767 703 3776 -
726 3738 757 3791 13
774 3738 827 3794 les.
845 3740 886 3799 34,
899 3740 924 3792 4.
943 3770 977 3778 -
998 3740 1028 3792 1‘l
1050 3738 1062 3791 Ι
1081 3735 1153 3788 Petr.
1167 3737 1191 3797 4,
1205 3734 1229 3788 8.

58 3860 102 3910 est
128 3856 264 3909 iudicium
291 3855 386 3909 Photii
408 3856 480 3909 Bibl.
500 3858 560 3911 cod.
580 3858 630 3912 126
642 3867 644 3937 ξ
657 3859 726 3913 Dan.
745 3861 770 3922 4,
789 3860 830 3913 24.

58 3943 191 3997 dicentis:
214 3938 303 4009 ἄλλως
321 3963 351 4000 τε
371 3943 401 3999 a
419 3947 464 4000 καὶ
482 3945 517 4001 τὰ
535 3942 565 4001 ἐν
584 3945 631 4001 οὐ·
693 3948 778 4007 XVII,
800 3951 821 4002 1.
841 3946 955 4013 ἐντολὰς
972 3944 1042 4013 κτλ]
1068 3944 1110 3999 cf.
1130 3942 1229 3996 Matth.

57 4040 118 4097 ταῖς
144 4034 191 4100 (sc.
220 4031 354 4084 ambabus
374 4031 460 4085 Clem.
490 4032 631 4102 epistulis)
658 4035 698 4092 28,
719 4035 759 4088 19.
779 4034 824 4096 20;
844 4034 929 4086 Marc.
951 4032 989 4095 16,
1012 4033 1050 4085 15.

56 4123 183 4188 νοήματα
202 4117 330 4191 ἐρριμίνα
343 4127 403 4186 πῶς
419 4123 465 4176 καὶ
481 4118 515 4175 οὐ
533 4132 632 4191 συνεχῆ
693 4122 716 4173 2.
736 4126 876 4190 σωθῶμεν
894 4115 952 4188 uim]
966 4118 1007 4172 of.
1023 4119 1062 4178 15,
1079 4119 1100 4169 1.
1121 4116 1231 4170 lClem.

57 4210 108 4275 τὴν
126 4205 295 4263 ἀκολουθίαν
318 4205 421 4279 ὑπῆρχε
446 4207 630 4278 φυλάττοντα.
658 4208 682 4271 2,
701 4208 726 4260 4.

56 4324 92 4331 -
110 4300 248 4365 προσευχὴ
266 4295 336 4363 κτλ]
363 4293 465 4347 Forma
484 4293 633 4362 desumpta
693 4292 903 4347 amovemus
925 4291 1073 4361 perspicue
1098 4290 1231 4353 ostendit,

57 4382 102 4433 est
121 4396 135 4431 e
154 4379 221 4432 Tob.
241 4380 270 4433 4.
298 4380 345 4438 10;
374 4381 412 4439 12,
432 4380 464 4439 9,
492 4379 633 4433 sententia
659 4379 829 4449 scripturam
848 4381 973 4432 nostram
998 4394 1058 4431 esse
1078 4376 1230 4430 homiliam

57 4480 153 4520 autem
172 4467 312 4535 reperitur
329 4466 369 4518 lV
387 4465 455 4533 Reg.
474 4466 515 4530 20,
537 4469 550 4520 1
570 4483 630 4533 sqq.
659 4467 701 4521 cf.
714 4467 753 4529 15,
764 4467 794 4527 2;
816 4467 855 4527 19,
871 4468 891 4518 1.
903 4496 936 4505 -
951 4464 1230 4532 moderantum]

57 4556 111 4609 Iac.
132 4554 156 4613 5,
178 4555 285 4607 13-15.
313 4584 346 4591 -
374 4550 541 4623 ἐλεημοούοη
561 4553 631 4622 art]
659 4552 743 4622 Apud
760 4557 903 4606 auctorem
923 4556 1050 4606 nostrum
1074 4550 1232 4621 presbyteri

56 4642 100 4696 cf.
121 4639 199 4693 Prov.
220 4641 259 4703 16,
278 4640 295 4693 6
313 4641 366 4709 (15,
386 4639 443 4708 27);
470 4639 520 4693 Sir.
540 4638 564 4702 3,
583 4639 632 4703 30;
658 4638 805 4694 homiliam
832 4636 956 4702 iaciunt,
989 4639 1066 4709 apud
1092 4638 1232 4692 lustinum
