2834 5018
510 623 688 678 nrrsrurl
706 625 726 688 1,
746 625 832 688 5-11,
852 626 875 678 5.
1239 630 1279 693 41

99 808 222 887 partem
247 803 390 887 aliquam
413 805 643 866 communicare
665 804 769 881 vobis,
794 805 872 868 mihi
893 804 1030 867 mercedi
1052 803 1129 879 erit,
1164 804 1282 887 quippe

99 909 152 992 qui
174 907 296 972 talibus
320 907 487 990 spiritibus
510 907 763 985 ministraverim,
797 911 904 974 studui
931 907 1068 972 breviter
1090 909 1180 971 vobis
1203 909 1281 972 scri-

98 1013 180 1088 bere,
198 1016 236 1076 ut
252 1034 326 1076 cum
341 1012 403 1076 fide
419 1019 524 1078 vestra
539 1014 714 1097 perfectam
729 1014 875 1077 habeatis
891 1013 1111 1098 cognitionem.
1153 1014 1181 1076 6.
1206 1012 1281 1077 Trio

97 1119 198 1202 igitur
221 1117 377 1202 dogmata
400 1122 475 1181 sunt
497 1117 633 1180 domini:
668 1125 757 1182 ritae
787 1139 864 1199 spec
893 1118 1018 1181 initium
1048 1123 1079 1181 et
1107 1118 1178 1181 finis
1207 1118 1281 1181 fidei

96 1228 244 1295 nostrae3
269 1226 302 1285 et
324 1221 446 1285 iustitia
469 1222 578 1285 iudicii
600 1221 724 1285 initium
748 1227 780 1286 et
801 1223 891 1297 finis;
927 1223 1042 1287 caritas
1065 1223 1097 1287 in
1119 1221 1306 1286 hilaritate⁶

96 1333 127 1390 et
149 1325 276 1391 laetitia
300 1347 432 1408 operum
454 1326 595 1390 iustitiae
618 1326 844 1390 testimonium.
885 1329 913 1391 7.
938 1326 1075 1412 Cognita
1097 1328 1181 1391 enim
1204 1327 1282 1391 fecit

96 1430 188 1496 uobis
213 1430 360 1494 dominus
383 1452 440 1513 per
462 1430 635 1514 prophetes
658 1432 830 1513 praeterita
854 1437 886 1495 et
909 1432 1101 1516 praesentia,
1131 1435 1162 1495 et
1191 1432 1279 1495 futu-

96 1557 203 1599 rorum
225 1535 386 1619 primitias
409 1534 561 1619 gustandi
583 1539 776 1619 potestatem
798 1535 889 1599 nobis
918 1535 1012 1599 dedit.
1059 1534 1145 1612 Quae
1168 1536 1201 1599 in
1224 1557 1281 1598 suo

98 1661 243 1724 quaeque
267 1639 376 1703 ordine
400 1639 524 1702 evenire
547 1639 696 1714 videntes
721 1639 805 1703 sicut
826 1639 951 1703 locutus
975 1644 1040 1714 est,
1067 1639 1226 1703 divitiores
1249 1643 1281 1703 et

96 1744 226 1808 altiores
252 1744 399 1808 accedere
423 1744 572 1809 debemus
596 1744 635 1807 ad
660 1743 726 1807 eius
749 1743 903 1808 timorem.
941 1745 970 1807 8.
995 1743 1066 1826 Ego
1089 1748 1195 1808 autem
1217 1761 1319 1808 n0n1⁰

96 1853 130 1912 ut
151 1848 327 1933 magister,
360 1848 415 1912 sed
438 1853 474 1911 ut
496 1870 577 1910 unus
601 1869 639 1910 ex
662 1848 752 1912 vobis
775 1849 939 1912 ostendam
967 1870 1086 1931 pauca,
1119 1869 1177 1932 per
1200 1870 1280 1931 quae

96 1954 126 2017 in
149 1954 373 2037 praesentibus
397 1954 515 2017 hilares
538 1953 615 2016 sitis.

183 2056 224 2120 H.
260 2057 340 2121 Cum
369 2058 435 2121 dies
464 2058 563 2142 igitur
591 2056 668 2121 mali
699 2058 763 2120 sint
786 2062 818 2121 et
841 2078 975 2139 operans
996 2057 1066 2139 ipse
1089 2060 1281 2138 potestatem

97 2161 236 2239 habeat,
268 2161 427 2226 nobismet
449 2162 527 2245 ipsis
551 2161 690 2227 animum
713 2162 910 2225 attendentes
933 2160 1107 2244 disquirere
1130 2160 1279 2223 debemus

97 2266 338 2331 iustificationes
362 2267 488 2330 domini.
536 2268 565 2330 2.
595 2266 683 2330 Fidei
705 2271 832 2330 nostrae
856 2287 933 2349 ergo
957 2265 1116 2329 adiutores
1139 2267 1214 2328 sunt
1235 2264 1319 2327 ti-1o

98 2392 166 2434 mor
189 2375 222 2434 et
245 2370 420 2454 patientia3
446 2393 526 2455 quae
550 2376 655 2435 autem
678 2373 771 2437 nobis
794 2394 887 2456 opem
903 2371 1018 2448 ferunt,
1043 2375 1117 2435 sunt
1131 2369 1279 2454 longani-

98 2476 191 2539 mitas
216 2480 249 2539 et
272 2476 475 2540 continentia.
523 2477 552 2540 3.
586 2474 673 2552 Quae
703 2477 776 2540 dum
798 2475 911 2553 iniis,
946 2499 1027 2560 quae
1056 2477 1095 2540 ad
1119 2474 1280 2539 dominum

100 2584 255 2662 spectant,
280 2584 366 2644 caste
389 2584 532 2657 manent,
559 2602 716 2644 unacum
739 2581 777 2644 iis
800 2580 959 2644 laetantur
981 2580 1153 2664 sapientia,
1183 2577 1279 2643 intel·

100 2683 215 2761 lectus,
241 2684 389 2761 scientia,
414 2684 562 2768 cognitio.
609 2685 638 2748 4.
672 2683 850 2766 Adaperuir
873 2684 956 2747 enim
980 2684 1070 2747 nobis
1093 2706 1150 2766 per
1172 2705 1279 2747 omnes

101 2788 283 2872 prophetas,
308 2811 411 2873 neque
435 2789 596 2853 sacrificiis
612 2809 715 2872 neque
735 2787 931 2851 holocaustis
946 2810 1048 2871 neque
1064 2789 1278 2853 oblationibus
1293 2804 1318 2841 20

102 2893 159 2956 sibi
181 2914 263 2976 opus
296 2916 380 2969 esse,
413 2893 583 2978 aliquando
615 2893 738 2956 dicens:
775 2893 803 2955 5.
842 2893 908 2967 ooo
932 2895 1014 2956 milri
1036 2896 1279 2957 multitudinem

173 3049 189 3102 3
208 3046 263 3099 Tit.
286 3047 308 3109 1,
328 3047 359 3108 2;
379 3048 403 3110 3,
423 3047 447 3099 7.
465 3077 498 3086 -
519 3046 552 3099 19
570 3045 620 3098 les.
642 3047 663 3106 1,
685 3042 794 3097 11-13.

134 3185 155 3237 7.
175 3185 211 3242 τὰ
229 3187 443 3259 παρεληλυθότα
462 3185 532 3253 κτλ]
552 3184 594 3238 cf.
607 3184 631 3246 5,
645 3185 675 3245 3;
739 3182 771 3245 ll,
793 3185 814 3237 1.
835 3184 944 3254 ἡμερῶν
956 3182 1095 3254 πονηρῶν]
1116 3182 1157 3235 cf.
1171 3181 1240 3250 Eph.
1253 3184 1277 3245 5,

104 3273 139 3330 17,
158 3273 189 3333 2;
209 3272 261 3325 les.
281 3273 323 3333 42,
341 3274 372 3332 9;
399 3272 465 3324 lust.
485 3269 565 3340 Apol.
585 3269 609 3331 Ι,
629 3271 675 3330 5·2;
688 3318 691 3365 Ι
706 3273 745 3325 16.
764 3302 798 3308 -
816 3292 840 3326 κ.
860 3268 946 3325 αὐτοῦ
964 3288 989 3323 τ.
1009 3266 1189 3341 ἐνεργοῦντος
1207 3269 1236 3336 (i.
1255 3286 1277 3323 e.

104 3358 226 3428 Theoph.
247 3358 290 3410 Ad
308 3358 404 3411 Autol.
423 3358 442 3421 Ι,
465 3358 513 3420 14;
533 3356 565 3419 ΙΙ,
585 3356 609 3410 9.
629 3356 846 3425 33;'diubolus)
870 3351 907 3427 ἔχ.
934 3377 957 3411 τ.
982 3353 1030 3425 ἐξ]
1060 3354 1165 3409 Eodem
1192 3355 1279 3410 verba

103 3446 166 3499 Iron.
178 3445 249 3498 Adv.
260 3443 336 3497 haer.
352 3444 397 3506 IV,
409 3444 450 3506 33,
462 3445 490 3506 13
510 3442 583 3497 l'crt.
595 3443 673 3513 Apol.
702 3443 836 3514 leguntur
860 3442 928 3495 Bab.
952 3443 1032 3496 Karn.
1052 3443 1121 3505 oca,
1150 3445 1182 3497 ut
1207 3443 1279 3499 vidit

103 3532 146 3593 ‘203
166 3531 281 3601 Hippot.
294 3532 335 3585 De
346 3531 410 3585 Chr.
430 3533 458 3584 et
467 3530 594 3585 Antichr.
606 3533 675 3585 2.-
704 3530 882 3590 Gfldemann,
909 3530 1196 3600 Religrionsycscbicbtl.
1216 3531 1278 3585 Stu-

102 3618 306 3691 πλουσιώτερον
315 3640 340 3674 κ.
350 3615 442 3690 turni]
454 3618 531 3672 Haec
541 3617 628 3671 verba
641 3617 675 3671 de
688 3632 691 3687 ξ
703 3619 765 3672 dien
785 3618 852 3672 1876
870 3634 896 3684 p.
919 3616 976 3670 128.
1004 3616 1045 3669 ef.
1065 3615 1135 3685 Eph.
1155 3620 1178 3681 2,
1198 3620 1227 3679 2;
1254 3618 1278 3670 ΙΙ

103 3704 236 3775 ampliore
256 3707 285 3757 et
298 3703 399 3758 altiore
412 3705 574 3774 cognitione
593 3705 674 3758 intel·
703 3705 800 3758 Thess
821 3706 844 3768 2,
865 3705 887 3757 9.
911 3705 949 3758 11.

102 3790 219 3861 legenda
238 3795 317 3852 sunt,
344 3808 430 3857 quam
449 3795 547 3846 auctor
564 3791 675 3846 lectori·
738 3790 814 3843 2-3.
830 3789 960 3845 Clemrll.
968 3790 1068 3844 Strom.
1077 3792 1111 3853 ΙΙ,
1119 3790 1143 3852 6,
1151 3791 1277 3860 31ρ.445.

102 3876 149 3931 bus
167 3878 307 3948 praebere
325 3880 393 3931 vult.
414 3879 493 3939 0121,
514 3881 537 3932 2.
558 3878 587 3942 3;
607 3880 631 3941 9,
645 3879 674 3941 7;
738 3879 761 3931 3.
782 3877 816 3933 τὰ
836 3879 907 3952 πρὸς
915 3877 1022 3950 κύριον]
1040 3876 1135 3946 potius
1146 3894 1207 3930 cum
1219 3876 1277 3931 Gle-

104 3965 139 4027 19,
158 3968 182 4019 2.
202 3996 237 4003 -
256 3965 418 4038 προσάγειν]
439 3964 620 4019 lutrensitive
640 3965 674 4018 of.
702 3967 797 4017 mente
823 3965 865 4017 Al.
893 3964 928 4016 ud
955 3965 1099 4033 μενόντων
1130 3979 1215 4029 quam
1243 3964 1279 4017 ad

103 4050 124 4109 2,
141 4053 171 4115 9;
192 4053 255 4105 Act.
274 4052 316 4113 27,
336 4052 381 4112 27;
401 4053 454 4106 Ios,
474 4053 498 4114 3,
519 4052 544 4104 9.
703 4055 950 4124 ουνευφραίνονται
963 4050 1193 4103 referendasunt.
1207 4052 1278 4104 Auc-

132 4139 156 4193 8.
175 4139 226 4210 οὐχ
243 4135 282 4206 ὡς
299 4137 369 4207 κτλ]
391 4137 431 4190 Cf.
451 4140 475 4199 4,
489 4138 513 4192 6.
527 4139 550 4191 9.
571 4140 676 4192 Auctor
702 4142 749 4191 tor
766 4138 831 4190 illus
842 4153 954 4203 quoque
973 4136 1091 4190 virtutes
1099 4136 1200 4205 poscit,
1212 4137 1279 4204 qnia

103 4240 154 4279 non
168 4229 199 4280 ut
212 4225 313 4280 doctor
326 4225 404 4292 loqui
417 4224 483 4288 vult,
504 4241 675 4291 quamquam
704 4224 825 4279 scientia
843 4224 905 4279 solu
923 4221 1011 4276 infiat.
1031 4222 1073 4276 Cl'.
1092 4222 1104 4275 Ι
1124 4223 1184 4277 Gor.
1205 4225 1228 4287 8,
1251 4229 1277 4284 l;

104 4310 198 4368 doctor
217 4313 279 4367 fuit.
303 4345 338 4352 —
359 4311 388 4370 ἐν
407 4334 430 4369 τ.
449 4313 594 4385 παροῦσιν]
614 4311 631 4365 i.
652 4328 674 4365 e.
703 4313 729 4365 11
747 4313 822 4365 Petr.
844 4312 866 4372 1,
886 4311 908 4363 5.
928 4311 952 4363 6.

103 4396 130 4452 in
148 4400 232 4454 rebus
252 4400 345 4453 adhuc
363 4404 422 4454 tam
442 4399 575 4453 adversis.
595 4399 636 4452 cf.
649 4399 674 4461 2,
736 4401 760 4452 4.
779 4397 882 4466 Incipit
893 4395 1055 4462 disquisitio
1064 4406 1121 4455 τῶν
1132 4401 1276 4469 δικαιωμά-

105 4487 129 4544 l:
147 4486 170 4548 8,
184 4488 208 4540 6.
228 4518 263 4526 -
282 4484 527 4561 εὐφρανθήσεσθε]
548 4485 589 4539 Of.
603 4483 675 4538 Phil.
704 4505 760 4541 των
776 4487 880 4557 mulce,
899 4482 934 4535 cf.
954 4484 977 4541 2.
1000 4486 1020 4538 1.

105 4573 124 4633 1,
142 4574 188 4636 25;
207 4575 232 4639 3,
254 4576 282 4636 l;
302 4575 327 4636 4,
346 4575 378 4635 43
400 4575 409 4626 l
428 4573 524 4627 Ioann.
546 4576 568 4634 1,
588 4573 613 4625 4.
737 4572 760 4624 5.
780 4568 875 4623 Verbo
904 4570 1011 4624 Iesaine
1047 4574 1157 4624 veteres
1192 4587 1277 4640 saepe
