2834 5018
178 309 219 372 76
668 303 865 359 BARNABAE

178 478 275 562 λέγει·
299 479 408 564 Ὄλην
430 483 493 565 τὴν
509 482 640 565 τΙμέραν
662 479 850 561 ἐξεπέτασα
866 483 924 563 τὰς
948 484 1061 567 χεῖριίς
1076 505 1143 563 μου
1166 483 1252 567 πρὸς
1268 481 1354 546 λαὸν

180 582 392 650 ἀπειθοῦντα
407 586 463 649 καί
486 585 705 668 ἀντιλέγοντα
720 585 789 670 ὁδῷ
805 586 919 672 δικαίᾳ
933 610 1009 669 μου.
1056 592 1085 653 5.
1110 586 1203 650 πάλιν
1219 586 1355 671 Μωυσῆς

180 699 261 754 ποιεῖ
284 690 381 755 τύπον
403 701 458 756 τοῦ
482 690 597 776 Ἰησοῦ,
621 693 667 754 δτι
690 692 737 755 δεῖ
760 693 854 756 αὐτόν
876 697 1010 771 παθεῖν,
1033 694 1086 754 καί
1109 693 1201 767 αὐτὸς
1224 692 1355 769 ζωοποι-

179 795 257 878 ήσει,
282 796 318 858 δν
340 795 482 873 δόξουσιν
499 794 735 859 ἀπολωλεκέναι
759 795 791 859 ἐν
807 796 935 880 σημείῳ,
959 798 1122 870 πίπτοντος
1145 806 1199 859 τοῦ
1218 794 1354 878 Ἰσραήλ.

153 898 323 984 ιέποίησεν
346 903 407 985 γὰρ
428 900 533 983 κύριος
556 901 658 963 πάντα
681 903 751 981 ὄψιν
774 900 898 964 δάκνειν
922 900 1051 979 αὐτούς,
1074 902 1128 963 καί
1151 900 1354 983 ἀπέθνησκον

180 1003 299 1088 (ἐπειδὴ
321 1004 342 1087 η
364 1004 540 1090 παραίβασις
562 1005 613 1068 διὰ
635 1015 689 1068 τοῦ
714 1007 816 1087 δηεως
839 1005 872 1068 έν
895 1004 964 1088 Εύᾳ
987 1004 1140 1090 ἐγένετο),
1169 1007 1221 1068 ἵνα
1245 1004 1356 1088 ἐλέγξη

179 1109 306 1188 αὐτούς,
337 1111 384 1172 δτι
407 1110 458 1172 διὰ
480 1113 535 1191 τὴν
558 1109 734 1194 παράβασιν
758 1111 860 1172 αὐτῶν
884 1111 926 1185 εἰς
950 1109 1060 1191 θλίψιν
1093 1110 1234 1176 θανάτου
1257 1131 1357 1191 παρα·

179 1212 379 1295 δοθήσονται.
426 1217 455 1280 6.
479 1213 575 1296 πέρας
607 1214 643 1298 γέ
672 1236 718 1278 τοι
742 1217 835 1290 αὐτός
858 1215 994 1299 Μωϋοῆς
1017 1214 1251 1299 ἐντειλάμενος·
1287 1216 1356 1280 Οὐκ

180 1318 275 1382 ἔσται
297 1321 379 1398 ὑμῖν
401 1321 479 1384 οὔτε
500 1321 673 1402 χωνευτὸν
697 1324 775 1385 οὔτε
798 1320 950 1403 γλοπτόν
973 1323 1019 1402 είς
1042 1321 1128 1385 θεὸν
1150 1325 1241 1402 ὑμῖν,
1265 1321 1356 1395 αὐτός

142 1437 167 1473 10
180 1429 274 1500 ποιεῖ,
307 1423 359 1485 ἵνα
390 1422 485 1487 τύπον
512 1434 566 1487 τοῦ
591 1423 695 1508 Ἰησοῦ
725 1424 818 1508 δείξη.
864 1434 945 1488 ποιεῖ
974 1423 1028 1489 ούν
1052 1424 1188 1509 Μωϋοης
1216 1424 1356 1508 χαλκοῦν

181 1527 250 1607 δηιν
273 1528 327 1589 καί
350 1525 474 1612 τίθησιν
498 1528 629 1606 ἐνδόξως
651 1531 704 1592 καί
727 1530 901 1613 κηρύγματι
924 1529 1015 1593 καλεῖ
1042 1532 1094 1593 τόν
1118 1529 1205 1593 λαόν.
1253 1534 1282 1596 7.
1307 1528 1357 1591 ἐλ-

181 1629 291 1706 θόντες
315 1629 369 1695 ούν
399 1632 448 1695 έπί
471 1636 506 1695 τό
538 1636 615 1698 αὐτὸ
638 1633 761 1698 ἐδέοντο
784 1634 963 1714 Μωῦσέως,
995 1637 1048 1697 ἰ’νιι
1070 1637 1138 1717 περὶ
1161 1636 1265 1698 αὐτῶν
1288 1634 1357 1697 ἀνε-

182 1733 278 1818 νέγκη
301 1735 405 1820 δέησιν
421 1740 489 1820 περί
513 1749 567 1822 τῆς
591 1739 703 1814 ἰάσεως
720 1740 833 1803 αὐτῶν.
880 1737 964 1803 είπεν
987 1740 1021 1802 δέ
1037 1741 1112 1821 πρός
1136 1741 1248 1814 αὐτούς
1264 1738 1357 1802 Μωῦ·

181 1849 256 1923 σῆς·
280 1840 399 1921 Ὅταν,
425 1842 528 1927 ηηοίν,
552 1842 665 1930 δηχθῇ
688 1868 736 1925 τις
752 1848 861 1926 ὑμῶν,
887 1843 1017 1909 ἐλθέτω
1042 1845 1098 1908 ἐπί
1118 1846 1179 1909 τὸν
1202 1845 1358 1928 ὄψιντὸν

144 1958 168 1995 1⁶
182 1943 239 2007 ἐπί
261 1952 322 2009 τοῦ
346 1944 450 2025 ξύλου
467 1948 682 2028 ἐπικείμενον
705 1948 761 2011 καὶ
784 1947 956 2011 ἐλπισάτω
972 1952 1167 2029 πιστεύσας,
1191 1951 1242 2012 ὅτι
1258 1950 1358 2028 αὐτὸς

182 2051 233 2112 ὢν
254 2050 373 2134 νεκρὸς
404 2049 545 2115 δύναται
575 2051 801 2135 ζωοποιῆσαι,
831 2054 888 2115 καί
912 2059 1120 2138 παραχρῆμα
1154 2052 1358 2137 σωθήσεται.

182 2155 235 2215 καί
259 2155 357 2228 ούτως
389 2153 522 2220 ἐποίουν.
567 2155 649 2239 ἔχεις
680 2154 774 2219 πάλιν
805 2156 859 2218 κοιλ
882 2154 914 2218 έν
947 2155 1066 2231 τούτοις
1096 2159 1152 2239 τὴν
1184 2156 1277 2234 δόξαν
1305 2165 1358 2220 τοῦ

184 2255 298 2340 Ἰησοῦ,
321 2260 367 2321 ότι
391 2256 423 2322 έν
439 2259 524 2342 αὐτῷ
547 2259 650 2322 πάντα
665 2260 719 2321 καί
743 2259 785 2334 εἰς
801 2259 904 2324 αὐτόν.
951 2264 980 2326 8.
1005 2260 1033 2323 τί
1049 2259 1133 2345 λέγει
1156 2260 1250 2324 πάλιν
1266 2259 1359 2323 Μωῦ-

185 2371 240 2444 σης
264 2361 378 2445 Ἰησοῦ,
402 2363 458 2444 υἱῷ
481 2361 591 2446 Ναυίγ,
622 2362 742 2439 ἐπιθεὶς
765 2365 849 2447 αὐτῷ
873 2373 965 2427 τοῦτο
987 2366 1022 2427 τό
1046 2367 1161 2448 ὄνομα,
1194 2367 1259 2429 ὄντι
1282 2386 1358 2447 προ-

145 2481 170 2518 20
184 2465 276 2550 ηίγτη,
299 2467 350 2528 ἵνα
373 2466 466 2548 μόνον
490 2469 612 2552 ἀκούση
634 2478 696 2543 πᾶς
719 2469 736 2530 ό
759 2467 844 2547 λαός,
869 2470 915 2530 ότι
938 2468 1041 2532 πάντα
1065 2469 1081 2530 ό
1104 2472 1208 2552 πατὴρ
1231 2478 1358 2552 φανεροί

183 2571 251 2651 περί
275 2580 329 2634 τοῦ
352 2570 419 2634 υἱοῦ
436 2571 559 2656 Ἰησοῦ;
582 2577 612 2639 9.
636 2571 720 2657 λέγει
744 2570 798 2636 σύν
814 2572 950 2655 Μωῦσῆς
966 2571 1070 2656 Ἰησοῦ
1094 2573 1150 2656 υἱῷ
1167 2572 1268 2657 Ναυή,
1293 2573 1358 2636 ἐπι-

187 2675 252 2750 θείς
275 2684 366 2738 τοῦτο
389 2678 424 2739 τό
447 2679 562 2760 ὄνομα,
585 2677 679 2740 όπότε
702 2677 840 2760 ἐπεμψεν
864 2679 957 2740 αὐτόν
979 2677 1183 2741 κατάσκοπον
1207 2688 1261 2761 τῆς
1284 2689 1356 2763 γῆς·

183 2778 278 2865 Λάβε
300 2782 433 2866 βιβλίον
456 2784 502 2863 είς
526 2784 585 2863 τὰς
608 2785 720 2868 χεῖράς
745 2804 807 2847 σου
830 2783 886 2846 καὶ
909 2782 1056 2866 γράψον,
1080 2786 1102 2846 δ
1124 2782 1213 2866 λέγει
1236 2787 1360 2868 κύριος,

185 2887 235 2950 ὅτι
250 2887 391 2966 ἐκκόψει
414 2887 451 2950 ἐκ
466 2887 572 2971 ῥιζῶν
594 2888 654 2951 τὸν
677 2889 772 2952 σίκον
787 2889 901 2951 πάντα
923 2893 984 2951 τοῦ
1002 2885 1150 2971 Ἁμαλὴιι
1173 2890 1191 2951 ὁ
1214 2890 1286 2968 υίὸς
1302 2895 1361 2953 τοῦ

145 3003 171 3041 2⁶
184 2989 270 3055 θεοῦ
294 2991 348 3054 ἐπ’
378 2991 532 3073 ἐσχάτων
561 2997 631 3055 τῶν
660 2995 807 3076 ἡμερῶν.
856 2994 904 3058 10.
928 2990 974 3053 ἴδε
1003 2989 1097 3055 πάλιν
1122 2990 1259 3075 Ἰησοῦς,
1293 2993 1361 3074 οὐχί

185 3093 249 3168 υἱός
271 3093 461 3176 ἀνθρώπου,
492 3092 575 3156 ἀλλὰ
598 3095 662 3170 υἱός
684 3104 738 3157 τοῦ
762 3096 856 3173 θεοῦ,
880 3094 967 3177 τύπῳ
990 3093 1024 3156 δέ
1048 3092 1080 3157 έν
1104 3096 1195 3176 σαρκὶ
1219 3116 1360 3176 φανερω-

258 3303 437 3360 Ῑδιεπὲτασα
455 3303 481 3355 Η
497 3304 501 3371 Ι
517 3303 649 3371 2απειθη
667 3300 684 3354 S
701 3300 705 3370 Ι
738 3299 897 3356 πάλινικαί
915 3320 943 3355 π.
964 3301 989 3353 V
1006 3301 1009 3369 Ι
1026 3302 1042 3355 3
1060 3299 1144 3367 αὐτὸς
1162 3306 1183 3371 ζ.
1203 3300 1244 3353 SL
1259 3320 1265 3352 ι
1278 3300 1362 3357 αὐτόν

185 3395 404 3462 ζωοποιὴσονσιν
422 3390 455 3453 V,
474 3389 606 3446 παθόντα
623 3392 791 3458 ζωοποιῆσαι
810 3386 836 3438 Η
852 3389 856 3455 Ι
871 3388 890 3440 4
909 3386 942 3443 ὃν
960 3389 1088 3455 δόξουσιν
1107 3386 1151 3440 SV
1167 3406 1172 3438 :
1187 3385 1360 3457 ἐνδοξάζοισι

186 3478 213 3531 Η
228 3480 232 3549 Ι
248 3480 264 3532 5
282 3479 411 3551 κύριος>
424 3479 449 3531 V
465 3477 469 3544 Ι
485 3476 703 3544 ἀπέθνησκανλί
719 3476 723 3544 Ι
739 3476 756 3529 6
775 3475 890 3548 γέγονεν
908 3475 933 3529 V
949 3475 953 3541 Ι
970 3476 985 3527 7
1004 3472 1034 3531 ἐν
1052 3478 1148 3545 θλίψει
1161 3476 1187 3528 V
1203 3475 1206 3543 Ι
1223 3473 1240 3527 8
1258 3473 1361 3539 αύιύςῑ

186 3586 271 3624 συτοσ
290 3568 308 3619 S
324 3566 327 3634 Ι
344 3567 361 3620 9
378 3585 455 3622 εστιν
473 3563 491 3617 S
512 3565 515 3633 Ι
531 3559 595 3621 ούτε
614 3568 656 3636 γλ.
676 3559 740 3620 οὔτε
757 3564 897 3634 χωνευτὸν
915 3563 940 3615 V
962 3561 966 3630 Ι
988 3561 1107 3628 αύτός>
1125 3562 1171 3631 Vt
1193 3562 1223 3615 ll
1245 3560 1363 3629 ἐνδόξως

187 3653 259 3709 SHV
274 3656 323 3708 :in
342 3668 424 3706 cruce
437 3653 466 3715 L,
485 3649 515 3708 ἐν
533 3655 606 3724 δοκῷ
626 3666 678 3703 σου
691 3647 825 3705 Gallandi
841 3650 845 3719 Ι
863 3650 895 3702 13
913 3648 1005 3718 δέησιν
1018 3666 1024 3704 :
1037 3650 1170 3717 δεόμενος
1188 3650 1214 3702 V
1230 3651 1234 3718 Ι
1253 3650 1285 3702 14
1298 3646 1363 3719 όψιν

186 3743 221 3811 Ι-
233 3744 284 3799 τόν
302 3742 402 3814 νεκρόν
419 3740 445 3793 Η
469 3741 473 3806 Ι
500 3738 532 3793 15
550 3740 678 3807 κείμενον
697 3738 723 3790 Η
746 3738 750 3807 Ι
774 3735 894 3804 αύτός>
913 3737 939 3789 V
960 3739 965 3805 Ι
983 3737 1014 3791 17
1032 3737 1151 3802 πάλιν)
1171 3738 1197 3790 V
1213 3736 1217 3805 Ι
1234 3736 1362 3802 τούτοιςι

187 3830 277 3904 τούτῳ
295 3830 320 3882 V
346 3830 350 3898 Ι
377 3830 409 3882 19
427 3826 520 3897 Ἰησοῦ
544 3824 593 3900 σύγ’)
619 3830 696 3896 Nam>
716 3823 834 3898 θΗιτῷ
852 3820 883 3879 Ἰ.
902 3832 942 3897 τῷ
965 3832 1015 3880 τοῦ
1034 3828 1067 3881 Ν.
1086 3822 1136 3898 υίῷ
1155 3824 1201 3893 V)
1225 3825 1295 3891 τό>
1315 3823 1338 3876 V
1358 3824 1362 3892 Ι

186 3917 221 3970 20
238 3917 330 3973 πάντα
348 3915 372 3972 ὁ.
391 3935 419 3970 π.
439 3936 469 3985 φ.
488 3912 535 3967 VL
548 3931 554 3964 ι
567 3931 595 3968 π.
616 3933 644 3983 φ.
664 3911 688 3968 ό.
708 3932 735 3967 π.
751 3910 784 3975 Η,
804 3910 828 3967 ὁ.
847 3931 875 3966 π.
894 3912 986 3968 πάντα
1004 3911 1065 3982 ηαδ
1082 3911 1085 3979 Ι
1102 3912 1133 3964 21
1154 3909 1365 3982 Ἰησοῦ-Ι-νίών

187 4005 290 4075 νασηλί
306 4004 310 4073 Ι
326 4003 441 4076 λέγει-
453 3999 609 4071 ΝαωΙθΗΙ,
622 4018 628 4051 :
641 4004 688 4056 καί
698 4000 723 4052 V
739 4001 743 4065 Ι
759 4001 791 4053 21
806 4016 846 4065 sq.
866 3996 973 4064 ἐπιθεὶς
983 3996 1101 4071 -Ι-αίτῷ
1115 3997 1141 4050 Η
1157 4000 1161 4065 Ι
1178 3998 1211 4050 22
1222 3998 1291 4064 τό>
1301 3997 1345 4050 SV
1359 3999 1362 4063 Ι

187 4092 347 4160 επεμπενθ
373 4090 376 4159 Ι
400 4090 521 4157 αύτὸν>
542 4087 567 4139 V
591 4088 594 4156 Ι
619 4088 654 4140 24
671 4103 804 4156 εκκοψεισ
827 4085 844 4137 S
869 4085 872 4153 Ι
898 4083 928 4141 ἐκ
947 4085 971 4158 ῥ
1000 4082 1113 4156 ἐκκόψει
1140 4085 1231 4141 πάντα
1259 4085 1309 4141 τόν
1327 4078 1362 4140 οἱ·

186 4198 238 4234 κον
256 4176 280 4228 V
297 4177 300 4247 Ι
316 4176 442 4244 πάντα>
461 4177 486 4228 H
503 4176 506 4246 Ι
523 4178 556 4231 25
574 4172 614 4232 ίδε
627 4193 633 4226 ι
647 4174 700 4232 είόε
720 4174 764 4227 SV
788 4175 792 4242 Ι
817 4174 850 4227 25
870 4190 910 4240 sq.
930 4172 980 4245 οὐχ
1001 4212 1027 4226 ..
1047 4171 1106 4230 ἀλλ’
1125 4172 1177 4225 HV
1193 4174 1197 4243 Ι
1220 4174 1253 4227 26
1273 4172 1289 4229 ὁ
1308 4172 1364 4236 υίὸς

187 4264 232 4318 bis
252 4266 277 4317 Η
