2834 5018
405 564 609 621 EPISTULAE
628 565 832 622 CLEMENTIS
852 566 1004 622 ROMANI.
1168 571 1293 638 XXXV

120 743 168 823 τὴν
198 743 375 825 παράδοσιν
407 744 469 824 πρὸ
499 741 675 826 ὀφθαλμῶν
705 743 788 825 ἔχων
817 743 897 820 κτλ,
930 766 1064 829 eumque
1097 745 1197 811 secuti
1220 752 1295 812 sunt

118 847 273 914 Eusebius
297 849 340 913 H.
364 849 403 914 H.
428 848 485 925 HI,
510 850 559 913 13.
586 850 637 913 15.
661 851 704 913 34
727 854 759 913 at
781 849 994 932 Hieronymus
1018 847 1085 914 Cat.
1110 872 1136 915 c.
1162 851 1212 916 15.

199 952 388 1020 Sententias
410 954 484 1018 illas
507 954 719 1036 discrepantes
740 957 777 1016 ut
800 958 1036 1037 componerent,
1061 954 1116 1019 alii
1138 956 1202 1020 alia
1218 979 1293 1021 con-

115 1057 264 1122 iecerunt.
312 1058 515 1142 Epiphanius
539 1057 592 1140 (H.
610 1060 651 1122 27
676 1080 701 1122 c.
720 1056 752 1139 6)
775 1056 903 1122 IClem.
920 1058 971 1137 54,
989 1061 1009 1123 2
1031 1060 1114 1125 male
1136 1061 1293 1146 interpre-

115 1156 198 1227 tatus
233 1165 416 1247 suspicatus
450 1168 510 1240 est,
549 1161 742 1227 Clementem
772 1186 791 1227 a
823 1162 918 1228 Petro
954 1165 1079 1249 quidem
1114 1166 1294 1232 ordinatum

115 1268 220 1344 firisse,
245 1268 337 1352 pacis
360 1289 457 1333 causa
479 1272 585 1332 autem
600 1267 677 1331 Lino
700 1268 829 1332 cessisse
852 1273 892 1346 et,
917 1290 989 1334 cum
1004 1270 1079 1334 huic
1093 1272 1295 1336 successisset

116 1371 221 1437 Cletus
259 1372 309 1455 (ut
330 1373 442 1437 scribit
463 1394 521 1456 pro
544 1375 742 1437 Anencletua
769 1373 818 1436 vel
841 1372 1041 1455 Anacletuc),
1074 1375 1293 1456 pontificatum

115 1479 333 1562 resumpsisse.
387 1476 520 1541 Rufinus
553 1478 585 1540 in
620 1477 818 1560 praefatione
850 1479 883 1542 in
917 1477 1013 1544 Clem.
1049 1479 1293 1564 Recognitionss

116 1585 259 1669 scripsit,
291 1584 405 1648 Linum
437 1588 468 1647 et
491 1581 615 1647 Cletum
637 1583 736 1647 fuisse
760 1584 888 1668 quidem
911 1589 985 1648 ante
1007 1583 1201 1649 Clementem
1224 1585 1293 1669 epi-

118 1710 230 1773 scopos
260 1690 294 1752 in
325 1688 405 1752 urbe
436 1688 551 1765 Roma,
585 1689 640 1752 sed
671 1689 841 1771 superstite
873 1687 979 1765 Petro,
1011 1689 1157 1753 uidelicet
1188 1689 1294 1753 atilli

118 1794 322 1877 episcopatus
345 1814 454 1856 curam
477 1797 631 1876 gererent,
661 1793 730 1874 ipsa
752 1813 826 1856 uero
850 1792 1049 1876 apostolatus
1072 1792 1219 1876 impleret
1242 1793 1293 1857 of·

118 1898 232 1973 ficium,
263 1901 360 1980 atque
383 1895 443 1960 hoc
464 1897 559 1960 modo
582 1902 752 1981 utrumque
775 1918 883 1960 verum
905 1896 1013 1973 videri,
1037 1902 1074 1961 ut
1096 1901 1128 1960 et
1149 1897 1199 1960 illi
1221 1902 1294 1961 ante

119 2002 314 2067 Clementem
335 2008 578 2067 numerarentur
601 2002 751 2086 episcopi,
776 2006 808 2065 et
831 2000 975 2065 Clemens
998 2003 1103 2064 tamen
1126 2004 1201 2084 post
1223 2002 1292 2065 ohi-

119 2114 183 2171 tum
206 2107 295 2171 Petri
320 2107 451 2171 docendi
475 2106 666 2189 suscepisset
688 2106 802 2169 sedem.
842 2103 1020 2188 Scriptores
1042 2105 1138 2168 medii
1154 2107 1223 2169 aeui
1238 2106 1293 2169 alii

119 2212 213 2276 aliam
245 2212 437 2276 sententiam
466 2211 669 2294 repetierunt.
716 2209 804 2273 Beda
832 2208 1030 2273 Venerabilis
1060 2230 1085 2272 e.
1111 2231 1141 2293 g.
1173 2210 1292 2288 scribit,

122 2315 246 2380 Petrum
277 2316 412 2380 fundata
441 2314 562 2379 Romae
593 2314 727 2379 ecclesia
749 2313 867 2379 Christi
890 2312 1084 2378 Clementem
1117 2315 1178 2381 sihi
1201 2315 1291 2378 adiu-

119 2425 216 2485 torem
238 2421 487 2505 evangelizandi,
511 2420 606 2483 simul
629 2426 660 2483 et
679 2441 890 2484 successorem
914 2439 1111 2482 consecrasse
1133 2419 1293 2502 perhiberi

122 2523 214 2607 (Hist.
232 2525 342 2590 eccles.
360 2523 401 2598 ΙΙ,
418 2522 461 2605 4).
497 2522 623 2606 Haymo
646 2523 819 2588 Eusebium
842 2522 993 2605 sequitur,
1018 2521 1162 2605 idemque
1185 2522 1291 2600 refert,

122 2650 179 2703 eos,
204 2631 259 2713 qui
284 2631 321 2693 de
345 2629 496 2693 cathedra
511 2627 676 2692 Romanae
699 2626 850 2690 ecclesiae
873 2626 1064 2709 perscrutati
1082 2627 1154 2702 sint,
1180 2626 1290 2704 dicere,

122 2731 230 2797 Linum
253 2737 285 2796 et
302 2731 428 2797 Cletum
451 2754 515 2797 non
537 2733 654 2797 sedisse
677 2736 713 2795 ut
734 2731 910 2815 pontifices,
935 2731 990 2794 sed
1005 2736 1041 2795 ut
1056 2731 1170 2794 summi
1185 2732 1292 2814 ponti-

122 2837 184 2902 ficis
214 2838 424 2913 coadiutores,
459 2838 573 2922 quibus
595 2839 709 2903 heatus
731 2836 844 2901 Petrus
875 2836 1042 2899 tradiderit
1063 2858 1168 2900 rerum
1191 2835 1291 2899 eccle-

123 2943 315 3006 siasticarum
340 2942 587 3025 dispositionem,
613 2964 684 3006 cum
706 2943 774 3026 ipsa
791 2941 926 3006 orationi
946 2946 978 3005 et
992 2940 1220 3025 praedicationi
1235 2962 1291 3003 va-

123 3047 235 3111 caverit
269 3045 367 3128 (Hist.
392 3068 470 3110 sacr.
494 3043 557 3122 ΠΙ,
583 3043 646 3126 12).
693 3047 881 3111 Recentiora
912 3049 1054 3128 tempore
1085 3044 1153 3108 fere
1184 3065 1292 3108 omnes

122 3150 183 3215 iure
206 3150 391 3235 catalogum
406 3149 621 3214 Romanorum
644 3152 830 3235 pontificum
853 3152 894 3215 ab
917 3149 1048 3214 Irenaeo
1070 3150 1221 3214 traditum
1236 3169 1291 3212 ue-

124 3276 183 3320 rnm
200 3260 408 3341 agnoverunt.
449 3254 495 3319 Cf.
513 3255 628 3320 Baron.
647 3256 687 3319 A.
704 3256 755 3332 69,
772 3258 812 3320 41
830 3277 876 3339 sq.
924 3253 1096 3330 Sententia,
1122 3274 1201 3337 quaa
1218 3251 1290 3317 Cle-

125 3361 216 3424 menti
238 3360 344 3425 locum
366 3365 440 3442 post
459 3360 589 3424 Petrum
612 3361 751 3443 primum
774 3361 930 3435 attribuit,
955 3359 1040 3422 haud
1063 3358 1155 3423 dubie
1179 3380 1218 3422 ex
1241 3358 1291 3423 fa-

126 3462 195 3528 bula
216 3463 486 3528 Clementinarum
517 3464 730 3529 Humiliarum
760 3468 792 3529 at
816 3463 1078 3548 Recognitionum
1101 3467 1209 3526 exorta
1233 3468 1289 3527 est.

128 3566 263 3632 Clemens
296 3568 397 3652 igitur
429 3570 542 3632 tertius
575 3575 649 3652 post
678 3568 809 3633 Petrum
843 3570 1010 3653 episcopus
1043 3568 1204 3651 putandus
1234 3572 1290 3631 est.

128 3669 263 3736 hlortuus
298 3678 347 3736 est
378 3677 484 3736 autem
512 3677 594 3736 teste
625 3672 765 3736 Eusebio
797 3672 837 3735 H.
862 3673 901 3736 Ε.
922 3671 980 3749 Ill,
1002 3674 1053 3749 34,
1086 3694 1156 3735 cum
1178 3692 1292 3736 novem

129 3795 215 3839 annos
250 3776 517 3859 praedicationem
554 3777 643 3841 verbi
674 3777 770 3840 divini
800 3781 1019 3859 procurasset,
1055 3798 1136 3840 anno
1164 3775 1292 3839 Traiani

130 3876 318 3962 imperatoris
341 3880 436 3944 tertio
459 3881 479 3944 i
504 3903 530 3945 e.
556 3904 583 3944 a.
610 3881 669 3945 101
695 3903 726 3964 p.
752 3880 824 3945 Chr.
849 3880 932 3944 Acta
954 3881 1106 3963 martyrii,
1132 3900 1213 3962 quae
1236 3901 1291 3942 ex-

132 3984 238 4055 stant1,
268 3982 356 4047 haud
388 3984 480 4048 dubie
507 3985 713 4069 suppositicia
736 3989 818 4049 sunt.
865 3983 1027 4049 Rufinus²
1060 3985 1195 4068 quidem,
1229 3983 1291 4046 Ζο-

133 4085 217 4151 simus
228 4086 250 4165 ⁸,
275 4085 452 4152 Concilium
467 4090 608 4154 Vasense
633 4114 660 4154 a.
685 4092 748 4154 442
773 4089 811 4171 (c.
829 4086 861 4169 6)
886 4095 918 4152 et
941 4088 1126 4153 Calendaria
1148 4087 1293 4151 Romana

135 4205 327 4219 Q—

193 4260 204 4311 l
224 4257 386 4320 Cotelerius,
405 4262 479 4311 Patr.
498 4262 589 4328 apost.
609 4259 651 4313 ed.
672 4256 794 4311 Clericus
809 4259 908 4320 17241,
925 4256 1072 4310 sos-814.
1108 4255 1197 4319 Funlr,
1216 4255 1290 4309 Patr.

139 4347 212 4407 apost.
229 4344 261 4407 11,
280 4343 392 4397 28-45,

193 4429 337 4486 anieron.
356 4430 438 4500 Apol.
458 4429 520 4483 adu.
539 4430 586 4484 lib.
605 4430 668 4484 Rus.
689 4430 722 4494 ΙΙ,
744 4432 775 4484 17
795 4432 837 4484 ed.
856 4429 1029 4493 Vallars.·ll‚
1048 4429 1107 4484 507.

194 4517 273 4589 dllp.
293 4520 326 4584 ll,
345 4519 370 4572 2.
398 4520 443 4574 PL
461 4520 502 4583 20,
521 4521 580 4574 650.

1037 4604 1081 4670 c*
