2834 5018
165 284 227 347 552
596 277 750 334 Ηπιιπκιι
768 280 912 336 PASTOR

166 458 334 539 ἄνθρωπος
357 456 374 519 6
397 464 521 538 τρυφών
544 457 598 518 καί
621 455 824 540 ἀπατώμενος
846 460 928 521 ούτω
951 457 1169 543 βασανίζεται,
1196 463 1246 525 ὅτι
1271 463 1362 544 ἔχον·

164 581 214 635 τες
236 561 320 643 ζωὴν
354 559 397 635 εἰς
427 559 567 626 θάνατον
598 560 726 637 ἑαυτούς
756 562 1006 644 παραδεδώκασι.
1059 569 1090 633 5.
1114 564 1234 646 Ποῖαι,
1270 569 1358 653 φημί

163 665 260 747 κύριε,
284 665 396 748 τροφαί
419 665 477 728 εἰσι
501 664 667 751 βλαβεραί;
700 664 811 746 Πᾶσα,
835 667 926 751 φησί,
949 667 1058 751 πρᾶξις
1088 671 1197 754 τρυφή
1223 671 1292 736 ἐστι
1316 682 1358 756 τῷ

163 769 341 854 ἀνθρώπῳ,
376 771 393 834 ὃ
423 771 478 834 ἐὰν
508 769 608 854 ἡδέως
637 779 726 854 ποιῇ·
761 773 815 834 καί
843 773 943 856 γάρύ
971 772 1124 856 ὀξύχολος
1157 784 1207 859 τῷ
1241 778 1357 843 ἑαυτοῦ

137 876 262 941 οπάθει
284 878 320 939 τὸ
350 876 456 940 ἱκανὸν
483 884 580 939 ποιων
609 885 726 960 τρυφᾷ·
756 878 810 939 καί
834 877 851 939 6
871 879 979 960 μοιχὸς
1008 880 1062 941 καί
1086 878 1104 942 ὁ
1127 879 1280 963 μέθυσος
1303 884 1355 947 καὶ

162 979 179 1042 6
201 980 381 1056 κατάλαλος
403 982 456 1043 καί
479 981 496 1044 6
519 978 654 1064 ψεύστης
676 981 729 1043 καί
753 980 770 1042 6
793 980 981 1066 πλεονέκτης
1012 984 1065 1045 καί
1090 984 1108 1046 6
1132 986 1355 1072 ἀποστερητὴς

161 1086 254 1148 καίύ
286 1085 435 1173 τ[ού]τοις
464 1088 504 1149 τά
532 1087 624 1168 ὅμοια
653 1095 750 1150 ποιών
773 1095 812 1170 τῇ
836 1086 897 1170 ἰδίᾳ
929 1086 1011 1170 νύσῳ
1035 1088 1071 1150 τὸ
1105 1088 1221 1154 ίκανὸν
1254 1102 1352 1156 ποιεῖ·

161 1199 263 1275 τρυφᾷ
285 1188 339 1254 ούν
362 1188 411 1252 ἐπὶ
434 1200 472 1273 τῇ
494 1188 603 1273 πράξει
626 1192 732 1255 αύτοῦ.
779 1195 809 1258 6.
834 1190 923 1255 αὗται
947 1201 1045 1255 παῖσαι
1075 1193 1109 1256 αἱ
1131 1198 1253 1277 τρυραί
1278 1196 1352 1282 βλα-

161 1295 248 1382 βεροί
271 1296 329 1359 εἰσι
361 1303 424 1370 τοῖς
453 1293 576 1369 δούλοις
604 1303 658 1356 τοῦ
690 1297 778 1360 θεοῦ.
825 1295 875 1358 διὰ
907 1295 1022 1370 ταύτας
1055 1298 1110 1361 ούν
1133 1300 1195 1374 τὰς
1228 1302 1351 1378 ἀπάτας

122 1414 148 1450 1⁰
161 1401 334 1482 πάσχουσιν
365 1400 394 1462 οί
424 1397 646 1481 τιμωρούμενοι
677 1401 730 1462 καί
763 1399 1008 1485 βασανιζόμενοι.
1056 1404 1085 1467 7.
1116 1402 1198 1466 είσίν
1233 1406 1271 1469 δὲ
1300 1408 1350 1468 καί

159 1506 271 1589 τροφαί
304 1502 461 1583 σώζουσαι
492 1505 563 1577 τοὺς
597 1501 803 1584 ἀνθρώπους·
833 1502 942 1566 πολλοί
972 1505 1033 1587 γὰρ
1057 1506 1189 1589 ἀγαθὸν
1222 1509 1350 1594 ἐργαζύ·

161 1630 246 1694 μενοι
275 1617 413 1692 τρυφῶσι
442 1616 481 1691 τῇ
510 1607 629 1670 ἑαυτών
660 1607 757 1692 ἡδονῇ
786 1608 958 1691 φερόμενοι.
1005 1611 1084 1693 αύτη
1114 1608 1172 1676 ούν
1205 1613 1349 1697 ήτρυρὴ

161 1714 318 1799 σύμφορός
348 1713 413 1777 ἐστι
436 1722 498 1787 τοῖς
531 1710 653 1787 δούλοις
680 1722 736 1776 τοῦ
772 1716 850 1779 θεοῦ
872 1713 926 1775 καί
956 1712 1040 1796 ζωὴν
1070 1727 1285 1798 περιποιεῖται
1309 1726 1348 1801 τῷ

160 1817 321 1903 ἀνθρώπῳ
352 1825 396 1901 τῷ
427 1816 576 1900 τοιούτῳ·
615 1816 646 1879 αί
676 1817 710 1880 δέ
742 1816 889 1903 βλαβεραὶ
917 1819 1029 1900 τρυφαί
1061 1819 1093 1881 αἱ
1125 1823 1348 1907 προειρημέναι

121 1933 147 1972 ¹⁶
161 1923 316 2009 βασάνους
338 1926 392 1987 καί
415 1921 561 2007 τιμωρίας
585 1923 689 1997 αὐτοῖς
704 1931 950 2003 περιποιοῦνται·
974 1921 1080 1986 ἐὰνδὲ
1104 1923 1283 2009 ἐπιμένωσι
1298 1930 1348 1991 καὶ

160 2031 201 2112 μὴ
225 2027 449 2112 μετανοήσωσι,
474 2027 614 2093 θάνατον
638 2027 759 2102 ἑαυτοῖς
781 2036 1019 2109 περιποιοῦνται.

630 2199 801 2286 Παραβολὴ
825 2199 863 2279 ζ’.

245 2341 333 2405 Μετὰ
356 2340 471 2424 ἡμέρας
494 2340 601 2426 ὀλίγας
626 2340 706 2405 είδον
730 2342 824 2404 αὐτὸν
847 2341 889 2417 είς
905 2343 940 2404 τὸ
963 2341 1069 2404 πεδίον
1091 2344 1130 2404 τὸ
1153 2345 1246 2425 αύτά,
1271 2349 1347 2410 ὅπου

157 2450 211 2512 καί
235 2451 305 2522 τούς
329 2446 475 2530 ποιμένας
505 2447 672 2528 ἑωράκειν,
702 2448 754 2509 καί
778 2445 862 2529 λέγει
885 2467 951 2528 μοι·
988 2443 1027 2507 Τί
1050 2443 1230 2531 έπιζητεῖς;
1265 2448 1345 2532 Πάρ

119 2571 144 2608 2⁰
160 2572 231 2636 ειμι,
255 2550 342 2635 φημί,
364 2551 461 2632 κύριε,
484 2553 536 2614 ἵνα
558 2553 612 2615 τὸν
635 2549 767 2634 ποιμένα
789 2552 842 2614 τύν
858 2552 1032 2634 τιμωρητὴν
1055 2549 1215 2636 κελεύσῃ-ς
1240 2555 1278 2617 ἐκ
1293 2564 1345 2617 τοῦ

158 2659 245 2721 οἴκου
268 2677 328 2739 μου
352 2655 502 2734 ἐξελθεῖν,
527 2658 572 2718 ὅτι
596 2654 665 2719 λίαν
689 2676 727 2739 με
751 2654 865 2741 θλίβει.
912 2655 965 2717 Δεῖ
988 2675 1035 2733 σε,
1060 2654 1148 2738 φησί,
1173 2656 1343 2744 θλιβῆναι·

158 2764 240 2824 ούτω
262 2761 332 2845 γάρ,
350 2759 435 2844 φησί,
458 2758 646 2841 προσέταξεν
670 2759 826 2837 ύένδοξος
850 2759 983 2844 ἅγγελος
998 2761 1038 2821 τά
1061 2762 1132 2841 περὶ
1149 2772 1230 2825 σοῦ·
1257 2762 1343 2829 θέλει

155 2867 215 2950 γάρ
238 2888 275 2930 σε
290 2869 508 2950 πειρασθῆναι.
555 2862 593 2926 Τί
615 2864 687 2948 γάρ,
711 2864 798 2948 φημί,
815 2864 911 2947 κύριε,
936 2863 1069 2948 ἐποίησα
1092 2867 1178 2928 ούτω
1195 2867 1341 2952 πονηράν,

154 2973 206 3034 ἵνα
228 2978 271 3054 τῷ
288 2969 414 3054 ἀγγέλῳ
437 2969 537 3052 τούτῳ
553 2969 748 3049 παραδοθώ;
772 2973 801 3034 2.
826 2968 954 3047 Ἀκουε,
973 2967 1085 3053 φησίν·
1110 2970 1144 3032 αἱ
1167 2972 1229 3053 μέν
1245 2973 1342 3056 ἁμαρ·

116 3094 141 3132 2⁶
155 3075 216 3138 τίαι
239 3097 296 3139 σου
319 3074 443 3153 πολλαί,
467 3071 539 3137 ἀλλ’
562 3075 597 3136 ού
620 3082 780 3151 τοσαῦται,
805 3073 886 3136 ώστε
910 3080 953 3156 τῷ
970 3071 1097 3156 ἀγγέλῳ
1122 3074 1228 3159 τούτῳ
1244 3097 1342 3160 παρα·

154 3181 307 3264 δοθῆναι·
340 3177 412 3242 ἀλλ’
435 3179 452 3241 6
475 3176 560 3254 οἰκός
582 3200 639 3242 σου
661 3176 801 3262 μεγάλας
823 3178 953 3261 ἀνομίας
977 3178 1031 3240 καί
1055 3177 1214 3260 ἁμαρτίας
1238 3181 1340 3267 εἰργά-

155 3305 242 3362 σατο,
265 3285 319 3348 καί
342 3283 581 3367 παρεπικράνθη
605 3283 622 3346 6
644 3280 768 3359 ἔνδοξος
792 3282 925 3366 ἅγγελος
949 3281 997 3344 ἐπί
1021 3290 1084 3356 τοῖς
1106 3281 1214 3366 ἔργοις
1238 3287 1339 3349 αύτιῦν

153 3390 206 3450 καί
236 3388 287 3451 διὰ
316 3396 406 3450 τοῦτο
437 3384 584 3450 ἐκέλευσέ
613 3407 649 3449 σε
679 3386 791 3469 χρόνον
814 3388 882 3448 τινά
914 3385 1080 3470 θλιβῆναι,
1111 3387 1167 3450 ἵνα
1199 3389 1339 3453 κάκεῖνοι

154 3489 368 3573 μετανοήσωσι
390 3491 443 3552 καί
466 3489 684 3572 καθαρίσωσιν
716 3489 844 3563 ἑαυτοὺς
869 3490 931 3551 ἀπὸ
954 3489 1056 3572 πάσης
1087 3488 1264 3576 ἐπιθυμίας
1286 3504 1338 3558 τοῦ

115 3613 140 3650 ω
154 3592 266 3668 αἰῶνος
296 3592 416 3656 τούτου.
462 3595 537 3657 ὅταν
557 3591 624 3656 ὀὖν
657 3593 872 3676 μετανοήσωσι
906 3595 960 3656 καί
994 3595 1247 3678 καθαρισθώσι,
1270 3599 1338 3662 τότε

154 3696 362 3781 ἀποστήσεται
396 3697 474 3784 [ἀπὸ
497 3698 570 3784 σοῦ]
594 3699 611 3761 6
636 3696 801 3785 [ἀ]γγελος
833 3707 886 3781 τῆς
914 3697 1070 3780 τιμωρίας.
1118 3704 1150 3766 3.
1176 3701 1264 3787 λέγω
1287 3704 1338 3766 α’ϊ

221 3888 267 3952 415
285 3896 324 3963 τῷ
342 3927 368 3940 ..
388 3889 473 3946 πάθει
494 3888 552 3940 Ath
568 3888 714 3958 (L¹A):r;}
733 3929 738 3941 .
759 3929 764 3942 .
784 3889 883 3961 πράξει
903 3888 962 3942 GL’
987 3890 991 3955 Ι
1016 3889 1080 3953 9110
1099 3891 1145 3948 διὰ
1174 3923 1209 3933 -
1229 3901 1338 3967 βασαιι·

153 3972 263 4039 ζύμενοι
291 3975 363 4043 G(A)
377 3980 514 4045 :propter
540 3975 592 4029 has
620 3976 709 4046 igitur
736 3978 843 4045 (autem
867 3976 912 4045 11²)
941 3976 1103 4031 cruciantur
1132 3984 1163 4035 et
1191 3983 1340 4052 patiuntur

152 4071 259 4122 poenas
279 4060 367 4130 1111
387 4062 440 4133 γὰρ
459 4063 505 4116 LA
516 4062 747 4130 Ath2>G115
766 4061 1025 4134 ἐπιμένωσιι-γ-ὶπ
1044 4063 1139 4119 issisl.
1156 4068 1160 4138 Ι
1180 4071 1212 4124 17
1232 4091 1300 4144 παρ.
1316 4068 1339 4140 ζ’

152 4140 181 4203 Ῑι
200 4140 269 4215 ἀρχὴ
289 4145 320 4209 G,
340 4147 496 4202 similitudo
515 4150 615 4202 octava
633 4151 678 4218 ΑΙ
696 4151 728 4205 19
746 4148 897 4219 ἐπιζητεῖςι
912 4151 946 4222 ῳ-
959 4151 1005 4204 hic
1025 4151 1084 4205 L’A
1101 4153 1106 4221 1
1124 4155 1209 4222 19120
1227 4159 1339 4232 πάρειμι

153 4244 197 4282 em
216 4230 251 4283 cf.
270 4232 329 4285 Vis.
348 4233 381 4298 V,
400 4236 433 4289 3:
456 4237 520 4309 παρ’
539 4233 602 4303 ἐμοὶ
621 4236 652 4299 G,
671 4237 736 4292 veni
754 4237 803 4291 LA
818 4240 822 4308 Ι
839 4238 871 4293 31
890 4237 946 4295 ἀπὸ
963 4246 1015 4295 σοῦ
1034 4238 1105 4307 MA)
1121 4243 1218 4308 :>G
