2834 5018
203 291 265 355 192
664 285 690 339 Η
709 285 914 342 CLEMENTIS

201 463 255 526 ἑάν
278 465 319 546 μή
342 461 525 546 τηρήσωμεν
547 463 583 524 τὸ
606 461 766 547 βάπτισμα
789 463 884 547 άγνὲν
909 465 962 526 καί
986 464 1150 547 ἀμίαντον,
1174 464 1251 549 ποίᾳ
1273 485 1381 528 πεποι-

202 566 296 650 θήσει
319 565 565 649 είσελευσάμεθα
587 566 629 641 εἰς
652 568 688 628 τὸ
704 565 861 650 βασίλειον
884 577 939 630 τοῦ
957 570 1051 647 θεοῦ,
1073 566 1153 651 ήτίς
1175 566 1265 651 ήμῶν
1281 567 1379 649 παρά·

201 670 316 756 κλητος
338 673 442 751 ἔσται,
473 670 528 734 ἐὰν
558 673 600 754 μή
624 671 805 754 εώρεθώμεν
828 672 905 755 ἔργα
935 672 1059 756 ἔχοντες
1082 674 1154 735 ὅσια
1175 674 1229 735 καί
1253 671 1379 750 δίκαια;

286 778 358 843 VII.
382 773 480 838 Ὥστε
503 772 567 853 οὖν,
592 774 722 857 ἀδελφοί
745 796 821 858 μου,
852 775 1101 861 ἀγωνισώμεθα,
1126 777 1251 855 εἰδότες,
1276 779 1322 838 ὅτι
1346 774 1378 838 ἐν

174 883 305 966 σχερσίν
328 881 344 944 ὁ
368 881 454 965 ἀγών
485 881 539 942 καί
562 881 608 942 ὅτι
632 880 674 955 είς
697 883 768 955 τοὺς
801 883 962 962 φθαρτοὺς
990 882 1115 966 ἀγῶνας
1147 879 1378 944 καταπλέουσιν

199 985 321 1065 πολλοί,
345 984 417 1048 ἀλλ’
440 986 476 1048 οὐ
499 985 613 1060 πάντες
636 995 870 1068 στεφανοῦνται,
894 985 921 1048 εί
936 988 978 1069 μή
1002 986 1031 1049 οί
1051 985 1155 1049 πολλὰ
1169 985 1377 1058 κοπιάσαντες

198 1093 252 1154 καί
275 1090 383 1166 καλῶς
414 1090 650 1175 ἀγωνισάμενοι.
697 1095 726 1156 2.
751 1089 838 1173 ἡμεῖς
861 1087 915 1154 οὖν
945 1089 1196 1174 ἀγωνισώμεθα,
1226 1091 1279 1151 ἵνα
1301 1089 1378 1152 πάν-

199 1218 249 1272 τες
265 1197 530 1278 στεφανωθώμεν.
575 1198 605 1261 3,
631 1195 712 1259 ώστε
728 1194 853 1278 θέωμεν
869 1198 924 1279 τήν
940 1195 1011 1259 ὁδὸν
1035 1197 1089 1279 τήν
1106 1195 1244 1274 εὐθείαν,
1269 1195 1377 1279 ἀγῶνα

199 1303 252 1365 τὸν
277 1302 459 1382 ἄφθαρτον,
491 1300 545 1361 καί
567 1297 678 1362 πολλοί
708 1299 751 1374 εἰς
774 1301 867 1363 αὐτὸν
896 1298 1163 1382 καταπλεύσωμεν
1186 1300 1239 1361 καί
1264 1299 1376 1383 ἀγωνι-

160 1418 185 1455 10
200 1403 350 1488 σώμεθα,
379 1405 431 1466 ἵνα
458 1405 512 1465 καί
544 1406 819 1487 στεφανωθώμεν·
854 1406 908 1466 καί
940 1405 967 1467 εἰ
995 1406 1037 1489 μή
1069 1404 1234 1487 δυνάμεθα
1264 1404 1377 1478 πάντες

199 1511 457 1592 στεφανωθῆναι,
487 1509 547 1572 κάν
578 1507 670 1592 ἐγγὺς
701 1518 756 1571 τοῦ
790 1508 947 1589 στεφάνου
978 1508 1157 1594 γενώμεθα.
1203 1512 1234 1574 4.
1264 1506 1377 1570 εἰδέναι

198 1612 279 1696 ήμᾶς
301 1613 364 1692 δεῖ,
395 1615 441 1676 δτι
465 1613 482 1676 ὁ
504 1614 558 1677 τὸν
591 1614 734 1695 φθαρτὸν
766 1613 875 1696 ἀγῶνα
897 1614 1144 1697 ἀγωνιζόμενος,
1180 1613 1234 1677 ἐὰν
1259 1613 1376 1694 εὑρεθή

199 1717 355 1800 φθείρων,
389 1719 602 1801 μαστιγωθεὶς
635 1719 753 1799 αἴρεται
787 1718 840 1780 καί
875 1717 934 1794 ἔξω
969 1717 1118 1802 βάλλεται
1151 1726 1205 1781 τοῦ
1237 1715 1374 1781 σταδίου.

199 1826 227 1889 5.
252 1822 280 1885 τί
303 1822 440 1901 δοκεῖτε;
472 1821 488 1884 ὁ
511 1823 565 1885 τὸν
587 1832 642 1906 τῆς
665 1821 845 1904 ἀφθαρσίας
868 1822 978 1906 ἀγῶνα
1001 1823 1134 1905 φθείρας
1156 1822 1185 1885 τί
1207 1823 1375 1901 παθεῖται,

159 1946 184 1983 1⁶
199 1930 228 1992 6.
252 1935 314 1990 τών
336 1929 397 2010 γάρ
420 1929 461 2009 μή
485 1926 696 2010 τηρησάντων,
721 1926 829 2010 φησίν,
852 1929 907 2010 τήν
931 1926 1087 2010 σφραγῖδα
1110 1928 1128 1989 ὁ
1154 1924 1292 2010 σκώληξ
1314 1929 1374 1990 αὐ-

196 2037 266 2094 τῶν
290 2034 330 2095 οὐ
358 2031 550 2115 τελευτήσει
571 2033 628 2095 καί
660 2032 698 2096 τὸ
727 2039 796 2117 πῦρ
824 2035 939 2097 αὐτῶν
969 2034 1009 2096 οὐ
1039 2029 1287 2115 σβεσθήσεται,
1319 2031 1375 2095 καί

196 2134 332 2198 ἔσονται
355 2136 401 2215 είς
424 2136 545 2218 ὅρασιν
567 2136 662 2220 πάση
686 2138 793 2220 σαρκί.

284 2239 372 2303 VIII.
397 2235 452 2313 Ὡς
475 2235 529 2301 οὖν
552 2237 644 2322 ἐσμὲν
668 2238 717 2302 ἐπί
740 2249 814 2323 γῆς,
842 2237 1090 2322 μετανοήσωμεν.
1137 2241 1167 2303 2.
1191 2237 1292 2321 πηλὸς
1315 2238 1374 2322 γάρ

198 2340 291 2424 ἐσμεν
314 2341 357 2417 εἰς
379 2344 435 2426 τήν
457 2352 547 2426 χεῖρα
568 2352 623 2406 τοῦ
646 2343 805 2427 τεχνίτου·
830 2344 864 2406 ὃν
880 2342 993 2425 τρόπον
1016 2344 1076 2425 γὰρ
1100 2341 1296 2425 ὁκεραμεὺς,
1320 2342 1373 2405 ἐὰν

157 2468 184 2506 ac
196 2454 270 2528 ποιη
286 2454 396 2521 σκεῦος
418 2447 472 2508 καί
488 2445 521 2509 ἐν
543 2455 610 2523 ταῖς
625 2448 731 2530 χερσίν
756 2448 851 2510 αὐτοῦ
867 2447 1042 2530 διαστραφη
1064 2448 1085 2528 ή
1101 2445 1256 2531 συντριβῇ,
1280 2445 1373 2509 πάλιν

197 2549 273 2611 αὐτὸ
296 2549 508 2630 ἀναπλάσσει,
543 2550 656 2614 ἐὰνδὲ
686 2551 860 2634 προφθάοη
888 2551 931 2625 είς
954 2553 1009 2634 τήν
1039 2551 1170 2633 κάμινον
1199 2559 1255 2613 τοῦ
1278 2551 1372 2632 πυρὸς

196 2654 272 2716 αὐτὸ
296 2653 412 2740 βαλεῖν,
436 2654 539 2718 οὐκέτι
563 2655 716 2740 βοηθήσει
741 2657 843 2738 αὐτῷ·
878 2658 977 2729 οὕτως
999 2657 1053 2717 καί
1075 2653 1173 2737 ήμεῐς,
1197 2656 1257 2730 ἕως
1281 2654 1372 2737 ἐσμὲν

197 2757 229 2823 ἐν
252 2758 352 2842 τούτῳ
374 2767 417 2842 τῷ
441 2760 567 2844 κόσμῳ,
600 2762 633 2824 ἐν
656 2770 694 2844 τή
718 2761 853 2842 σαρκίά
882 2758 1057 2842 ἐπράξαμεν
1087 2761 1207 2843 πονηρὰ
1241 2780 1371 2842 μετανο-

195 2861 321 2946 ήσωμεν
345 2862 378 2940 ἐξ
400 2863 475 2948 ὅλης
497 2874 552 2948 τῆς
574 2864 717 2947 καρδίας,
748 2866 800 2927 ἵνα
823 2867 980 2946 σωθῶμεν
1003 2864 1063 2925 ὑπὸ
1085 2873 1140 2926 τοῦ
1162 2863 1290 2945 κυρίου,
1314 2864 1372 2936 ἕως

156 2991 182 3030 rs
196 2968 308 3051 ἔχομεν
331 2970 439 3051 καιρὸν
463 2969 636 3052 μετανοίας.
683 2974 712 3036 3.
738 2971 816 3052 μετά
838 2970 898 3052 γὰρ
920 2969 956 3030 τὸ
987 2966 1128 3044 ἐξελθεῖν
1152 2965 1234 3049 ήμάς
1258 2965 1296 3029 ἐκ
1319 2975 1372 3029 τοῦ

264 3108 282 3158 4
300 3101 386 3163 civit
399 3124 405 3158 :
418 3106 507 3174 >HS
522 3111 526 3169 ί
543 3128 598 3176 μου
618 3107 662 3159 As
678 3106 706 3173 (S
724 3104 842 3171 ubique)
856 3123 862 3156 ε
874 3108 909 3172 >
921 3103 947 3156 Η
963 3106 1000 3166 18
1020 3104 1177 3174 θίωμενθε
1192 3104 1369 3174 θώμενΑΗί

198 3194 227 3248 11
239 3191 337 3249 εἰδέναι
347 3193 463 3263 Αιή-δὲ
482 3194 527 3246 HS
543 3202 547 3258 Ι
565 3195 598 3247 14
609 3194 764 3266 φθείραςΑ
775 3195 916 3263 εφθείρων
926 3192 971 3246 HS
989 3200 993 3255 ί
1008 3197 1139 3248 παθεῐται
1149 3191 1370 3260 ΑιπείσεταιΗί

197 3280 229 3332 16
247 3280 383 3347 αὐτών>
400 3280 427 3332 Η
443 3282 446 3349 Ι
463 3281 496 3333 ‘20
515 3280 654 3352 ποιήσηΗ
671 3280 674 3349 ί
689 3283 736 3336 καί
756 3318 780 3332 .·
800 3278 1000 3335 αὐτοῦΑιΝ
1016 3278 1061 3332 HS
1078 3279 1082 3347 ί
1099 3277 1209 3344 ἐν>Η
1226 3283 1230 3347 Ι
1246 3280 1308 3350 I>
1326 3278 1370 3348 ΗΙ

195 3365 229 3418 ‘22
238 3372 371 3440 βοηθήσει
381 3366 528 3440 Αιβοηθεῖ
537 3367 582 3420 HS
599 3369 602 3436 ί
619 3367 652 3420 24
663 3380 711 3436 τῆς
721 3371 754 3434 >
762 3366 788 3419 Η
805 3367 808 3437 ί
825 3362 876 3432 ἕως
886 3366 929 3419 AS
938 3384 944 3417 :
952 3363 990 3432 ὼς
1000 3362 1072 3422 ἕτιΗ
1088 3367 1090 3435 ί
1103 3367 1136 3419 25
1145 3369 1297 3435 μετανοίας
1306 3366 1371 3434 >Η

230 3470 253 3522 9.
273 3475 434 3541 τηρήσωμεν
455 3472 526 3540 κτλ]
550 3474 623 3525 Acta
642 3471 722 3525 Pauli
742 3474 771 3525 ct
796 3489 865 3530 mus,
885 3488 948 3523 cum
967 3488 1086 3537 quorum
1099 3470 1212 3524 nominc
1231 3471 1372 3540 scriptura

197 3556 319 3611 Theclae
341 3574 362 3610 c.
383 3558 400 3610 2
419 3576 445 3610 n.
464 3559 494 3611 6:
523 3560 655 3632 μακάριοι
683 3557 709 3616 oi
737 3560 769 3615 τὸ
796 3559 947 3611 coniuncta
959 3558 1067 3612 tradita
1080 3558 1143 3611 fuit.
1180 3556 1293 3622 Postea,
1312 3577 1337 3612 v.
1348 3561 1370 3620 3,

193 3643 335 3715 βάπτισμα
355 3649 528 3717 τηρήσαντες.
794 3646 910 3699 verbum
923 3647 1027 3714 repetit
1038 3645 1157 3699 lectores
1170 3645 1215 3699 vel
1227 3646 1372 3700 auditores

230 3729 290 3792 vll,
311 3733 333 3784 l.
363 3731 404 3784 cf.
424 3731 436 3782 I
455 3730 516 3784 Cor.
545 3732 569 3794 9,
597 3733 638 3785 24.
666 3733 707 3784 25.
735 3762 770 3769 —
796 3730 963 3786 adhortans:
999 3737 1098 3790 πολλοὶ
1127 3734 1371 3804 καταπλεύσωμεν.

194 3817 406 3887 καταπλέουσιν]
432 3818 501 3871 Cum
521 3823 620 3872 auctor
639 3818 691 3872 hoo
711 3834 768 3871 ver·
794 3820 862 3872 Inde
892 3824 986 3874 autern
1014 3837 1069 3874 non
1097 3823 1140 3873 est
1172 3819 1371 3891 colligendum,

194 3904 260 3958 bum
280 3904 408 3958 absoluto
428 3904 569 3969 adhibeat,
588 3922 644 3959 non
663 3906 769 3958 addens
795 3923 857 3960 eum
875 3907 937 3961 loco
960 3909 1053 3977 priore
1071 3908 1187 3961 verbum
1210 3925 1269 3962 nou
1288 3925 1372 3962 sensu

194 3988 233 4058 εἷς
251 3993 302 4048 τὸν
313 3993 433 4061 Ἰσθμὸν
450 3991 494 4045 val
513 3993 552 4059 είς
564 3994 708 4064 Κόρινθον
723 3995 769 4045 vel
794 3995 900 4058 stricto,
910 3995 1105 4064 sedamplioro
1113 4012 1271 4064 usurpasse.
1292 3995 1371 4050 Post-

195 4078 284 4132 simile
305 4079 474 4146 quidquam,
499 4080 529 4132 in
548 4081 616 4134 urbe
635 4079 672 4132 ad
690 4096 768 4133 marc
794 4100 880 4149 quam
910 4082 1086 4136 auditoribus
1117 4082 1151 4134 de
1182 4082 1371 4137 certatoribus

195 4163 251 4218 sita
271 4182 300 4218 se
328 4166 474 4235 scripsisse
502 4167 624 4230 indicat,
655 4170 683 4220 et
707 4166 767 4219 iure
793 4169 890 4222 multis
918 4170 1158 4239 adnavigantibus
1186 4169 1299 4223 locutus
1319 4175 1369 4232 cst,

195 4266 257 4304 oum
277 4254 312 4305 ad
332 4254 428 4308 urbem
442 4255 653 4309 Corinthiorum
670 4254 767 4307 referi·
793 4255 878 4306 facile
905 4271 1024 4324 pergere
1051 4256 1161 4326 potuit:
1190 4256 1275 4311 multi
1302 4274 1369 4327 crgo
