2834 5018
173 262 236 324 576
606 245 761 301 HERMAE
780 243 922 300 PASTOR

174 432 365 515 ἐργάσωνται
389 428 508 508 ὀρθῶς,
540 425 687 508 ζήσονται
710 431 754 506 τῷ
778 421 874 508 θεῷΙ.
921 427 950 488 5.
976 423 1090 485 ταῦτά
1116 444 1176 506 μοι
1208 424 1312 502 δείξας
1331 425 1370 486 κά

174 533 314 617 λαλήσας
329 533 431 595 πάντα
447 529 531 613 λέγει
547 548 616 612 μοι·
642 527 691 590 Τά
706 527 742 590 δέ
757 526 851 589 λοιπά
866 525 1013 604 ἐπιδείξω
1030 527 1110 610 μετ’
1124 528 1246 613 ὀλίγας
1261 528 1369 614 ἡμέρας

644 700 816 786 Παραβολὴ
840 699 884 766 θ’.

268 846 301 913 l.
326 845 414 909 Μετὰ
436 847 471 907 τὸ
493 843 611 928 γράψαι
634 863 672 925 με
694 842 750 915 τάς
774 840 901 916 ἐντολάς
923 842 977 902 καί
1003 840 1212 926 παραβολὰς
1237 851 1294 905 τοῦ
1316 863 1368 903 πα-

149 954 275 1037 υμένος,
299 962 353 1014 τοῦ
378 948 513 1034 ἀγγέλου
536 959 591 1032 τῆς
615 946 798 1031 μετανοίας,
830 944 912 1029 ἦλθε
935 943 1013 1025 πρὸς
1038 966 1084 1027 με
1110 948 1171 1009 καί
1204 945 1293 1031 λέγει
1315 965 1367 1028 μοι·

177 1057 269 1121 Θέλω
292 1077 342 1119 σοι
364 1054 475 1131 δεῖξαι,
508 1055 567 1114 ὅσα
591 1072 640 1113 σοι
663 1049 760 1127 ἔδειξε
782 1053 818 1112 τὸ
840 1057 960 1130 πνεῦμα
984 1049 1023 1110 τὸ
1048 1051 1151 1133 ἀγιον
1178 1052 1219 1113 τδ
1244 1050 1367 1133 λαλῆσαι

177 1163 255 1244 μετὰ
278 1169 334 1222 σοῦ
358 1158 390 1220 ἐν
413 1166 516 1240 μορφῇ
538 1166 593 1238 τῆς
617 1154 825 1238 Ἐκκλησίας’
850 1153 951 1215 ἐκεῖνο
973 1154 1038 1235 γάρ
1064 1155 1106 1216 τδ
1132 1165 1269 1238 πνεῦμα
1290 1154 1367 1228 ὁυίάς

176 1274 231 1327 τοῦ
255 1266 333 1328 θεοῦ
364 1260 455 1326 ἐστίν.
503 1264 532 1324 2.
557 1260 662 1342 ἐπειδὴ
693 1261 754 1343 γάρ
781 1257 1010 1338 ἀσθενέστερος
1041 1267 1087 1341 τῇ
1113 1262 1218 1341 σαρκί
1243 1258 1297 1345 ἧς,
1324 1261 1367 1322 αλιι

178 1365 326 1449 ἐδηλώθη
350 1386 399 1427 σοι
422 1363 460 1426 δι’
488 1362 634 1447 ἀγγέλου.
681 1364 733 1424 ὅτε
756 1359 810 1425 οὖν
844 1358 1095 1445 ένεδυναμώθης
1121 1364 1180 1426 διά
1210 1374 1270 1428 τοῦ
1292 1362 1366 1426 πνεί-

140 1497 165 1533 ιο
179 1491 275 1552 ματος
297 1471 351 1532 καί
373 1471 506 1551 ἴσχυσας
528 1478 566 1551 τῇ
590 1467 676 1551 ἰσχύϊ
697 1489 772 1547 σου,
804 1469 884 1529 ὥστε
906 1466 1072 1532 δύνασθαί
1099 1490 1140 1532 σε
1164 1472 1226 1532 καί
1251 1467 1365 1554 ἄγγελον

179 1575 263 1652 ἰδεῖν,
286 1574 356 1637 τότε
379 1575 435 1656 μὲν
451 1575 505 1636 οὖν
529 1571 716 1656 ἐφανερώθη
733 1594 781 1635 σοι
805 1573 855 1634 διά
877 1581 930 1653 τῆς
948 1569 1159 1655 Ἐκκλησίας
1185 1573 1209 1656 ἡ
1236 1574 1364 1654 οἰκοδομὴ

178 1688 233 1741 τοῦ
256 1678 388 1761 πύργου·
420 1677 527 1752 καλῶς
556 1678 609 1739 καί
640 1685 760 1759 σεμνῶς
782 1677 883 1739 πάντα
910 1675 953 1749 ὡς
984 1675 1048 1737 ὑπὸ
1080 1677 1263 1758 παρθένου
1286 1677 1365 1759 ἑώρα·

180 1805 250 1857 κας.
295 1792 348 1845 νῦν
372 1783 407 1845 δὲ
430 1783 490 1844 ὑπὸ
513 1779 650 1864 ἀγγέλου
674 1779 797 1865 βλέπεις
820 1781 871 1843 διὰ
893 1789 948 1843 τοῦ
970 1781 1072 1842 αὐτοῦ
1099 1783 1165 1863 μὲν
1186 1784 1364 1867 πνεύματος·

180 1893 209 1955 3.
233 1888 279 1951 δεῖ
301 1886 335 1950 δέ
364 1908 400 1949 σε
422 1885 495 1967 παρ’
526 1886 601 1969 ἐμοῦ
635 1884 852 1970 ἀκριβέστερον
886 1886 988 1948 πάντα
1021 1888 1161 1967 μαθεῖν.
1215 1889 1261 1963 είς
1293 1897 1363 1951 τοῦτο

145 1996 241 2078 ττγάρ
264 1994 318 2054 καί
342 1991 459 2074 ἐδόθην
483 1991 543 2052 ὑπὸ
566 2001 619 2053 τοῦ
644 1988 768 2065 ἐνδόξου
792 1988 926 2074 ἀγγέλου
951 1988 994 2062 εἰς
1019 1991 1075 2052 τὸν
1103 1989 1201 2056 οἶκόν
1227 2014 1287 2055 σου
1308 2010 1363 2054 κστ·

181 2108 324 2180 οικῆσοιι,
354 2097 407 2159 ἵνα
429 2095 566 2169 δυνατῶς
589 2095 691 2157 πάντα
713 2095 793 2177 ἴδῃς,
818 2095 912 2178 μηδὲν
927 2092 1173 2177 δειλαινόμενος
1198 2099 1257 2160 καί
1281 2094 1362 2172 rimi

180 2202 337 2284 πρότερον.
384 2205 412 2266 4.
442 2200 495 2261 καί
527 2198 671 2284 ἀπήγαγέ
705 2220 743 2282 με
774 2200 816 2274 εἰς
849 2201 903 2280 τὴν
933 2197 1135 2280 Ἀρκαδίαν,
1172 2202 1221 2277 εἰς
1255 2205 1363 2283 ὀροςπ

251 2340 293 2401 112
311 2342 356 2393 καί
381 2336 583 2408 λαλήσας>Ιι
609 2339 612 2404 Ι
637 2335 796 2403 Mandro
821 2333 1026 2390 Gzostendam
1045 2334 1105 2388 tibi
1122 2337 1177 2390 LA
1203 2339 1208 2409 Ι
1237 2341 1331 2412 θπαρ.
1343 2334 1363 2390 θ’

181 2424 346 2477 innitium
366 2424 558 2478 similitudinis
579 2426 611 2484 A,
624 2427 659 2490 >
672 2423 696 2477 G
711 2427 715 2492 Ι
731 2425 747 2477 6
766 2425 799 2480 τὸ
818 2420 941 2496 gyros>
959 2422 991 2474 Ιιι
1015 2425 1020 2490 Ι
1044 2423 1062 2476 8
1082 2422 1119 2494 ἧς
1134 2444 1142 2477 :
1157 2421 1201 2493 είς
1221 2426 1248 2482 G
1265 2428 1270 2496 Ι
1287 2427 1316 2481 10
1331 2425 1362 2481 καί

180 2509 300 2585 ἄγγελον
325 2510 506 2580 ΙιῙΙΙΡΑΙτυί
530 2507 644 2583 ἄγγελοι
664 2511 688 2565 G
712 2514 716 2578 Ι
743 2511 774 2566 16
792 2515 838 2566 καί
863 2510 1010 2576 G:>LA
1037 2510 1042 2580 Ι
1069 2511 1105 2563 17
1128 2511 1292 2585 Ἀρκαδίαν
1313 2510 1362 2567 ut:

181 2598 355 2652 Marcodiam
377 2600 503 2650 montem
521 2600 553 2662 Α,
574 2614 626 2651 oon
645 2602 770 2672 Ἀρικίαν
788 2597 865 2652 Zahn

216 2723 261 2776 Du
299 2723 330 2775 ln
357 2723 409 2774 huo
437 2721 626 2775 Similitudine
654 2721 757 2775 iterum
785 2722 895 2783 duntur,
914 2723 945 2772 ut
957 2717 1140 2772 mundentur
1154 2722 1195 2785 et,
1213 2723 1241 2776 si
1253 2715 1364 2774 manuni

181 2809 339 2863 aedificatio
359 2809 443 2862 tumis
462 2808 635 2862 describitur.
661 2809 757 2878 lmugo
784 2808 900 2873 fuerint,
918 2806 987 2860 turri
1005 2806 1113 2859 iterum
1136 2806 1364 2871 triremundi

181 2898 278 2965 itaquo
297 2897 342 2950 hio
361 2897 459 2949 eadem
484 2898 527 2949 ost
546 2912 578 2948 uc
598 2913 682 2965 supra
698 2895 757 2951 Vis.
785 2896 888 2961 minus,
914 2895 1091 2966 proiciantur
1129 2897 1163 2949 in
1197 2901 1365 2968 perpetuum.

181 2984 236 3045 111;
257 2985 398 3037 sententia
418 2986 513 3036 autem
531 2983 613 3038 initio
634 2985 697 3041 ulia.
726 2985 756 3037 In
786 2983 856 3037 Cum
891 2988 984 3038 autem
1010 2982 1095 3051 pravi
1130 2985 1253 3056 lapidos
1286 2999 1366 3042 omno

179 3069 294 3125 Visione
313 3069 400 3124 tertio
420 3069 616 3139 enimlspides
635 3072 670 3124 ad
683 3071 757 3125 aedi·
786 3072 967 3125 secernantur
997 3072 1025 3122 et
1050 3070 1122 3123 boni
1153 3074 1276 3128 tantum
1298 3071 1366 3126 rolin

180 3157 340 3211 ficationem
368 3157 489 3211 adhibiti
516 3174 563 3211 eos
590 3159 757 3233 significant,
787 3161 909 3223 quantur
925 3156 968 3209 rel
989 3157 1092 3224 postea
1112 3156 1296 3222 inserantur,
1316 3175 1366 3213 oum

181 3246 230 3313 qui
248 3263 312 3299 vero
329 3250 394 3300 sunt
407 3246 512 3308 fideles,
534 3247 652 3313 quinon
668 3248 759 3301 solum
786 3243 912 3306 ecclesia,
931 3247 963 3296 ut
974 3244 1075 3311 pastor
1088 3246 1229 3313 explicat
1242 3252 1280 3315 (o
1296 3247 1367 3313 itit

181 3333 272 3396 fidem,
293 3334 341 3387 sed
361 3335 448 3388 etiam
465 3350 553 3403 opera
565 3333 630 3386 fidei
644 3333 757 3387 habent.
786 3330 980 3400 peccatoribus
987 3328 1117 3397 expulsis
1124 3334 1368 3401 purificetu1‚sm·

181 3421 213 3472 In
237 3422 291 3474 hoo
316 3423 410 3475 autom
428 3420 617 3475 Similitudine
640 3420 756 3489 lapidos,
785 3419 877 3471 tentia
897 3414 1090 3470 similitudinis
1109 3423 1290 3478 narratione
1315 3438 1367 3493 pro

182 3507 283 3572 quibus
301 3510 386 3561 turris
401 3509 484 3561 initio
497 3510 531 3575 (o
544 3509 572 3573 4)
586 3506 756 3570 aedificatur,
770 3566 772 3583 Ι
786 3504 934 3575 grediente
957 3501 1013 3555 alia
1035 3502 1070 3556 fit
1090 3509 1121 3559 et
1144 3508 1185 3561 ad
1205 3511 1368 3565 sententian

181 3597 246 3647 sunt
273 3595 322 3662 qui
348 3596 379 3648 in
408 3594 555 3648 ecelesiam
583 3593 758 3662 recipiuntur
785 3591 911 3645 Visionis
930 3588 1114 3655 intrecedit,
1138 3611 1209 3649 curn
1229 3597 1315 3652 initio
1331 3611 1366 3648 οε

182 3680 226 3732 vel
235 3681 425 3749 baptizantur,
441 3685 469 3734 et
479 3697 541 3733 oum
551 3678 692 3748 baptizati
702 3697 757 3733 non
785 3680 848 3732 dem
876 3695 910 3731 ao
940 3674 1146 3732 Similitudinis
1181 3681 1253 3738 VIII
1283 3681 1366 3737 fuerit

182 3781 277 3819 ornnes
296 3767 384 3820 vitum
412 3766 518 3836 degant
545 3782 610 3819 vere
630 3766 756 3820 christio-
785 3766 881 3819 Habes
909 3767 1003 3818 autom
1021 3764 1098 3819 hano
1117 3772 1301 3826 sententiam
1317 3787 1366 3824 mu·

182 3868 255 3915 nom,
267 3853 352 3906 turris
365 3855 447 3907 huius
461 3853 658 3907 Similitudinis
671 3854 758 3907 habet
784 3857 876 3907 totam
897 3854 962 3906 indo
981 3869 998 3904 a
1017 3867 1080 3921 cap.
1102 3857 1147 3910 19.
1170 3859 1215 3914 Gt'.
1230 3860 1335 3915 Znhnl
1348 3874 1366 3910 α

180 3939 268 3991 etiam
282 3956 385 4008 pravos
401 3939 519 4008 lapides,
531 3939 648 3993 ecclesia
659 3957 757 4009 pecca·
784 3958 810 4009 p.
832 3940 977 3994 222-224.

181 4026 265 4079 toros.
302 4025 358 4079 Sed
378 4025 486 4095 lapides
504 4026 585 4095 pravi
604 4026 647 4080 vel
660 4044 757 4097 pecco
821 4029 843 4091 1,
866 4031 887 4081 l.
915 4024 1029 4092 ἐντολὰς
1046 4048 1072 4082 κ.
1095 4036 1279 4108 παραβολὰς]
1305 4036 1366 4103 Cog-

182 4112 257 4164 toros
276 4112 419 4167 adomino
432 4115 516 4167 turris
531 4113 670 4168 eiciuntur
683 4118 718 4181 (c.
732 4117 755 4177 6,
784 4114 878 4168 noscis
896 4114 942 4167 hio
961 4113 1190 4181 dispositionem
1211 4122 1287 4178 libri
1305 4122 1366 4177 Cum

180 4196 212 4258 5;
233 4199 272 4262 13,
292 4198 316 4251 3.
336 4198 418 4261 7-9;
439 4201 478 4264 17,
492 4201 520 4269 5)
539 4205 568 4255 et
580 4201 688 4271 pastori
701 4205 756 4255 tra·
784 4201 902 4256 Hermos
921 4201 975 4254 hoc
992 4198 1055 4254 loco
1085 4203 1167 4263 sicut
1187 4210 1248 4266 Vis.
1265 4209 1296 4274 V,
1313 4206 1365 4263 ἐνί
