2834 5018
498 615 523 670 s.
544 615 684 671 rcuaru
702 616 913 673 arueruuan.
1196 624 1298 689 mx

113 795 209 860 larum
241 794 432 880 longiorem
464 816 529 859 non
561 794 657 879 plane
692 796 818 881 quidem
851 796 1011 881 integram
1046 821 1082 862 ac
1116 800 1296 884 genuinam,

115 899 246 964 breviori
269 904 385 963 tamen
416 898 512 984 longe
535 899 773 983 praeferendam
803 922 872 966 esse
894 904 1083 985 putarunt¹,
1106 904 1171 968 sive
1194 905 1300 967 neutri

115 1005 290 1069 recensioni
320 1004 451 1068 laudem
479 1005 668 1069 sinceritatis
697 1006 886 1088 praebentes
909 1011 1101 1084 statuerunt,
1132 1011 1299 1091 utramque

117 1132 153 1174 ex
172 1109 404 1174 immutatione
427 1110 556 1193 genuini
579 1111 742 1174 cuiusdam
765 1111 953 1195 exemplaris
976 1116 1079 1177 ortam
1094 1134 1162 1177 esse
1177 1109 1200 1175 ¹.
1237 1111 1300 1177 Sed

119 1215 218 1279 adhuc
242 1214 468 1298 quaerebatur,
491 1236 568 1278 num
584 1215 740 1298 epistulae
761 1216 914 1280 brevioris
930 1216 1121 1281 recensionis
1143 1217 1299 1302 genuinae

118 1323 230 1396 essent,
255 1317 382 1396 etalii,
418 1316 574 1383 Catholici
597 1341 706 1384 omnes
730 1325 763 1384 et
785 1320 1000 1385 Protestantes
1023 1321 1184 1405 plerique,
1210 1320 1298 1385 affir-

118 1428 262 1500 marunt,
295 1422 369 1500 alii,
392 1422 611 1488 Protestantes
641 1446 705 1489 nou
727 1426 830 1509 pauci,
864 1431 1067 1509 negaverunt.
1113 1427 1162 1491 Ex
1185 1425 1299 1490 horum

119 1550 248 1593 numero
264 1528 420 1612 proximis
435 1528 630 1611 temporibus
654 1535 729 1594 sunt
744 1529 871 1595 Samuel
887 1528 1056 1614 Basnage³
1082 1535 1113 1594 et
1128 1528 1300 1594 casimirus

121 1633 224 1698 Oudin
236 1633 260 1709 ⁴,
286 1653 325 1696 ex
339 1631 467 1696 illorum
481 1655 614 1698 numero
630 1633 700 1698 Nic.
718 1635 760 1700 he
775 1634 934 1719 Nourry⁶,
959 1634 1124 1720 Remigius
1140 1634 1267 1699 Oeillier
1276 1634 1299 1711 ⁰,

121 1735 260 1800 Thomas
283 1735 389 1799 Maria
411 1734 570 1800 Mamachi
579 1735 600 1800 ⁷.

207 1839 345 1905 Saeculo
367 1838 446 1903 XIX
469 1841 613 1923 quaestio
635 1863 718 1905 nova
740 1846 811 1907 orta
833 1847 892 1906 est.
937 1841 1032 1908 Anno
1057 1845 1140 1909 1830
1156 1843 1198 1907 Η.
1223 1842 1300 1907 Tat-

121 1950 185 2010 tam
207 1945 242 2009 in
264 1944 458 2009 monasterio
473 1944 599 2009 Nitriae
622 1945 745 2030 syriaco
769 1947 908 2011 codicem
929 1948 1183 2031 antiquissimum
1206 1945 1299 2028 (saec.

122 2049 179 2132 Vl)
204 2049 339 2124 detexit,
374 2050 429 2134 qui
458 2049 633 2114 versionem
664 2051 819 2134 epistulae
843 2052 883 2115 ad
905 2051 1117 2135 Polycarpum
1145 2049 1300 2134 syriacam

125 2160 155 2218 et
175 2155 347 2220 nonnullos
371 2154 505 2219 aliarum
535 2155 744 2238 epistularum
771 2156 858 2221 locos
882 2179 901 2220 a
921 2155 1066 2240 pluribus
1093 2154 1301 2238 scriptoribus

124 2259 269 2325 laudatos
301 2259 452 2325 continet.
499 2258 593 2323 Anno
628 2261 711 2324 1842
743 2261 860 2326 multos
891 2261 971 2325 alios
1002 2259 1186 2325 monasterii
1215 2259 1302 2323 illius

126 2366 243 2429 codices
274 2386 334 2448 pro
358 2362 471 2427 Museo
493 2363 678 2428 Britannico
711 2366 804 2442 emit,
840 2365 923 2429 inter
945 2387 1024 2449 quos
1054 2365 1156 2429 versio
1179 2363 1303 2447 syriaca

126 2470 218 2534 trium
242 2468 454 2553 epistularum
477 2469 518 2533 ad
541 2469 764 2554 Polycarpum,
789 2471 829 2534 ad
850 2471 1008 2555 Ephesios
1031 2471 1126 2536 etad
1141 2470 1301 2535 Romanos

127 2574 216 2657 (saec.
233 2573 299 2639 VH
313 2573 365 2638 vel
379 2573 471 2652 VIII)
493 2597 557 2639 una
582 2597 653 2639 cum
675 2575 819 2659 pluribus
835 2575 1073 2660 Ignatianarum
1096 2574 1303 2659 epistularum

127 2680 313 2766 fragmentis
337 2683 464 2761 reperta
479 2677 556 2743 esth
592 2679 705 2745 Versio
727 2703 791 2746 non
807 2681 900 2745 modo
924 2680 1111 2764 alougiore,
1136 2679 1303 2743 sedetiam

128 2785 308 2850 abreviore
330 2785 512 2849 recensione
529 2785 704 2869 discrepat;
728 2786 821 2850 multi
835 2807 944 2850 versus
967 2791 1000 2850 et
1022 2786 1118 2849 etiam
1133 2784 1226 2868 plura
1248 2804 1301 2846 ca·

126 2891 190 2972 pita
212 2890 347 2966 desunt,
380 2889 414 2952 in
436 2889 574 2973 epistula
597 2890 637 2953 ad
659 2888 872 2974 Polycarpum
901 2890 1008 2974 capita
1035 2891 1096 2954 duo
1126 2888 1303 2972 posteriora

127 2995 262 3079 exceptis
285 2993 391 3058 verbis
413 2993 597 3074 Χριστιανὸς
621 3030 661 3040 —-
685 2991 835 3075 σχολάζει
857 2994 928 3073 VII,
951 2997 971 3059 3
995 2997 1027 3059 et
1049 2991 1227 3073 ἀσπάζομαι
1249 2989 1302 3051 τὸν

127 3097 279 3178 μέλλοντα
301 3132 347 3145 -
368 3095 561 3179 πορεύεσθαι
574 3098 661 3176 VIII,
678 3101 716 3174 3;
739 3099 772 3163 in
788 3099 926 3183 epistula
948 3093 1302 3183 adEphesioslI—lll,

129 3203 154 3281 1,
177 3202 359 3280 IV-VIII,
397 3201 429 3265 1·
453 3201 508 3285 (-
535 3202 622 3277 ὄντες
656 3202 758 3286 θεοῦ),
783 3203 838 3282 IX,
863 3207 894 3267 1·
918 3202 972 3286 (-
999 3211 1076 3265 ναοῦ
1108 3198 1247 3284 πατρὸς),
1271 3201 1302 3277 2,

128 3307 164 3384 X,
181 3307 215 3373 3»
239 3307 369 3391 (ἵναμὴ
395 3304 479 3389 κτλ.)
504 3344 544 3353 -
569 3308 658 3387 XIV,
674 3311 708 3372 2·
731 3309 785 3393 (—
802 3306 1023 3391 ὀφθήσονται),
1046 3307 1116 3385 XV,
1137 3304 1168 3366 p,
1192 3300 1303 3388 (καλὸν

130 3415 333 3500 Wn
347 3441 376 3497 c.
389 3444 476 3497 naa
494 3444 524 3497 11
546 3445 665 3514 naoaq.
686 3445 800 3500 suaa
816 3445 875 3499 aaa
886 3445 1015 3499 uaccas
1028 3444 1095 3499 raas
1114 3462 1140 3513 p.
1155 3441 1302 3503 sco-sea

131 3547 211 3597 quem
239 3530 439 3585 refutaverunt
468 3531 546 3586 Rieu
566 3532 673 3596 Rothe,
701 3532 756 3586 Die
774 3532 903 3602 Ansdayc
925 3533 972 3585 der
996 3528 1302 3586 cbristl.Kircb0183'l

128 3635 153 3686 p.
171 3617 223 3671 789
241 3634 319 3686 sqq.;
347 3619 439 3673 Arndt
458 3618 486 3671 in
506 3619 583 3674 seua
601 3637 629 3673 a.
648 3619 778 3674 Kritc'ken
797 3620 865 3674 1839
883 3637 910 3688 p.
930 3619 1081 3680 130-186;
1109 3614 1303 3677 Dhsterdieck‚

129 3703 168 3759 De
185 3704 400 3776 ignatianarum
419 3705 603 3775 epistolarum
623 3707 772 3761 authentia
792 3707 859 3763 1843
878 3725 904 3777 p.
925 3706 1036 3760 20-28.

195 3795 212 3846 2
231 3794 278 3847 Ita
294 3793 325 3847 ΙΙ.
346 3793 408 3847 chr.
424 3793 551 3848 Schmidt
568 3793 600 3847 in
612 3794 743 3865 Mayoas'n
755 3795 809 3863 fur
825 3792 1128 3864 Reb'pienaphilosopbie
1147 3790 1190 3845 ed.
1204 3787 1303 3842 Henke

129 3876 173 3941 ΙΙΙ,
191 3880 224 3934 91
246 3896 308 3948 sqq.
329 3880 404 3944 1795,
424 3883 453 3934 et
472 3880 502 3936 G.
524 3881 553 3935 C.
571 3879 642 3935 Nata
660 3881 691 3934 in
712 3881 801 3936 Theoi.
822 3880 898 3935 atad.
918 3881 976 3935 uad
985 3880 1112 3934 Karsten
1127 3877 1193 3932 1835
1211 3893 1238 3945 p.
1252 3874 1303 3929 881

129 3966 219 4020 -000
257 3966 386 4022 Schmidt
397 3971 499 4036 postca
511 3968 788 4037 (Ks'rcbeapascbicbte
802 3969 822 4031 I,
836 3969 887 4023 209
901 3968 953 4036 sq.)
972 3965 1006 4019 de
1019 3963 1162 4019 sententia
1175 3962 1303 4017 decessit.

197 4055 214 4108 3
232 4054 359 4109 Annales
379 4054 611 4123 politico-eccles.
632 4056 699 4110 1706
718 4072 782 4111 ann.
804 4056 861 4117 107,
881 4053 990 4109 13-73.

195 4142 457 4198 toommentarius
476 4143 511 4197 de
531 4141 716 4212 scriptoribus
735 4142 831 4197 eccles.
868 4142 984 4196 Dissert
1004 4140 1039 4194 de
1057 4139 1117 4193 vita
1135 4140 1164 4193 et
1182 4137 1264 4208 epist.
1283 4153 1304 4188 s.

132 4227 233 4298 Ignatii
251 4249 273 4285 c.
293 4230 387 4288 5-13.

198 4319 215 4371 5
233 4319 398 4388 Apparatus
416 4318 454 4373 ad
471 4319 606 4373 Biblioth.
625 4335 698 4372 max.
718 4321 833 4387 patrum
851 4316 871 4379 1,
890 4317 924 4372 78
942 4332 1002 4384 sqq.

199 4406 217 4460 6
234 4408 353 4463 Butam
369 4408 491 4476 911ιὲ1111
509 4407 554 4462 des
572 4412 682 4461 aumas
700 4407 760 4460 eccl.
780 4404 799 4468 Ι,
818 4405 870 4459 623
889 4420 949 4473 sqq.

200 4494 215 4546 7
234 4492 365 4564 Origines
385 4499 414 4550 et
435 4495 543 4561 antiqu.
563 4493 661 4551 christ.
681 4491 723 4546 ed.
743 4492 775 4545 ΙΙ.
796 4490 842 4555 IV,
862 4490 913 4546 319
931 4506 992 4557 sqq.

200 4579 277 4636 801.
298 4582 429 4648 Cureton,
448 4582 556 4652 Corpus
576 4579 766 4650 Ignatianum.
802 4577 978 4632 Introductio
996 4593 1023 4645 p.
1043 4573 1133 4628 XXVI
1152 4590 1212 4641 sqq.
