2834 5018
529 709 594 765 VIS.
614 709 661 774 Ill,
680 712 704 774 3,
723 711 800 773 5-5,
821 709 843 763 l.
1212 713 1274 778 441

98 892 191 957 audi:
218 891 366 975 quoniam
389 891 456 954 vita
479 895 584 954 vestra
606 909 663 972 per
686 910 800 971 aquam
821 886 945 951 salvata
966 890 1014 951 est
1037 892 1069 951 et
1091 888 1275 953 salvabitur.

99 996 248 1061 Fundata
271 1002 319 1060 est
342 1000 449 1060 autem
471 994 567 1060 turris
587 995 683 1058 verbo
713 992 940 1076 omnipotentis
964 997 996 1056 et
1019 992 1150 1077 gloriosi
1172 993 1275 1058 nomi·

97 1102 147 1165 nis
169 1106 201 1164 et
225 1101 405 1165 continetur
427 1101 466 1164 ab
489 1097 641 1163 invisibili
663 1097 780 1161 virtute
804 1096 931 1160 domini.

185 1199 223 1268 4.
249 1204 456 1288 Respondens
481 1204 549 1268 dico
565 1203 609 1268 ei:
634 1201 782 1279 Domina,
805 1223 920 1285 magne
936 1206 968 1266 et
989 1201 1177 1267 mirabiliter
1196 1203 1276 1268 haec

96 1333 146 1374 res
170 1332 203 1374 se
234 1309 340 1374 habet.
387 1308 520 1372 luvenes
544 1312 648 1372 autem
670 1328 739 1384 sex,
776 1307 831 1390 qui
853 1306 1077 1386 aedificabant,
1114 1308 1168 1393 qui
1191 1313 1302 1384 sunt,⁵

97 1416 249 1480 domina?
272 1415 316 1479 Hi
332 1418 415 1491 sunt,
440 1414 551 1497 iuquit,
576 1413 677 1477 sancti
700 1412 806 1498 angeli
822 1412 880 1489 dei,
899 1411 954 1495 qui
967 1412 1064 1497 primi
1079 1413 1176 1478 creati
1191 1419 1274 1491 sunt,

98 1519 213 1601 quibus
235 1519 366 1583 tradidit
390 1518 535 1583 dominus
558 1539 684 1582 omnem
707 1521 884 1582 creaturam
907 1539 1006 1594 snam,
1030 1522 1067 1581 nt
1089 1522 1228 1602 augeant
1243 1522 1276 1582 et

97 1623 263 1687 aedificent
292 1629 324 1687 et
355 1623 554 1687 dominentur
584 1622 682 1686 totius
712 1626 882 1686 creaturae.
929 1621 1064 1706 Propter
1094 1622 1153 1688 hos
1175 1623 1276 1708 igitur

97 1727 368 1793 consummabitur
391 1726 569 1791 aedificatio
591 1725 697 1789 turris.
745 1727 775 1789 2.
800 1723 904 1790 Ceteri
920 1730 1035 1805 antem,
1060 1726 1115 1809 qui
1138 1726 1274 1791 afferunt

96 1831 228 1916 lapides,
254 1831 428 1915 quisunt?
461 1832 505 1895 Et
526 1831 598 1915 ipsi,
621 1830 741 1914 inquit,
774 1831 875 1895 sancti
898 1835 973 1894 sunt
995 1831 1102 1915 angeli
1125 1832 1191 1906 dei;
1225 1832 1274 1896 illi
1289 1848 1314 1886 1⁰

97 1943 202 2001 autem
238 1958 292 2000 sex
325 1937 364 2000 iis
397 1934 601 2018 praecellunt.
654 1933 931 1998 Consummabitur
964 1935 1064 2019 igitur
1097 1936 1273 2002 aedificatio

96 2041 201 2119 turris,
226 2047 258 2106 et
280 2062 389 2104 omnes
413 2039 506 2103 simul
535 2038 740 2104 exsultabunt
761 2039 794 2102 in
817 2039 949 2103 circuitu
975 2041 1072 2104 turris
1095 2046 1127 2105 et
1149 2041 1273 2126 glorifi-

98 2148 217 2212 cabunt
240 2147 341 2222 deum,
359 2144 508 2229 quoniam
532 2147 812 2208 consummataest
828 2143 1004 2208 aedificatio
1020 2144 1124 2208 turris.
1171 2147 1201 2209 3.
1218 2145 1272 2209 In·

99 2252 259 2336 terrogavi
282 2272 351 2315 eam
376 2249 496 2313 dicens:
528 2248 685 2323 Domina,
717 2248 861 2314 volebam
884 2249 964 2314 scire
988 2248 1130 2332 lapidum
1154 2251 1274 2316 exitum

98 2375 268 2438 eorumque
290 2354 450 2430 virtutem,
476 2351 579 2437 qualis
594 2352 656 2416 sit?
679 2351 887 2436 Respondens
902 2353 981 2418 mihi
996 2354 1085 2419 dicit:
1109 2353 1274 2439 Nonquia

96 2464 132 2524 tu
154 2459 237 2523 inter
266 2479 374 2522 omnes
404 2456 601 2542 digniores,
637 2457 688 2521 cui
710 2456 868 2521 reveletur
902 2455 969 2538 (alii
992 2459 1075 2523 enim
1098 2464 1130 2523 te
1152 2460 1272 2543 priores
1287 2476 1312 2514 1⁶

95 2569 169 2628 sunt
193 2568 225 2628 et
246 2564 392 2629 meliores
408 2567 449 2638 te,
468 2562 582 2645 quibus
599 2562 767 2644 oportebat
789 2561 920 2626 revelari
935 2563 1071 2628 visiones
1093 2561 1195 2644 istas),
1219 2563 1274 2628 sed

94 2674 131 2733 ut
151 2671 359 2749 glorificetur
380 2688 499 2732 nomen
521 2671 593 2748 dei,
623 2669 684 2734 tibi
705 2668 862 2733 revelatae
893 2673 1020 2734 suntet
1050 2669 1274 2735 revelabuntur

95 2777 227 2857 propter
250 2774 371 2849 dubios,
398 2772 452 2856 qui
475 2772 639 2855 disputant
661 2773 694 2836 in
717 2774 864 2838 cordibus
888 2774 963 2851 suis,
986 2777 1093 2838 utrum
1116 2775 1180 2839 sint
1194 2775 1274 2839 haec

95 2901 136 2943 an
159 2900 231 2943 non.
278 2877 339 2941 Dio
360 2877 409 2952 iis,
434 2877 513 2942 haec
535 2878 641 2941 omnia
663 2899 738 2943 vera
760 2900 829 2943 esse
851 2900 910 2944 nec
933 2879 1106 2964 quidquam
1129 2901 1196 2944 esse
1217 2902 1272 2946 er-

93 2987 145 3047 tra
167 2982 341 3059 veritatem,
366 2983 420 3045 sed
443 2981 549 3046 omnia
572 2982 669 3046 fortia
692 2986 724 3046 et
746 2983 838 3047 firma
860 2988 892 3047 et
914 2983 1056 3048 fundata.

183 3084 219 3152 ὅ.
244 3085 330 3150 Audi
352 3108 436 3151 nunc
459 3088 496 3150 de
519 3088 697 3171 lapidibus,
731 3088 785 3172 qni
807 3089 927 3154 vadunt
947 3089 981 3153 in
1012 3090 1271 3157 aedificationem.
1287 3102 1313 3141 ²⁰

92 3192 229 3275 Lapides
250 3190 351 3274 igitur
374 3191 522 3275 quadrati
546 3196 578 3255 et
601 3191 666 3255 albi
688 3195 721 3256 et
736 3196 946 3277 congruentes
970 3194 1181 3258 commissuris
1197 3195 1271 3271 suis,

92 3296 126 3360 hi
151 3299 225 3359 sunt
247 3293 384 3378 apostoli
407 3299 439 3359 et
454 3295 595 3380 episcopi
618 3301 650 3360 et
674 3297 816 3361 doctores
839 3301 871 3361 et
892 3297 1024 3376 diaconi,
1050 3298 1104 3381 qui
1127 3299 1272 3363 ambula·

165 3431 424 3494 Νὴῶλή

92 3537 228 3606 angelos,
257 3551 327 3602 quos
347 3539 376 3589 et
399 3535 505 3604 primos
524 3539 615 3590 vocat.
634 3566 667 3574 —
695 3539 820 3607 δοξασθῇ
835 3536 905 3607 κτλ]
935 3537 976 3592 cf.
1004 3535 1061 3590 Vis.
1079 3537 1112 3599 Il,
1134 3539 1157 3602 l,
1176 3540 1192 3592 2
1213 3542 1272 3593 not.

90 3625 235 3693 δεσπόζειν
253 3644 277 3680 τ.
295 3623 349 3692 κτ.]
376 3621 439 3691 Sap.
459 3622 487 3685 9,
507 3624 537 3677 2:
562 3619 609 3679 ‘lvo
628 3629 669 3680 δε·
695 3655 730 3663 -
747 3624 879 3697 διψύχους
902 3624 973 3694 κτλ]
1001 3623 1043 3678 cf.
1062 3625 1156 3679 Doct-r.
1180 3629 1271 3694 apost.

89 3711 180 3781 σννόζῃ
199 3716 255 3765 τῶν
272 3708 327 3767 ὑπὸ
345 3719 396 3766 σοῦ
419 3708 578 3782 γενομένων
594 3729 668 3766 κτισ·
695 3710 720 3774 4,
738 3711 768 3773 4;
795 3711 877 3764 Bam.
899 3712 938 3774 19,
959 3713 987 3773 5;
1018 3710 1131 3780 Hippol.
1150 3711 1182 3764 In
1200 3709 1271 3765 Dan.

88 3798 195 3867 μάτων.
215 3828 248 3836 -
274 3797 318 3853 διὰ
337 3797 444 3853 τούτων
460 3796 530 3865 κτλ]
558 3794 603 3848 Ab
621 3813 667 3849 an·
695 3797 1127 3863 H,13ed.Bonwetaohl,70.

89 3883 170 3955 gelis,
190 3882 292 3950 quibus
306 3882 380 3937 Deus
393 3899 487 3937 curam
499 3883 668 3951 populorum
731 3886 756 3948 5,
778 3885 800 3938 l.
819 3888 895 3942 λίθοι
907 3917 942 3925 -
953 3884 1115 3956 ἀπόστολοι]
1129 3886 1170 3941 Cf.
1183 3889 1272 3956 Apoo.

88 3970 199 4034 tribuit,
222 3970 342 4024 ecclesia
360 3968 538 4033 aedificatur,
564 3970 667 4038 quippe
695 3972 798 4034 21,14.
822 4003 851 4010 -
881 3971 1033 4030 ἀπόστολοι
1051 3972 1120 4044 κτλ]
1140 3974 1205 4029 Sim.
1223 3974 1270 4038 IX,

90 4059 140 4127 qui
158 4058 280 4127 populos
293 4074 357 4110 snos
377 4055 413 4109 ad
426 4055 509 4109 fidem
527 4056 669 4110 adducant
697 4058 737 4119 15,
750 4059 781 4121 4;
802 4059 872 4121 16,5
890 4060 1012 4127 apostoli
1025 4063 1054 4115 et
1072 4061 1201 4116 doctores
1214 4077 1272 4114 una

89 4145 222 4215 (Helele).
696 4148 951 4200 commemorantur
962 4146 1087 4214 iisquec.
1102 4150 1142 4211 25,
1157 4149 1173 4202 2
1191 4165 1271 4203 mons

125 4231 149 4284 2.
168 4228 362 4303 ὑπερέχοντες]
388 4229 555 4285 Differentia
579 4229 668 4301 digni·
696 4238 811 4288 octavus
824 4234 993 4305 assignatur.
1017 4234 1086 4288 Inde
1098 4237 1186 4303 patet,
1206 4233 1268 4288 doc·

88 4318 159 4374 tatis
178 4319 252 4373 inter
278 4314 395 4384 angelos
416 4333 433 4370 a
450 4316 530 4371 libris
557 4333 668 4386 quoqne
695 4324 771 4374 tores
790 4337 846 4375 nou
865 4337 927 4375 esse
945 4322 1132 4391 presbyteros,
1152 4320 1202 4375 sed
1220 4336 1270 4390 po·

89 4405 178 4459 sacris
192 4405 364 4476 agnoscitur.
391 4401 431 4457 Cf.
446 4403 568 4458 l'l'hess.
580 4406 605 4468 4,
623 4405 668 4467 16;
695 4406 752 4460 tius
770 4406 980 4475 praedicat-ores
992 4408 1122 4462 veritatis
1141 4408 1269 4463 christia·

88 4493 160 4564 Eph.
182 4497 204 4556 1,
224 4494 272 4559 21;
291 4492 315 4555 3,
339 4490 384 4553 10;
404 4491 417 4544 Ι
435 4490 508 4544 Petr.
527 4493 550 4554 3,
570 4491 612 4544 22.
695 4509 748 4546 nae
768 4496 845 4548 certo
864 4493 986 4561 quodam
1004 4511 1119 4549 munere
1139 4496 1270 4550 ecclesia·

125 4580 149 4637 3.
170 4579 255 4635 clem.
283 4581 326 4634 Al.
352 4579 452 4634 Strom.
471 4579 491 4643 I,
510 4580 551 4642 29,
573 4578 621 4634 181
640 4597 667 4648 p.
696 4578 765 4634 stico
784 4579 1010 4650 nonfungentes.
1046 4580 1109 4637 Vox
1125 4579 1271 4640 ἐπίσκοποι

86 4669 141 4725 426
169 4668 224 4736 (διὰ
243 4688 267 4725 τ.
292 4672 350 4738 dau.
376 4698 411 4708 —
438 4665 489 4724 οὐκ
514 4660 608 4737 ἔστιν).
634 4690 682 4737 -ς
695 4665 830 4721 ecclesiae
858 4668 1037 4737 praepositos
1071 4669 1213 4739 significat
1242 4672 1271 4723 et
