2834 5018
160 345 249 412 XCII
600 340 884 397 rsocucouaus.

160 521 296 605 sumptis
312 519 366 603 (cf.
386 523 413 597 1,
431 523 465 595 3;
489 522 519 597 2,
539 521 566 583 1.
583 522 617 598 23
642 523 670 598 5,
688 523 725 595 3;
751 522 779 595 7,
797 522 834 594 2;
859 521 888 596 8,
907 520 945 594 1;
971 519 1022 597 16,
1036 519 1079 602 2).
1124 519 1336 603 Hieronymus

161 624 230 690 Cat.
254 647 279 689 c.
305 626 345 689 17
369 625 538 708 epistulam
552 625 643 689 valde
665 625 776 689 utilem
800 624 940 689 declarat
956 629 1164 710 testaturque,
1189 647 1260 689 eam
1282 647 1337 688 us·

162 751 222 815 que
245 730 285 794 ad
307 730 407 813 ipsius
435 733 561 812 tempus
583 729 616 793 in
640 727 736 793 Asiae
764 735 918 794 conventu
947 729 1021 813 legi.
1068 729 1245 795 Antiochus
1268 750 1336 793 mo·

160 834 280 898 nachus
304 832 397 916 (saec.
414 833 488 915 Vll)
505 833 684 918 epistulam,
708 835 854 899 similiter
869 839 965 920 atque
988 834 1108 919 Ignatii
1130 835 1283 920 epistulas
1307 838 1338 898 et

161 939 298 1004 Hermae
321 939 503 1016 Pastorem,
536 941 576 1003 ad
597 938 744 1004 homilias
767 940 1000 1023 componendas
1024 939 1169 1004 adhibuit
1181 938 1202 1003 ¹.
1249 939 1337 1004 Pho·

160 1044 206 1108 tio
229 1044 363 1128 denique
387 1042 484 1125 (Bibl.
509 1046 575 1109 cod.
601 1044 675 1128 126)
707 1045 845 1129 epistula
866 1042 1006 1127 γέμουσα
1028 1042 1147 1128 πολλῆς
1170 1043 1338 1118 νουθεσίας

161 1147 239 1228 μετὰ
261 1146 431 1229 σαφηνείας
453 1148 506 1210 καὶ
522 1146 697 1232 ἁπλότητος
719 1149 802 1210 κατὰ
817 1149 870 1210 τὸν
893 1146 1154 1231 ἐκκλησιαστικὸν
1169 1157 1224 1231 της
1246 1146 1339 1231 ἑρμη-

161 1248 244 1325 νείας
267 1250 363 1313 τύπον
386 1275 454 1317 esse
468 1254 602 1331 videtur,
627 1255 756 1340 eiusque
771 1254 987 1319 testimonium
1011 1255 1172 1338 prioribus
1188 1255 1337 1339 adiungo,

162 1356 238 1439 quia
259 1358 448 1423 recentiores
477 1361 647 1444 epistulam
670 1360 929 1445 compilationem
958 1359 1102 1424 locorum
1126 1358 1339 1423 communium

161 1460 262 1525 levem
297 1466 329 1525 et
357 1464 558 1528 celeberrimo
587 1463 830 1547 Smyrnaeorum
860 1465 1010 1549 episcopo
1044 1466 1140 1548 plane
1174 1465 1339 1549 indignam

162 1565 402 1631 declaraverunt
410 1564 433 1630 ².
480 1567 644 1653 Scriptura
666 1590 752 1652 ergo,
778 1592 858 1654 quae
880 1571 964 1634 tanti
987 1570 1223 1645 aestimabatur,
1247 1568 1339 1632 utin

162 1670 302 1736 ecclesiis
325 1672 422 1737 Asiae
444 1672 572 1757 publice
595 1672 761 1756 legeretur,
786 1695 929 1758 quaeque
953 1696 978 1738 c.
1004 1697 1074 1738 ann.
1101 1675 1164 1738 180
1187 1678 1256 1737 tam
1275 1672 1339 1736 late

161 1775 294 1861 vulgata
316 1784 394 1856 erat,
419 1783 455 1842 ut
477 1778 625 1844 Irenaeus
649 1779 751 1842 dicere
772 1784 890 1862 posset,
913 1780 1111 1864 quicumque
1127 1778 1241 1843 salutis
1264 1797 1340 1840 suae

162 1901 269 1946 curam
293 1888 432 1967 gereret,
463 1905 536 1947 eum
558 1888 590 1947 et
613 1883 749 1948 formam
776 1883 851 1947 fidei
872 1883 1042 1967 Polycarpi
1072 1889 1104 1948 et
1125 1881 1339 1967 praedicatio·

161 2007 234 2051 nem
264 1989 406 2054 veritatis
436 2011 475 2054 ex
496 2011 534 2053 ea
565 2010 753 2073 cognoscere
783 2009 893 2072 posse,
924 2010 987 2072 quo
1009 1989 1076 2052 iure
1104 1991 1178 2070 post
1200 1987 1340 2050 medium

108 2180 111 2187 ἱ
162 2092 324 2156 saeculum
347 2094 517 2158 secundum
539 2093 684 2157 confecta
706 2114 774 2157 esse
800 2093 980 2157 iudicatur?
1014 2091 1067 2157 An
1088 2091 1258 2156 verisimile
1281 2094 1339 2163 est,

162 2197 203 2260 ad
232 2218 303 2261 eam
332 2220 520 2282 provocasse
551 2198 730 2274 irenaeum,
768 2198 823 2282 qui
856 2201 983 2281 praeter
1012 2201 1132 2261 eeteros
1163 2195 1341 2260 haereticos

162 2299 326 2366 Florinum
349 2304 558 2388 impugnavit,
583 2304 637 2387 qui
659 2325 722 2365 una
744 2324 816 2366 cum
837 2304 908 2386 ipso
931 2301 1074 2386 episcopi
1096 2300 1341 2384 Smyrnaeorum

163 2405 335 2491 discipulus
358 2407 420 2471 fuit
443 2413 476 2472 et
498 2409 649 2472 facillime
671 2428 743 2470 eum
766 2410 822 2470 aut
844 2427 947 2470 errare
979 2410 1035 2470 aut
1057 2405 1184 2470 mentiri
1204 2405 1341 2488 probare

161 2515 302 2597 poterat,
333 2512 360 2575 si
388 2512 526 2596 epistula
554 2536 574 2576 a
603 2512 758 2596 magistro
789 2532 854 2574 non
883 2515 951 2575 erat
982 2511 1122 2593 scripta?
1156 2509 1288 2584 Revera,
1313 2508 1342 2572 si

161 2615 378 2679 testimonium
411 2616 450 2679 ab
483 2616 540 2680 illo
574 2616 734 2699 prolatum
764 2614 883 2678 nullius
917 2613 1066 2698 ponderis
1101 2635 1169 2678 esse
1197 2616 1339 2697 putatur,

162 2720 256 2804 quale
278 2720 494 2785 testimonium
515 2720 608 2784 nobis
631 2720 772 2785 sufficit?

249 2823 337 2901 Quae
359 2847 430 2890 cum
451 2826 498 2889 ita
513 2826 586 2902 sint,
609 2824 739 2908 plurimi
762 2824 931 2908 epistulam
951 2824 1122 2909 genuinam
1145 2843 1214 2886 esse
1237 2842 1341 2906 agno·

161 2934 274 2993 verunt
283 2928 305 2992 ³.
356 2925 512 2995 Nonnulli
543 2933 649 2991 autem
677 2928 914 3005 dubitaverunt,
949 2950 1025 2992 num
1055 2927 1180 3011 integra
1212 2925 1253 2989 ad
1281 2947 1341 2990 nos

235 3082 364 3137 l'lacite
384 3081 547 3150 exscripsit,
576 3083 608 3134 ut
630 3079 650 3132 I.
670 3078 706 3132 M.
726 3078 856 3135 Cotterill
880 3080 909 3134 in
931 3081 984 3135 'lte
1003 3079 1123 3134 Joamot
1140 3078 1173 3145 of
1196 3078 1342 3150 Philolopy

162 3169 227 3223 xlx
246 3168 345 3238 (1891),
373 3168 512 3223 241-285
531 3167 668 3238 exposuit,
696 3168 720 3230 2,
739 3168 756 3221 2
774 3171 819 3221 ἐὰν
843 3175 957 3234 ποιῶμεν
976 3197 1008 3206 -
1030 3169 1168 3233 ἠγάπησεν
1186 3164 1268 3218 Hom.
1290 3166 1342 3220 114

162 3255 210 3311 PG
228 3255 270 3319 89,
292 3255 366 3316 1789,
394 3253 448 3317 3,3
466 3259 481 3306 ὁ
499 3258 549 3322 γὰρ
567 3259 636 3321 ἔχων
653 3284 689 3293 -
715 3257 843 3321 ἁμαρτίας
870 3254 937 3308 ibid
958 3255 986 3307 et
1005 3254 1039 3306 H.
1057 3252 1092 3307 96
1118 3269 1144 3320 p.
1166 3251 1250 3315 1725,
1280 3253 1342 3315 5,2

161 3347 259 3412 ὁμοίως
277 3346 392 3396 διάκονοι
410 3372 444 3379 -
462 3344 693 3409 συμβασιλεὺσομεν
712 3345 781 3409 αὐτῷ
798 3339 832 3393 Η.
853 3341 902 3395 123
921 3357 947 3409 p.
969 3340 1035 3394 1817
1055 3357 1104 3408 sq,
1128 3339 1183 3401 5,ss
1201 3341 1288 3392 καλὸν
1306 3370 1342 3379 -

161 3433 326 3497 στρατεύεται
344 3428 377 3481 H
397 3429 475 3497 7411.
497 3427 571 3490 1648,
600 3429 623 3490 6,
645 3429 711 3483 1-2
730 3435 776 3482 καὶ
794 3435 818 3482 οἱ
835 3433 999 3495 προσβύττροι
1015 3457 1051 3467 -
1070 3429 1216 3493 ὀφθαλμῶν
1234 3426 1269 3479 Η.
1291 3427 1343 3481 123

162 3536 188 3587 p.
211 3518 283 3579 1817,
311 3516 364 3582 6,3
382 3519 561 3581 reomaenses
581 3545 615 3553 -
633 3519 769 3582 εὐλαβείας
786 3516 820 3568 Η.
843 3515 893 3570 114
918 3532 945 3584 p.
967 3513 1043 3569 1789.
1080 3512 1167 3567 Locos
1186 3510 1342 3580 parallelos

162 3605 209 3659 hie
226 3604 336 3667 indico,
366 3601 501 3672 quoniam
519 3598 548 3652 in
568 3603 768 3656 commentario
798 3601 937 3671 epistulae
964 3617 1011 3655 eos
1029 3616 1086 3654 non
1114 3598 1341 3653 commemoravi.

163 3691 293 3746 Cotterill
311 3710 338 3761 p.
360 3692 411 3745 262
437 3687 524 3743 verba
548 3687 699 3756 Polycarpi
717 3689 741 3753 6,
763 3692 794 3744 1:
822 3694 921 3753 εἰδότες
939 3692 979 3740 ὅτι
996 3692 1092 3750 πάντες
1110 3688 1246 3752 ὀφειλέται
1263 3691 1342 3754 ἐσμὲν

162 3782 297 3846 ἁμαρτιας,
317 3778 354 3833 ad
372 3778 476 3831 librum
494 3774 623 3829 Henochi
649 3775 754 3830 referre
773 3775 893 3830 videtur.
930 3773 985 3828 Vix
1002 3775 1087 3829 recte.
1124 3775 1231 3827 Auctor
1255 3773 1342 3827 huius

163 3865 228 3919 libri
246 3867 270 3929 6,
290 3867 306 3921 3
325 3866 456 3935 angelum
475 3863 649 3918 Semeiazam
678 3862 818 3917 dicentem
845 3864 970 3917 faciens:
998 3869 1044 3915 aaa
1069 3866 1160 3928 ἔσομαι
1186 3864 1242 3929 ἐγὼ
1261 3866 1342 3928 μόνος

162 3957 301 4021 ὀφειλέτης
327 3958 453 4020 ἁμαρτίας
479 3955 601 4020 μεγάλης
628 3951 675 4021 (of.
696 3951 758 4006 Dos
779 3953 858 4006 Buca
876 3951 988 4006 Herwclv
1010 3948 1073 4002 edd.
1093 3950 1112 4002 Ι.
1132 3947 1292 4019 Flamming
1312 3952 1343 4003 et

163 4041 192 4094 L.
212 4040 426 4103 Radermacher,
445 4039 559 4109 Lipsiae
580 4039 645 4093 1901
665 4057 691 4108 p.
712 4040 765 4108 24),
795 4038 829 4091 de
846 4039 964 4107 peccato
983 4038 1013 4089 et
1030 4038 1181 4106 peccatore
1200 4034 1340 4106 singulari

162 4127 297 4195 loquitur,
311 4126 484 4195 Polycarpus
498 4128 594 4180 autem
608 4126 734 4180 homines
747 4127 865 4193 peccato
878 4125 907 4176 in
921 4138 1023 4192 genere
1035 4120 1172 4176 obnoxios
1185 4138 1248 4177 esse
1262 4122 1340 4177 dicit.

233 4215 249 4266 2
268 4212 311 4266 cf.
332 4212 499 4281 Schwegler,
519 4212 686 4279 Nachopost.
705 4213 833 4267 Zettolter
850 4212 884 4274 ll,
905 4211 963 4265 154.

233 4299 249 4354 3
267 4299 419 4365 Hucusque
445 4300 505 4352 fere
523 4314 635 4361 omnes,
664 4298 714 4364 qui
733 4297 871 4365 epistulae
890 4297 1066 4351 authentiam
1093 4296 1340 4364 impugnaverunt,
