2834 5018
478 651 654 707 naissum
672 652 745 719 xix,
765 654 858 707 5-12.
1209 659 1252 723 93

75 834 216 897 vitatem.
264 831 315 896 Ne
338 830 464 896 auferas
494 853 623 895 manum
655 836 742 895 tuam
766 855 785 896 a
807 831 873 896 filio
896 837 951 897 tuo
981 834 1030 897 vel
1055 858 1074 898 a
1095 832 1163 898 filia
1185 838 1250 907 tua,

75 941 128 1003 sed
151 962 171 1002 a
193 938 333 1021 pueritia
361 936 486 1001 docebis
510 957 562 999 eos
589 936 735 1000 timorem
769 937 827 1000 dei.
874 939 904 1001 6.
929 938 1018 1002 Bona
1046 938 1252 1022 proximitui

75 1068 136 1108 non
159 1042 374 1126 concupisces,
398 1062 456 1105 nec
479 1041 540 1104 eris
564 1063 692 1115 avarus3
716 1064 818 1125 neque
842 1065 879 1107 ex
902 1044 1006 1108 anima
1030 1049 1086 1108 tua
1100 1044 1251 1108 adhaere·

76 1151 124 1214 bis
145 1148 310 1232 superbis,
343 1148 398 1211 sed
419 1145 593 1210 humilibus
623 1152 718 1230 atque
740 1147 832 1210 iustis
858 1148 964 1211 uteris.
1011 1146 1171 1232 Quidquid
1192 1148 1253 1211 tibi

77 1254 199 1325 accidit,
223 1256 390 1336 tamquam
411 1252 530 1316 bonum
554 1253 697 1336 accipies,
722 1254 874 1330 conscius,
899 1254 967 1318 sine
990 1256 1048 1318 deo
1071 1254 1152 1317 nihil
1173 1253 1280 1317 fierit

79 1360 105 1422 7.
130 1358 206 1423 Non
230 1358 292 1421 eris
313 1358 496 1421 inconstans
519 1379 577 1421 nec
599 1357 767 1442 bilinguis:
801 1358 934 1442 laqueus
958 1359 1042 1423 enirn
1072 1359 1183 1422 mortis
1206 1362 1253 1421 est

79 1464 187 1549 lingua
211 1462 337 1546 duplex.
385 1461 555 1526 Subicieris
578 1462 712 1526 dominis
736 1467 771 1525 ut
795 1463 844 1526 dei
867 1464 999 1549 imagini
1021 1464 1054 1527 in
1069 1463 1255 1528 verecundia

80 1576 109 1633 et
131 1569 256 1633 timore.
303 1567 353 1632 Ne
376 1569 408 1632 in
437 1568 645 1631 amaritudine
668 1567 804 1651 imperes
834 1589 923 1632 servo
946 1572 1002 1632 tuo
1033 1573 1088 1632 aut
1111 1567 1253 1643 ancillae,

80 1675 131 1758 qui
153 1674 187 1737 in
210 1674 346 1736 eundern
370 1673 462 1735 deum
485 1677 632 1757 sperant,
665 1672 810 1736 neforto
833 1694 896 1737 non
918 1674 1052 1738 timeant
1075 1675 1176 1749 deum,
1201 1672 1255 1757 qui

79 1800 170 1864 super
194 1782 365 1861 utrumque
388 1781 452 1852 est,
484 1778 634 1861 quoniam
656 1798 720 1841 non
742 1766 836 1840 venit
851 1799 963 1841 vocare
987 1779 1157 1842 secundum
1179 1800 1253 1860 per·
1269 1789 1293 1825 ¹⁰

80 1906 195 1958 sonam,
222 1881 277 1945 sed
294 1882 333 1945 ad
349 1902 411 1956 eos,
437 1903 515 1965 quos
538 1882 669 1966 spiritus
689 1882 900 1965 praeparavit.
947 1883 976 1945 8.
1002 1881 1254 1946 Communicabis

79 1987 108 2050 in
130 1987 281 2051 omnibus
305 2008 376 2049 cum
399 1985 544 2068 proximo
567 1990 623 2049 tuo
647 2007 704 2050 nec
728 1985 902 2068 quidquam
924 1986 1008 2049 dices
1023 1986 1203 2069 proprium;
1228 1986 1254 2049 si

80 2091 216 2154 enimin
240 2089 423 2174 incorrupto
447 2094 609 2154 consortes
632 2091 724 2166 estiS,
758 2095 876 2174 quanto
905 2091 1007 2175 magis
1030 2090 1063 2153 in
1085 2089 1140 2165 iis,
1175 2111 1255 2172 quae

81 2198 348 2278 corrumpuntur?
378 2193 452 2257 Non
476 2195 536 2257 eris
558 2194 670 2279 lingua
692 2216 862 2279 praeceps3
887 2217 921 2258 os
945 2194 1028 2258 enim
1050 2193 1183 2277 laqueus
1207 2197 1256 2256 est

80 2300 198 2362 mortis.
247 2298 406 2374 Quantum
439 2303 547 2382 potes,
583 2303 715 2383 propter
748 2301 885 2364 animam
919 2305 1008 2364 tuam
1042 2304 1148 2363 castus
1182 2298 1252 2362 eris.
1270 2316 1294 2352 1⁶

81 2403 107 2465 9.
130 2402 210 2466 Noli
232 2402 395 2486 porrigere
418 2425 529 2466 manus
551 2408 624 2467 tuas
647 2405 687 2467 ad
711 2404 936 2488 accipiendum,
961 2405 1001 2468 ad
1021 2405 1158 2468 dandum
1180 2423 1254 2466 vero
1326 2477 1330 2485 .

81 2506 272 2571 contrahere.
319 2506 444 2590 Diliges
467 2516 504 2570 ut
522 2511 686 2590 pupulam
710 2513 798 2573 oculi
821 2511 868 2574 tui
891 2533 1025 2587 omnem,
1050 2511 1104 2594 qui
1124 2509 1183 2573 tibi
1204 2508 1254 2572 lo·

82 2615 192 2694 quatur
223 2611 354 2674 verbum
386 2611 512 2675 domini.
561 2614 610 2677 10.
635 2613 672 2677 ln
699 2616 882 2679 memoriam
913 2620 1002 2679 tuam
1032 2620 1124 2679 nocte
1146 2637 1183 2678 ac
1206 2613 1255 2677 die

80 2716 241 2781 revocabis
256 2715 366 2779 iudicii
381 2716 472 2790 diem,
497 2721 529 2780 et
552 2717 696 2800 exquires
713 2719 827 2783 cotidie
849 2718 956 2782 vultus
976 2724 1165 2791 sanctorum,
1190 2718 1256 2781 sive

81 2843 223 2885 sermone
255 2822 447 2885 contendens
470 2826 502 2885 et
536 2822 575 2885 ad
598 2822 828 2886 exhortandum
859 2823 1006 2887 incedens
1031 2827 1062 2886 et
1088 2822 1254 2897 meditans,
1268 2838 1295 2877 a>

80 2927 237 3010 quomodo
261 2927 397 2990 animam
430 2928 526 2991 verbo
548 2931 604 2990 tuo
628 2949 751 2992 servare
773 2930 895 3012 possis,
927 2928 991 2992 sive
1024 2928 1169 2992 manibus
1192 2927 1255 2990 tuis

80 3031 263 3115 operaberis
288 3032 327 3094 ad
349 3031 597 3116 redemptionem
620 3036 825 3115 peccatorum
848 3038 983 3097 tuorum.
1034 3034 1082 3096 11.
1107 3031 1181 3095 Non
1197 3033 1255 3094 du·

79 3136 196 3200 bitabis
227 3136 300 3198 dare
331 3157 432 3218 neque
462 3136 691 3212 murmurabis,
728 3158 800 3200 cum
832 3138 903 3212 das;
934 3157 1105 3220 cognosces
1138 3140 1254 3209 autem,

81 3239 150 3322 quis
175 3239 217 3302 sit
247 3238 349 3301 bonus
370 3239 522 3302 mercedis
554 3240 733 3303 retributor.
781 3242 955 3321 Servabts,
985 3261 1066 3323 quae
1096 3240 1254 3324 accepisti,

79 3364 138 3407 nec
161 3344 289 3406 addens
310 3363 371 3406 nec
402 3344 545 3407 demens.
591 3343 714 3408 Malum
737 3345 841 3409 oderis
864 3345 896 3408 in
919 3349 1117 3429 perpetuum.
1163 3347 1256 3408 necte
1271 3370 1296 3408 rs

78 3451 252 3512 dedicabis.
301 3450 349 3513 12.
374 3447 447 3512 Non
463 3448 562 3512 facies
578 3449 750 3523 dissidium,
774 3449 829 3513 sed
852 3470 962 3533 pacem
978 3449 1161 3513 conciliabis
1177 3471 1253 3512 con·

152 3602 183 3655 17
203 3598 346 3677 0111132,
367 3600 412 3661 1ος
442 3601 587 3666 Ps.16,8
615 3603 650 3656 cf.
678 3604 759 3658 Prov.
779 3605 809 3666 7,
827 3603 851 3657 2.
880 3635 915 3642 -
941 3603 975 3658 23
996 3603 1078 3658 Deut.
1099 3606 1139 3666 12,
1159 3605 1200 3659 32.
1223 3634 1257 3642 -

79 3688 112 3741 25
131 3686 214 3740 Deut
236 3687 258 3749 1,
281 3688 326 3748 16;
346 3688 428 3744 Pror.
447 3688 488 3751 31,
507 3689 532 3746 9.

114 3824 257 3888 6:112,
277 3826 350 3887 2·6;
370 3828 436 3888 3,9.
457 3827 496 3882 10.
682 3834 778 3886 Ioann.
796 3834 820 3893 4,
842 3834 873 3886 17
900 3864 935 3872 -
961 3833 1006 3890 διὰ
1024 3834 1116 3903 λόγων
1139 3830 1255 3899 κοπιῶν]

115 3912 352 3975 7=D2‚4;4,
373 3913 473 3969 10.11.
683 3919 726 3973 01.
754 3919 976 3981 1Tun.5,1r;
1014 3919 1194 3980 I'Phess.5,
1216 3918 1256 3972 12.

113 4004 137 4054 8.
158 3999 239 4055 011)
259 4001 282 4064 2,
296 4000 320 4054 8.
339 4031 374 4040 -
392 4003 655 4076 πρόγλωσσοςκτλ]
684 4006 800 4059 Sensus:
820 4009 996 4060 memoresto
1006 4006 1105 4059 iudicii
1117 4011 1179 4068 etc,
1198 4005 1256 4058 sive

81 4090 163 4143 Prov.
184 4088 225 4151 18,
245 4089 292 4142 21:
320 4088 446 4156 θάνατος
472 4094 518 4146 καὶ
545 4095 600 4162 ζωὴ
626 4089 656 4148 ἐν
683 4093 870 4147 ministerium
883 4092 962 4146 verbi
974 4093 1063 4146 divini
1075 4092 1183 4161 imples,
1198 4092 1256 4145 sire

79 4181 148 4248 χειρὶ
175 4174 308 4248 γλώσσης.
338 4204 369 4215 -
396 4172 465 4251 ὑπὲρ
484 4188 532 4247 τῆς
556 4178 655 4249 ψυχῆς]
683 4179 900 4234 necessitatibus
927 4179 1077 4234 cotidianis
1102 4178 1256 4248 occuparis.

80 4263 98 4315 i.
120 4280 142 4317 e.
168 4264 198 4317 in
218 4263 339 4316 salutem
364 4263 474 4317 animae
500 4265 575 4318 tuac.
612 4266 655 4320 01.
721 4269 760 4322 11.
780 4267 821 4321 01.
841 4267 865 4320 D
884 4268 908 4328 4,
928 4268 952 4320 7.
973 4266 1013 4320 13.
1032 4268 1056 4321 3.
1075 4296 1108 4305 -
1134 4269 1258 4336 μισήσεις

80 4350 107 4406 Π
125 4352 186 4406 Cor.
208 4352 249 4412 12,
269 4351 309 4405 15.
683 4357 717 4412 τὸ
734 4355 774 4426 π.]
794 4354 938 4407 Barnabas
953 4353 1017 4406 aliis
1036 4352 1127 4407 verbis
1140 4352 1255 4422 profert,

115 4438 139 4491 9.
159 4437 201 4493 01.
222 4436 247 4490 D
265 4438 289 4495 4,
311 4439 333 4491 1.
353 4439 376 4491 5.
668 4441 760 4513 ¹quod
778 4441 835 4494 iam
853 4458 877 4493 v.
896 4441 913 4492 2
932 4439 1011 4494 dixit.

116 4525 155 4580 10.
184 4524 226 4579 01.
246 4523 271 4576 Ι)
289 4525 320 4585 4,
347 4526 369 4578 1.
395 4526 420 4577 2.
438 4525 462 4579 6.
491 4557 525 4565 -
551 4526 657 4598 ἡμέραν
720 4528 835 4582 12=D
853 4531 878 4593 4,
898 4531 921 4584 3.
943 4531 982 4585 14.

81 4610 206 4683 κρίσεως]
235 4611 276 4665 01.
296 4611 322 4664 Il
341 4613 415 4666 Petr.
435 4614 463 4676 2,
484 4613 513 4675 9,
542 4616 566 4678 3,
585 4616 616 4676 ’1;
643 4613 656 4666 I
