2834 5018
210 710 434 767 MARTYRIUM
452 710 479 766 S.
497 710 704 766 POLYCARPI
722 709 808 775 XXII,
827 709 1080 768 3-EP1LOGUS
1099 712 1122 766 3.
1192 715 1257 780 343

76 892 249 972 postquam
271 888 328 954 illa
343 889 601 976 perquisivissem
624 894 657 953 et
678 889 789 954 beatus
808 889 1006 973 Polycarpus
1029 912 1067 954 ea
1088 911 1146 974 per
1167 910 1256 953 reve·

77 994 230 1058 lationem
253 995 332 1058 mihi
354 994 598 1072 manifestasset,
622 994 713 1059 utin
736 995 941 1079 sequentibus
957 994 1135 1060 declarabo.
1182 992 1256 1058 Col·

76 1098 142 1183 legi
166 1120 204 1162 ea
225 1100 456 1183 propemodum
479 1122 517 1164 ex
540 1099 692 1185 temporis
709 1099 915 1164 diuturnitate
938 1099 1125 1176 fatiscentia,
1149 1104 1186 1164 ut
1206 1121 1256 1163 me

78 1225 205 1287 quoque
229 1224 301 1267 cum
324 1203 432 1268 electis
461 1205 526 1268 suis
549 1204 582 1269 in
605 1227 738 1291 regnum
760 1228 853 1271 suum
884 1206 1020 1271 caeleste
1044 1205 1176 1291 colligat
1199 1206 1255 1269 do·

76 1308 182 1373 minus
205 1308 293 1373 Iesus
316 1306 469 1389 Christus,
494 1310 545 1374 cui
567 1310 610 1375 sit
633 1310 736 1394 gloria
758 1333 830 1376 cum
851 1315 942 1393 patre
965 1315 997 1375 et
1018 1310 1132 1394 spiritu
1147 1315 1283 1375 sancto⁵

75 1414 110 1475 in
133 1413 261 1478 saecula
283 1413 490 1479 sacculorum.
538 1415 659 1479 Amen!

415 2067 416 2072 .
459 2001 694 2076 EPILOGUS
728 2002 871 2076 ALlUS

339 2156 362 2211 u
383 2155 515 2212 courcu
534 2155 744 2222 uosouuusr
762 2154 993 2212 usscmrrus.

167 2335 194 2396 1.
220 2333 328 2418 Atque
352 2335 463 2400 haece
487 2334 593 2399 codice
609 2333 730 2398 Irenaei
754 2334 921 2418 descripsit
936 2331 1039 2411 Caius,
1064 2334 1118 2418 qui
1141 2335 1257 2420 etipse

76 2442 279 2501 conversatus
302 2443 351 2503 est
373 2461 445 2503 cum
467 2439 607 2517 Irenaeo,
632 2439 789 2524 discipulo
812 2440 915 2504 sancti
937 2439 1115 2523 Polycarpi
1149 2441 1178 2503 2.
1195 2439 1256 2504 Et·
1272 2458 1296 2493 1⁰

77 2543 160 2606 enim
184 2541 340 2623 irenaeus,
366 2544 422 2627 qui
444 2549 587 2627 tempore
610 2544 754 2628 martyrii
776 2543 948 2628 Polycarpi
972 2543 1114 2628 episcopi
1135 2543 1257 2609 Romae

76 2650 154 2723 erat,
179 2648 297 2712 multos
321 2649 436 2725 docuit,
464 2648 550 2712 cuius
575 2653 606 2713 et
628 2648 747 2713 multae
768 2649 944 2732 scripturae
966 2647 1258 2733 praestantissimae

77 2772 114 2814 ac
138 2756 242 2816 rectae
265 2753 339 2817 fidei
362 2753 645 2826 circumferrmtur3
683 2752 715 2817 in
740 2752 854 2837 quibus
876 2752 1021 2817 meminit
1036 2750 1205 2835 Polycarpi
1227 2757 1259 2817 et

77 2856 118 2919 ab
142 2877 178 2919 co
202 2879 235 2920 se
266 2856 411 2921 didicisse
441 2856 557 2932 refert;
588 2857 688 2941 probe
716 2879 843 2942 quoque
875 2879 1000 2922 omnem
1029 2856 1184 2921 haeresim
1206 2878 1257 2921 re-

76 2960 208 3044 darguit
230 2965 262 3025 ct
286 2960 532 3026 ecclesiasticam
552 2960 699 3045 regulam
721 2982 758 3024 ac
780 2961 976 3039 catholicam,
1001 2961 1083 3025 sicut
1106 2983 1125 3024 a
1147 2965 1257 3026 sancto
1272 2976 1296 3013 ¹⁶

75 3064 210 3148 accepit,
234 3064 281 3128 ita
303 3065 400 3129 etiam
422 3065 562 3130 tradidit.
608 3066 638 3129 3.
661 3064 773 3130 Refert
788 3072 894 3130 autem
916 3070 949 3130 et
962 3066 1038 3129 hoc:
1063 3087 1134 3129 cum
1148 3069 1257 3130 sancto

75 3269 106 3321 in
124 3268 179 3321 hac
204 3269 340 3323 insertam
367 3270 472 3332 fuisso;
501 3271 656 3324 clausulam
683 3272 723 3325 cis
740 3272 832 3325 verbis
851 3271 968 3325 mutatis
991 3270 1037 3323 vel
1056 3269 1175 3323 omissis.
1212 3271 1258 3324 Al-

76 3355 206 3423 Martyrii
230 3357 349 3411 eundem
367 3361 511 3412 auctorem
535 3357 656 3426 prodere
682 3360 744 3411 tera
773 3374 805 3410 ex
829 3359 911 3426 parte
939 3356 973 3410 de
991 3355 1148 3425 Polycarpo
1175 3356 1259 3425 plura

77 3459 111 3495 ac
130 3440 243 3506 Vitam,
272 3447 301 3498 11
318 3446 405 3499 verba
421 3443 519 3511 καθὼς
543 3444 657 3514 δηλώσω
682 3445 855 3507 referuntur,
874 3459 947 3510 quac
965 3441 1024 3496 illic
1042 3459 1097 3497 non
1116 3442 1257 3513 leguntur,

75 3527 107 3584 ἐν
127 3536 167 3603 τῷ
184 3535 308 3600 καθεξῆς
327 3530 364 3584 ad
382 3530 553 3600 particulam
570 3530 655 3584 huius
682 3548 779 3585 versus
798 3529 880 3593 2-4,
909 3546 1016 3597 quosa
1041 3528 1197 3599 posteriore
1216 3529 1256 3583 in·

75 3616 235 3685 scripturae
243 3616 419 3686 deperditam
429 3618 654 3673 rel'erendaesse.
683 3622 773 3672 sertor
793 3633 929 3671 essenon
948 3618 992 3671 est
1011 3615 1134 3670 dubium

75 3702 192 3757 Pionius
212 3706 323 3768 autem,
352 3705 400 3771 qui
418 3703 514 3759 Vitam
543 3722 655 3775 compo·
717 3703 740 3759 2.
760 3697 802 3775 οὗ]
822 3702 1012 3768 Vocabulum,
1040 3719 1102 3757 cum
1121 3706 1258 3770 sequatur

75 3791 142 3854 suit,
163 3809 219 3845 non
237 3794 344 3860 martyr
357 3791 491 3860 Smyrnae
511 3809 584 3847 anno
603 3794 655 3847 250
681 3791 782 3858 αἰηοῦ,
810 3794 906 3861 potest
933 3806 994 3843 esse
1021 3790 1187 3844 adverbium
1210 3790 1256 3843 vel

75 3879 205 3931 mortuus
224 3882 281 3942 est,
309 3878 388 3932 cuius
407 3877 481 3933 Acta
499 3879 580 3934 nobis
597 3882 653 3934 tra-
682 3878 845 3949 genetivus,
873 3891 942 3932 voce
967 3874 1054 3933 atron
1082 3875 1256 3944 pleonastice

76 3964 139 4019 dita
158 3968 231 4026 sunt,
251 3965 300 4019 sed
320 3966 425 4033 aliquis
437 3966 585 4035 posterior,
605 3966 655 4033 qui
682 3965 803 4019 adiecta.
839 3963 895 4017 Vix
920 3966 1015 4017 autem
1040 3965 1139 4015 auctor
1163 3960 1256 4014 dicere

74 4056 158 4121 parte
178 4052 284 4106 saeculi
304 4052 342 4107 [V
361 4053 451 4107 altera
468 4052 540 4106 vixit
558 4056 587 4107 et
605 4069 653 4107 no·
681 4048 1257 4117 voluitltomacvelinOccidentescripta

75 4155 141 4191 men
160 4138 252 4194 Pionii
279 4139 334 4193 sibi
359 4155 510 4209 usurpasse
534 4139 653 4202 videtur,
681 4137 832 4207 Polycarpi
859 4137 977 4206 vulgari.
1005 4168 1039 4175 -
1066 4133 1097 4192 ἐν
1119 4129 1160 4201 οἷς
1186 4134 1256 4206 κτλ]

74 4228 108 4279 ut
127 4229 235 4294 martyr
255 4226 304 4281 ille
324 4225 523 4280 celeberrimus
541 4230 654 4296 putare·
681 4224 802 4279 Exstant
816 4223 902 4278 etiam
913 4224 970 4276 tres
984 4223 1139 4291 scripturae
1148 4221 1257 4276 irenaei

75 4316 131 4366 tur.
170 4313 211 4368 Cf.
231 4330 303 4382 quae
316 4311 505 4383 Lightfootll
518 4313 654 4369 1005-13
681 4310 726 4364 vel
744 4310 902 4380 particulae
921 4310 1133 4379 scripturarum,
1154 4308 1256 4375 quibus

74 4401 111 4453 de
130 4398 186 4452 hac
205 4416 235 4453 re
253 4400 393 4469 exposuit.
682 4396 832 4466 Polycarpi
850 4396 956 4450 mentio
975 4395 1014 4460 fit,
1035 4393 1257 4450 scilicetddvar-

111 4485 249 4556 Epilogus
278 4487 372 4555 alius].
409 4486 487 4540 Haec
513 4485 655 4556 particula
683 4501 730 4538 sus
748 4485 880 4537 haereses
897 4481 943 4545 III,
963 4482 987 4545 3,
1006 4483 1038 4544 4;
1069 4479 1120 4551 Ep.
1140 4481 1177 4535 ad
1195 4481 1257 4536 Elo-

73 4573 203 4628 versibus
218 4575 231 4627 1
247 4577 305 4628 et5
325 4574 423 4628 eadem
441 4571 562 4636 exhibet,
581 4588 655 4640 quac
682 4570 774 4625 rinum
793 4569 871 4639 apud
887 4567 952 4623 Eas.
971 4567 1006 4621 H.
1025 4567 1056 4622 E.
1074 4566 1107 4632 V,
1129 4569 1177 4632 20;
1205 4567 1257 4639 Ep.

73 4677 163 4730 supra
182 4661 224 4725 22,
237 4660 306 4716 2-3
323 4660 464 4731 leguntur,
483 4658 567 4714 modo
585 4675 654 4729 pau·
682 4657 719 4711 ad
736 4655 881 4711 Victorem
900 4656 977 4725 apud
993 4653 1060 4710 Eus.
1079 4654 1114 4710 Ia
1128 4654 1158 4711 E
1170 4654 1203 4720 V,
1213 4656 1255 4710 24.
