2834 5018
155 344 220 409 384
384 336 705 393 Puusur'ruuouuu
722 335 922 404 RELIQUIAE
941 336 960 399 1,
979 336 1097 391 20-111

154 521 297 602 praestat
318 516 366 593 iis,
391 517 446 600 qui
476 516 619 580 incidunt
640 515 673 580 in
696 537 781 589 eam;
813 516 905 579 valde
934 515 1111 580 insensatos
1143 517 1339 579 ostende·

155 623 260 686 bant
281 621 528 706 presbyteri
550 642 618 697 eos,
653 620 707 704 qui
729 642 768 684 ex
789 619 859 696 his,
884 641 965 703 quae
988 620 1171 686 acciderunt
1194 622 1255 699 his,
1282 622 1338 706 qui

155 727 233 790 olim
261 728 319 790 deo
349 747 413 789 non
443 725 722 809 obtemperabant,
754 728 881 789 tentant
912 724 1046 789 alterum
1075 731 1201 809 patrem
1231 727 1337 790 intro·

157 832 278 909 ducere,
303 833 354 895 21.
379 852 396 895 e
419 830 578 895 contrario
602 834 807 914 opponentes,
833 834 953 913 quanta
976 830 1121 894 dominus
1144 832 1185 895 ad
1205 830 1336 895 salvan-

131 937 214 1001 odos
237 958 290 1000 eos
314 936 369 1020 qui
390 939 576 1017 receperunt
599 956 670 998 eum
699 935 826 998 veniens
848 934 991 1010 fecisset,
1027 935 1180 999 miserans
1203 956 1336 1008 eorum;

155 1044 297 1105 tacentes
320 1044 425 1104 autem
454 1040 492 1102 de
514 1039 631 1103 iudicio
654 1039 738 1115 eius,
770 1044 802 1102 et
826 1060 1032 1123 quaecunque
1064 1039 1253 1122 provenient
1274 1039 1335 1111 his,

157 1145 212 1228 qui
234 1144 402 1209 audierunt
430 1164 589 1206 sermones
617 1143 683 1206 eius
707 1147 738 1206 et
759 1165 823 1207 uon
856 1144 1016 1221 fecerunt,
1041 1149 1074 1208 et
1106 1145 1258 1227 quoniam
1280 1166 1337 1208 ex·

156 1249 305 1334 pediebat
327 1250 381 1326 eis,
406 1249 518 1313 sinon
541 1253 645 1313 essent
667 1249 748 1325 nati,
782 1253 814 1312 et
838 1248 987 1331 quoniam
1010 1248 1209 1312 tolerabilius
1233 1247 1336 1313 Sodo-

157 1358 282 1419 maaet
311 1353 482 1418 Gomorrae
505 1353 565 1416 erit
596 1353 628 1416 in
650 1352 767 1416 iudicio
800 1374 894 1437 quam
925 1351 1046 1415 civitati
1067 1351 1132 1428 illi,
1167 1374 1250 1435 quae
1272 1373 1337 1415 non

119 1459 277 1542 rorecepit
300 1479 477 1522 sermonem
499 1457 726 1540 discipulorum
750 1458 826 1521 eius.

411 1559 493 1628 [Iron.
512 1558 581 1611 Adv.
602 1557 678 1611 haer.
698 1559 744 1621 lv,
763 1557 876 1619 27-28,
897 1558 909 1610 l
930 1557 972 1610 ed.
993 1556 1105 1625 Harvey
1124 1556 1156 1620 ll,
1177 1556 1337 1626 uuo-245]

723 1686 761 1750 ΙΙ.

246 1806 307 1884 Qui
329 1830 402 1872 vero
425 1807 620 1893 exprobrant
643 1815 674 1873 et
689 1809 858 1893 imputant,
886 1808 968 1891 quod
982 1808 1184 1892 profecturus
1198 1804 1338 1889 populus

159 1914 246 1978 iussu
270 1913 320 1977 dei
343 1914 472 1978 vascula
494 1914 595 1978 omnis
619 1914 744 1999 generis
767 1919 798 1977 et
821 1913 1010 1977 vestimenta
1034 1911 1191 1994 acceperit
1214 1911 1255 1974 ab
1272 1909 1337 1974 Ae·

159 2018 280 2103 gyptiis
303 2023 336 2082 et
367 2018 412 2082 sic
442 2018 571 2094 abierit,
603 2040 641 2082 ex
673 2017 786 2102 quibus
809 2022 840 2081 et
870 2015 1109 2082 tabernaculum
1138 2014 1264 2079 factum
1290 2020 1339 2079 est

121 2123 192 2187 min
222 2145 342 2198 eremo,
374 2123 557 2207 ignorantes
590 2122 829 2186 iustificationes
861 2121 910 2184 dei
940 2126 972 2183 et
1004 2119 1227 2204 dispositiones
1260 2119 1338 2193 eius,

160 2228 346 2311 semetipsos
369 2234 515 2311 arguunt,
541 2228 623 2291 sicut
646 2229 678 2290 et
700 2225 918 2310 presbyter
942 2224 1074 2288 dicebat.

755 2324 838 2396 [iren.
856 2325 902 2385 IV,
923 2325 964 2386 30,
986 2325 997 2377 1
1020 2324 1061 2377 ed.
1082 2322 1193 2391 Hurvey
1213 2323 1247 2386 ΙΙ,
1268 2322 1338 2392 2411]

721 2451 777 2515 ΙΙΙ.

249 2622 256 2636 .
283 2622 289 2635 .
315 2572 407 2636 Talia
430 2576 583 2656 quaedam
606 2597 755 2640 enarrans
779 2575 817 2638 de
847 2576 986 2658 antiquis
1018 2575 1258 2660 presbyter,
1288 2596 1339 2638 re·

229 2707 341 2760 lIoan.
362 2707 384 2769 1,
407 2711 446 2763 11.
468 2709 508 2761 12.
526 2741 560 2749 -
578 2710 594 2763 8
613 2709 714 2764 March.
737 2710 776 2773 10,
799 2712 845 2772 15;
865 2710 930 2763 Luc.
952 2712 992 2772 10,
1012 2711 1053 2764 12.

196 2812 238 2866 20.
258 2812 445 2866 ostendebant
469 2813 637 2882 presbyt-eri]
663 2813 811 2881 Cumysed
838 2814 950 2883 saepius
977 2814 1172 2883 presbyterum
1196 2814 1341 2867 audivisse

161 2917 247 2969 supra
265 2901 300 2969 (v.
321 2902 342 2954 1.
362 2901 386 2953 6.
408 2902 449 2968 11)
468 2904 497 2953 et
515 2900 590 2952 infra
609 2903 731 2971 (Fragm.
761 2918 887 2955 annuens
913 2901 960 2968 (cf.
984 2900 1094 2969 Fragm.
1113 2900 1139 2953 ll
1158 2901 1232 2969 not.)
1256 2900 1340 2955 facile

161 2986 271 3055 II-IV)
289 2987 324 3039 de
337 3003 392 3039 uno
404 2986 569 3056 presbytero
583 3004 674 3041 sermo
688 2988 733 3051 sit,
761 2989 856 3059 plures
865 2990 1043 3058 presbyteros
1052 2988 1195 3058 appellare
1203 2988 1340 3058 potuerit,

161 3072 292 3128 Erasmus
323 3075 443 3128 coniecit
476 3073 628 3143 legendum
659 3092 734 3129 osse:
762 3094 826 3129 cunr
844 3075 893 3129 alii
921 3076 1025 3129 similia
1053 3074 1181 3129 docuisse
1206 3076 1341 3131 censendi

161 3161 328 3215 ostendebat
346 3163 503 3231 presbyter,
522 3162 653 3229 idemque
672 3178 734 3215 cen-
763 3164 828 3217 sint.

162 3249 218 3302 suit
245 3249 393 3312 Hamack,
428 3251 581 3304 Gescbicbte
614 3251 661 3305 der
686 3253 734 3305 alt-
798 3250 830 3304 ΙΙ.
851 3250 899 3317 qui
917 3266 982 3302 vero
1001 3249 1171 3318 exprobrant
1190 3252 1256 3322 etc]
1286 3251 1341 3305 No-

161 3338 261 3391 clm'atl.
274 3337 427 3391 Iaderotur
439 3337 471 3400 11,
485 3337 505 3399 Ι,
518 3338 570 3392 338
583 3340 641 3390 not
664 3337 735 3390 Cum
761 3339 878 3392 tandum
899 3341 954 3399 est,
979 3336 1162 3391 Marcionitas
1187 3339 1341 3410 praecipue

162 3440 187 3476 r.
205 3426 237 3478 ‘21
257 3424 375 3493 pluralis
394 3428 581 3493 (opponentes
601 3464 623 3477 ..
643 3428 735 3478 tacen-
763 3426 890 3479 fraudem
909 3425 989 3477 illam
1008 3426 1128 3478 creatori
1147 3426 1295 3482 obiecisse.
1307 3459 1342 3468 -

162 3513 217 3579 tes)
236 3516 382 3577 sequatur,
401 3511 532 3565 librarius
551 3512 643 3565 locum
661 3512 735 3564 mule
763 3512 886 3581 dicebat]
923 3511 1109 3580 imperfecto,
1155 3530 1211 3579 quo
1254 3515 1342 3569 etiam

162 3597 330 3667 intellegens
342 3602 451 3652 textum
464 3599 612 3652 emendare
630 3599 734 3667 potuit
762 3600 872 3668 Frugm
893 3597 1004 3652 ill-IV
1023 3604 1050 3652 et
1069 3599 1089 3661 Ι,
1109 3598 1143 3652 20
1161 3599 1267 3664 utitur,
1286 3601 1341 3656 Ire-

163 3685 261 3739 Alteru
288 3702 321 3737 ex
349 3688 431 3753 parte
460 3685 590 3739 irenaeus
621 3686 735 3754 saepius
762 3702 849 3739 naeus
870 3686 1000 3747 ostendit,
1021 3704 1050 3739 se
1069 3687 1266 3755 presbyterum
1284 3707 1342 3744 non

163 3772 282 3843 (Fragm.
297 3771 407 3840 v-lX)
426 3772 463 3825 ud
480 3774 661 3841 presbyteros
674 3772 735 3841 plu·
763 3773 849 3827 semel
868 3774 992 3831 tanturn,
1016 3775 1048 3826 ut
1066 3790 1081 3825 e
1101 3773 1212 3842 Fragm.
1232 3774 1252 3834 1.
1274 3777 1297 3828 1.
1317 3776 1341 3829 6.

163 3874 207 3911 res
224 3863 377 3927 provocat,
406 3863 434 3912 et
453 3861 637 3929 argumenta,
663 3876 736 3926 quae
765 3860 796 3914 11
816 3860 878 3928 quis
897 3860 1074 3921 concluserit,
1088 3859 1138 3913 sed
1156 3877 1243 3929 saepe
1263 3862 1343 3916 audi·

163 3943 306 4014 hucusque
333 3945 446 4015 prolata
475 3950 556 4009 sunt,
593 3962 656 3999 eum
680 3964 736 4000 non
763 3947 844 4000 visse.
882 3947 981 4013 ltaque
1005 3946 1089 4001 valde
1113 3947 1267 4003 dolendum
1292 3954 1343 4013 est,

163 4031 248 4085 etiam
266 4033 319 4086 hoc
346 4032 407 4087 loco
433 4033 461 4086 id
489 4034 583 4087 facere
609 4034 736 4101 potuisse
764 4034 1123 4103 quodnomenpresbyteri
1140 4052 1197 4089 non
1211 4036 1342 4092 tradidit

162 4133 220 4170 non
237 4120 376 4189 probant,
405 4138 437 4174 eo
464 4120 573 4181 minus,
602 4135 664 4172 cum
682 4119 736 4172 Ire-
765 4122 806 4175 cf.
826 4121 909 4183 Zahn‚
930 4122 1125 4193 Feraria-emper
1143 4123 1190 4185 Vl,
1211 4123 1246 4177 68
1265 4141 1308 4191 sq.

164 4220 250 4257 naeus
269 4205 299 4258 in
318 4207 458 4266 sectione.
488 4207 565 4261 cuius
591 4208 644 4261 hoc
663 4207 736 4276 frug·
798 4207 844 4260 ΙΙΙ.
865 4207 935 4261 talia
963 4225 1007 4274 qu.
1036 4225 1215 4263 enarrans..
1237 4210 1344 4265 reficie-

164 4294 289 4346 mentum
314 4310 381 4363 pars
408 4298 467 4355 est,
503 4309 532 4346 se
559 4311 615 4348 non
642 4293 736 4356 semel,
764 4294 815 4346 bat
841 4310 893 4347 nos
921 4295 985 4364 etc]
1012 4294 1057 4349 Sic
1085 4294 1180 4349 dicens
1207 4296 1345 4353 Irenaeus
