2834 5018
150 265 213 329 580
580 256 733 311 mmm
752 256 892 312 νῶτον

149 437 203 498 καί
226 433 299 498 όλον
322 433 493 497 κατάσκιον
509 432 556 519 ἧν,
580 435 634 496 καί
657 433 717 496 ύπδ
733 435 788 516 την
811 431 928 516 σκέπην
945 435 1049 496 αὐτοῦ
1075 434 1196 499 πολλὰ
1217 436 1345 522 πρόβατα

151 539 330 603 κατέκειντο
363 539 584 621 ἀναπαυόμενα
614 539 667 599 καί
699 536 915 620 μαρυκιύμενα.
965 541 1017 605 10.
1046 541 1088 602 τό
1113 541 1153 604 δέ
1189 541 1345 605 ἑνδέκατον

150 647 221 725 όρος
244 643 313 706 λίαν
345 644 527 725 σύνδενδρον
557 640 611 726 ἠν,
646 643 762 704 καὶτὰ
792 640 902 724 δένδρα
932 641 1043 706 ἐκεῖνα
1078 645 1288 730 κατάκαρπα
1307 645 1343 730 ἢν,

114 792 117 797 <
151 747 258 823 ἄλλοις
280 750 333 810 καί
366 747 472 822 ἄλλοις
494 755 624 829 καρποῖς
653 746 890 830 κεκοσμημένα,
919 748 972 810 ίνα
995 747 1079 813 ἰδῶν
1104 771 1156 826 τις
1183 753 1270 815 αὐτὰ
1291 750 1344 813 ἐπ·

125 852 280 936 ῡθυμήση
311 863 421 937 φαγεῖν
454 852 491 916 ἐκ
519 861 581 915 τῶν
610 860 740 933 καρπῶν
770 852 881 917 αὐτῶν.
927 852 964 914 τό
987 853 1023 915 δέ
1057 853 1261 920 δωδέκατον
1288 859 1344 938 όρος

151 958 224 1021 όλον
246 956 284 1042 ἧν
316 956 445 1035 λευκόν,
477 958 530 1019 καί
553 956 573 1039 ἡ
595 956 745 1038 πρόσοψις
775 957 870 1019 αὐτοῦ
900 954 993 1038 ἱλαρὰ
1015 955 1080 1042 ἦν·
1119 963 1182 1024 καί
1208 959 1344 1044 εὐπρεπέ·

152 1082 265 1124 στατον
288 1059 326 1146 ἡν
349 1060 381 1124 ἐν
404 1062 489 1144 αύτῷ
511 1064 547 1124 τδ
570 1064 649 1143 όρος.

240 1163 276 1232 2.
301 1165 355 1241 Εἰς
377 1164 471 1248 μέσον
494 1166 529 1229 δέ
551 1175 606 1230 τοῦ
629 1165 736 1230 πεδίου
768 1164 864 1242 ἐδειξέ
884 1186 935 1248 μοι
958 1165 1083 1248 πέτραν
1108 1170 1265 1255 μεγάλην
1286 1171 1343 1234 λεν

153 1272 213 1353 κὴν
237 1268 275 1330 ἐκ
297 1279 351 1332 τοῦ
373 1269 480 1332 πεδίου
503 1269 743 1356 ἀναβεβηκυῖαν.
788 1269 866 1352 ηδέ
886 1269 984 1351 πέτρα
1007 1270 1209 1356 ὑψηλοτέρα
1232 1273 1272 1360 ἦν
1293 1285 1343 1338 τῶν

114 1392 139 1428 ιο
153 1371 269 1454 ὀρέων,
299 1373 508 1456 τετράγωνος,
538 1375 620 1437 ὥστε
652 1375 808 1440 δύνασθαι
839 1373 912 1438 ὅλον
943 1375 997 1437 τὸν
1028 1376 1164 1459 κόσμον
1199 1390 1344 1463 χωρησα.

152 1480 181 1542 2.
206 1475 325 1539 παλαιὰ
355 1477 390 1540 δέ
417 1476 455 1562 ἧν
476 1477 497 1560 ἡ
520 1478 618 1560 πέτρα
647 1477 766 1562 ἐκείνη,
796 1477 896 1561 πύλην
925 1477 1181 1566 έκκεκομμένην
1217 1485 1343 1567 ἔχουσα·

152 1580 195 1656 ὡς
217 1581 395 1663 πρόσφατος
417 1582 452 1644 δὲ
474 1581 575 1645 ἐδόκει
607 1604 659 1666 μοι
682 1581 758 1646 εἶναι
781 1581 801 1665 ἡ
825 1581 995 1664 έκκόλαψις
1018 1593 1078 1666 τῆς
1109 1587 1232 1672 πύλης.
1278 1588 1345 1672 ηδέ

152 1685 235 1770 πύλη
258 1688 356 1760 ούτως
379 1685 517 1771 ἐστιλβεν
540 1687 617 1768 ύπέρ
639 1689 692 1749 τόν
714 1686 816 1768 ἣλιον,
850 1687 931 1749 ὥστε
952 1707 991 1769 με
1022 1690 1221 1772 θαυμάζειν
1246 1694 1345 1775 έπέτη

152 1789 327 1875 λαμπηδόνι
348 1801 402 1874 της
424 1789 533 1873 πύλης.
579 1793 608 1857 3.
633 1789 742 1874 κύκλῳ
766 1790 801 1853 δέ
822 1800 877 1872 τῆς
908 1789 1008 1874 πύλης
1031 1792 1251 1878 είστήκεισαν
1278 1818 1344 1878 παρ-

115 1914 139 1950 1⁶
152 1894 241 1961 θένοι
262 1894 394 1961 διὀδεκα.
441 1895 473 1957 αἱ
495 1892 549 1957 ούν
572 1893 600 1957 δ’
629 1895 661 1958 αί
692 1896 811 1970 εἰςτὰς
841 1894 954 1978 γωνίας
985 1895 1161 1980 ἑστηκυῖαι
1197 1900 1344 1979 ἐνδοξότε-

153 1999 203 2081 ραί
237 2021 287 2083 μοι
322 1999 451 2063 ἐδόκουν
484 1997 578 2064 εἶναι·
612 2001 665 2062 καί
700 1999 731 2061 αί
759 1999 852 2062 ἄλλαι
882 2001 917 2063 δέ
950 2000 1072 2078 ἔνδοξοι
1102 2001 1206 2089 ἦσαν.
1256 2006 1344 2088 είσιίγ

152 2125 260 2168 κεισαν
285 2104 319 2166 δέ
342 2104 384 2179 εἰς
408 2106 446 2166 τὰ
469 2102 496 2167 δ’
520 2104 596 2188 μέρη
626 2114 681 2186 τῆς
703 2102 820 2187 πύλης,
845 2106 904 2168 ἀνὰ
935 2103 1029 2187 μέσον
1054 2108 1173 2172 αὐτῶν
1207 2113 1272 2175 ἀνὰ
1298 2111 1344 2174 δύο

154 2207 316 2290 παρθένοι.
362 2212 391 2273 4.
416 2207 611 2290 ἐνδεδυμέναι
634 2207 668 2269 δὲ
690 2205 770 2291 ἦσαν
801 2207 902 2283 λινούς
924 2216 1060 2290 χιτῶνας
1093 2214 1154 2276 καί
1182 2217 1343 2299 περιεζωσ

154 2309 243 2394 μέναι
266 2313 441 2394 εὐπρεπῶς,
474 2311 533 2389 ἐξω
556 2314 627 2386 τοὺς
658 2312 760 2394 ὤμους
793 2313 921 2394 ἐχόυσαι
953 2315 1024 2388 τοὺς
1046 2313 1183 2393 δεξιοὺς
1215 2320 1261 2398 ὡς
1282 2319 1343 2405 μέλ·

116 2434 141 2471 20
156 2414 265 2478 λουσαι
282 2416 405 2497 φορτίον
427 2438 455 2478 τι
471 2415 645 2501 βαστάζειν.
691 2419 789 2491 σύτως
812 2417 927 2499 ἕτοιμοι
944 2415 1042 2501 ἦσαν·
1068 2418 1146 2485 λίαν
1165 2426 1236 2509 γὰρ
1252 2425 1343 2508 napi

154 2519 234 2605 ἦσαν
265 2522 318 2583 καί
350 2521 517 2604 πρόθυμοι.
564 2526 592 2587 5.
617 2523 696 2604 μετὰ
725 2523 761 2583 τό
793 2521 866 2584 ἰδεῖν
897 2541 935 2604 με
963 2530 1065 2584 ταῦτα
1100 2524 1344 2613 ἐθαύμαζονέν

154 2623 296 2708 ἐμαυτῷ,
333 2627 378 2688 ότι
410 2625 532 2709 μεγάλα
565 2626 618 2687 καί
650 2624 760 2701 ἔνδοξα
793 2627 959 2709 πράγματα
991 2624 1115 2710 βλέπω.
1166 2635 1229 2696 καί
1262 2633 1343 2698 πάλιν

154 2730 319 2815 διηπόρουν
342 2729 391 2793 ἐπί
414 2733 469 2806 τὰς
491 2729 681 2813 παρθένους,
712 2732 759 2793 ότι
781 2731 926 2813 τρυφεραί
949 2731 1048 2805 σύτως
1075 2729 1177 2798 σύσαι
1204 2738 1344 2822 ἀνδρείως

156 2834 351 2918 είστήκεισαν
382 2835 424 2910 ὡς
453 2833 622 2917 μέλλουσαι
651 2834 725 2897 όλον
759 2837 812 2896 τόν
841 2836 971 2916 ούρανδν
1003 2833 1196 2919 βαστάζειν.
1248 2847 1278 2911 6,
1300 2842 1344 2905 καὶ

117 2956 142 2994 2⁶
156 2939 239 3023 λέγει
269 2940 359 3024 μοιό
389 2940 519 3023 ποιμήν·
558 2939 596 3002 Τί
623 2938 655 3002 ἐν
689 2948 809 3024 σεαυτῷ
843 2937 1003 3023 διαλογίζη
1032 2941 1090 3003 καί
1126 2944 1273 3033 διαπαρῇ
1299 2946 1344 3009 καὶ

157 3053 277 3128 σεαυτῷ
309 3045 409 3128 λύπην
441 3043 626 3124 έπισπᾶσαι;
660 3046 720 3106 όσα
742 3046 802 3126 γὰρ
826 3046 862 3106 ού
892 3043 1023 3107 δύνασαι
1047 3056 1186 3130 νοῆσαι,
1222 3055 1268 3136 μὴ
1290 3053 1345 3115 έπι·

155 3149 260 3231 χείρει,
284 3151 408 3224 συνετός
432 3149 485 3227 ῶν,
509 3147 580 3211 ἀλλ’
597 3147 697 3231 ἐρῶτα
719 3150 772 3211 τόν
788 3148 903 3229 κύριον,
925 3148 977 3209 ἵνα
994 3146 1098 3233 λάβῃς
1123 3152 1259 3220 σύνεσιν
1274 3165 1344 3219 νοεῖν

156 3254 244 3318 αὐτοί.
292 3256 320 3318 7.
344 3254 383 3315 τό
406 3252 505 3315 ὀπίσω
529 3274 585 3315 σου
608 3253 681 3316 ίδεῖν
704 3254 740 3316 ού
758 3252 844 3337 δύνη,
868 3255 907 3315 τὰ
929 3252 964 3314 δέ
987 3253 1181 3335 έμπροσθέν
1199 3283 1261 3325 σου
1284 3259 1344 3346 βλέ-

155 3379 232 3434 πεις.
276 3355 374 3420 όῖούν
398 3357 470 3419 ἰδεῖν
494 3359 529 3420 σύ
561 3357 708 3437 δύνασαι,
740 3359 833 3420 ἐασον
855 3359 909 3420 καί
937 3358 979 3439 μὴ
1003 3355 1166 3443 στρέβλου
1199 3364 1344 3429 σεαυτόν·

119 3463 180 3524 3οᾶ
202 3463 236 3525 δέ
259 3460 391 3547 βλέπεις,
415 3459 541 3523 ἐκείνων
564 3460 771 3542 κατακυρίευε
793 3463 846 3523 καί
869 3462 936 3542 περί
959 3467 1023 3522 τῶν
1047 3459 1176 3529 λοιπῶν
1202 3471 1248 3552 μὴ
1270 3488 1343 3551 περι-

160 3566 308 3649 εργάζου·
331 3564 433 3626 ποίντα
456 3561 490 3625 δέ
513 3584 561 3625 σοι
584 3561 646 3645 ἐγὼ
670 3561 813 3645 δηλώσω,
837 3565 897 3625 ὅσα
919 3565 956 3625 ἄν
980 3584 1030 3626 σοι
1055 3564 1165 3645 δείξω.
1216 3572 1344 3659 ἔμβλεπε
1376 3626 1380 3632 .

159 3669 212 3731 ούν
234 3677 297 3743 τοῖς
320 3668 447 3741 λοιποῖς.

246 3770 283 3838 3.
307 3769 399 3834 Είδον
432 3768 464 3846 ἐξ
496 3769 609 3851 ἄνδρας
639 3768 834 3853 ἐληλυθότας
863 3767 1002 3852 ὑψηλοὺς
1034 3773 1091 3834 καί
1125 3774 1278 3856 ἐνδόξους
1297 3776 1342 3840 καί

230 3946 242 3996 l
262 3944 348 4000 αύτοῦ
372 3942 462 3999 πολλὰ
481 3942 669 3996 G÷arborum
687 3940 775 4009 1301),
789 3943 824 4006 >
842 3939 873 3991 L¹
890 3939 894 4008 ί
910 3939 927 3992 2
943 3938 1140 4012 μηρυκῶμενα
1160 3946 1187 4002 G
1202 3947 1208 4017 Ι
1225 3949 1243 4003 3
1260 3950 1340 4007 σίύεη

162 4028 370 4100 δρονίῖΙῚέν
387 4027 461 4103 αύτῷ
481 4026 587 4084 εωεέν
611 4026 685 4102 αὐτῷ
704 4027 744 4091 G,
772 4027 827 4081 sibi
845 4028 881 4090 L,
909 4027 970 4095 ipse
998 4030 1106 4100 (mom)
1127 4034 1156 4087 A
1177 4036 1182 4105 Ι
1206 4039 1241 4091 17
1259 4036 1341 4093 αἰών

162 4113 221 4167 L²A
235 4133 241 4165 ι
254 4115 337 4185 αύτῷς
355 4115 386 4178 G,
399 4116 476 4181 >Ινι
494 4114 498 4183 ί
514 4114 548 4168 26
567 4113 600 4170 ού
619 4114 731 4171 δύνασαι
749 4113 892 4171 ΙιΑτούόέ
911 4112 935 4167 G
960 4113 964 4181 Ι
990 4113 1074 4181 26127
1093 4115 1232 4196 ἐπιχείρει
1258 4125 1340 4193 Q:

164 4202 344 4266 †tanquam
363 4202 384 4254 L
400 4203 404 4270 Ι
420 4202 453 4256 32
471 4196 521 4260 οὖν
540 4201 733 4255 GAmunch
