2834 5018
156 263 220 328 534
588 253 740 309 HERMAE
758 253 897 309 pannon

245 430 281 499 3.
305 431 414 516 Λέγω·
450 430 563 514 Κύριε,
598 430 661 515 ἐγὼ
688 431 802 506 ταύτας
833 432 888 504 τὰς
914 429 1109 514 παραβολὰς
1141 434 1185 496 ού
1208 431 1352 516 metm

155 538 227 603 ούδέ
250 537 383 620 δύναμαι
405 547 531 620 νοῆσαι,
555 536 609 598 ἐὰν
633 535 675 619 μή
698 557 749 618 μοι
774 534 920 618 ἐπιλύοῃς
943 534 1057 610 αύτάς.
1108 540 1145 603 2.
1172 535 1290 601 Πάντα
1311 559 1353 601 σα

155 641 311 720 ἐπιλύσω,
345 641 439 726 φησί,
473 642 526 703 καί
549 643 610 704 ὅσα
637 642 674 702 ἂν
704 639 834 723 λαλήσω
857 642 934 722 μετὰ
959 649 1030 719 σού,
1058 641 1162 718 δείξω
1190 665 1254 708 σοι.
1301 646 1352 725 τὰς

156 747 296 828 ἐντολάς
326 746 397 832 [τοῦ
427 749 545 831 κυρίου
569 745 742 829 φύλασσε,
774 746 827 807 καί
849 745 906 827 ἐοῃ
928 745 1106 826 εὐάρεστος
1133 757 1185 831 τῷ
1212 751 1284 832 θεῷ
1306 751 1351 811 καί

130 851 340 935 ιέγγραφήσῃ
363 851 406 926 είς
429 852 481 913 τόν
505 851 639 932 ἀριθμόν
662 857 724 912 τῶν
740 849 962 932 φυλασσόντων
986 851 1046 925 τὰς
1070 850 1228 939 ἐντολὰς]
1254 855 1351 917 αὐτοῦ.

154 957 183 1022 3.
209 956 263 1020 ἐὰν
293 954 328 1020 δέ
350 977 378 1018 τι
401 956 526 1037 ἀγαθόν
549 954 679 1037 ποιήσῃς
703 953 793 1030 ἐκτός
822 965 876 1037 τῆς
898 953 1027 1036 ἐντολῆς
1052 967 1115 1018 τοῦ
1141 960 1242 1038 θεοῦ,
1267 980 1350 1022 σεαυ-

153 1068 198 1143 τῷ
221 1058 406 1142 περιποιήσῃ
434 1058 527 1135 δόξαν
560 1057 780 1140 περισσοτέραν
802 1059 855 1120 καί
879 1059 935 1140 ἐσῃ
958 1057 1174 1142 ἐνδοξότερος
1201 1065 1291 1145 παρὰ
1311 1070 1348 1144 τῷ

153 1167 222 1247 θεῷ
246 1162 281 1227 ού
305 1162 433 1246 ἔμελλες
456 1161 542 1229 εἶναι.
589 1163 643 1226 ἐάν
666 1161 720 1226 ούν
744 1163 912 1245 φυλάσσων
934 1166 991 1239 τόις
1015 1163 1160 1243 ἐντολὰς
1197 1180 1256 1232 τού
1280 1172 1347 1236 θεοῦ

153 1271 297 1351 προσθῇς
319 1269 372 1330 καί
395 1270 450 1342 τὰς
472 1267 663 1351 λειτουργίας
685 1268 808 1348 ταύτας,
832 1268 964 1352 χαρήσῃ,
990 1270 1048 1331 ἐὰν
1085 1272 1240 1358 τηρήσῃς
1263 1276 1348 1347 αύτὲις

117 1373 237 1434 ιοκατόι
259 1374 315 1453 τήν
338 1371 414 1454 ἐμήν
437 1371 575 1454 ἐντολήν.
621 1376 650 1439 4.
674 1372 758 1457 λέγω
787 1375 889 1456 αὐτῷ·
933 1372 1052 1455 Κύριε,
1087 1376 1107 1438 δ
1132 1376 1197 1441 ἐάν
1229 1401 1283 1462 μοι
1308 1378 1348 1442 ἐν·

153 1475 255 1559 τείλῃ,
285 1475 413 1557 φυλάξω
436 1478 530 1539 αὐτό·
575 1474 644 1540 οίδα
666 1478 741 1561 γάρ,
766 1481 812 1542 ότι
841 1482 880 1540 σὺ
912 1477 979 1560 μετ’
1004 1477 1087 1561 ἐμοῦ
1113 1479 1155 1549 εἰ.
1208 1483 1346 1566 Ἔσομαι,

156 1579 241 1664 φησί,
265 1583 343 1662 μετὰ
367 1590 433 1661 σού,
458 1583 504 1644 ότι
526 1581 670 1665 τοιαύτην
687 1581 866 1664 προθυμίαν
888 1582 970 1663 ἔχεις
985 1591 1042 1664 τῆς
1065 1584 1346 1670 ἀγαθοποιήσειυςΙ

154 1686 207 1747 καί
231 1686 309 1767 μετὰ
333 1686 458 1749 πάντων
481 1686 515 1748 δὲ
537 1686 658 1768 ἔσομαι,
681 1686 792 1770 φησίν,
824 1689 890 1749 όσοι
919 1685 1036 1770 ταύτην
1073 1691 1135 1771 τὴν
1170 1692 1345 1775 προθυμίαν

154 1790 289 1871 ἔχουσιν.
336 1793 365 1855 5.
389 1788 409 1872 ή
432 1788 558 1872 νηστεία
581 1791 669 1872 αύτη,
694 1789 779 1873 φησί,
802 1787 1000 1873 τηρουμένων
1027 1800 1095 1854 τῶν
1131 1793 1280 1861 ἐντολῶν
1302 1805 1346 1858 τού

116 1914 141 1952 ιι
154 1893 271 1974 κυρίου,
295 1892 365 1956 λίαν
391 1892 474 1975 καλή
505 1892 597 1954 ἐστιν.
643 1895 741 1968 οὕτως
764 1891 818 1958 οὖν
842 1892 989 1975 φυλάξεις
1013 1898 1074 1979 τήν
1100 1901 1261 1984 νηστείαν
1283 1900 1347 1966 ταί·

153 2019 228 2081 την,
251 1999 288 2081 ήν
313 1997 435 2081 μέλλεις
456 2005 576 2080 τηρεῖν·
623 2000 652 2062 6.
676 2005 798 2078 πρῶτον
821 1999 946 2062 πάντων
973 1999 1120 2081 φύλαξαι
1145 2006 1218 2069 ἀπὸ
1241 2008 1346 2079 παντός

154 2102 290 2185 ῥήματος
319 2111 454 2186 πονηροῦ
480 2102 535 2163 καί
566 2101 668 2184 πάσης
697 2101 865 2186 ἐπιθυμίας
896 2113 1034 2187 πονηροῖς
1068 2109 1129 2170 καί
1170 2111 1345 2194 καθάρισον

154 2228 211 2270 σου
234 2209 289 2289 τήν
312 2207 442 2289 καρδίαν
465 2207 528 2268 ἀπό
550 2205 675 2268 πάντων
698 2214 759 2269 τῶν
784 2206 1014 2289 ματαιωμάτων
1044 2219 1107 2273 τοῦ
1139 2214 1265 2292 αἰῶνος
1287 2214 1345 2278 τού

153 2332 218 2375 του.
266 2310 320 2373 ἐὰν
336 2321 434 2374 ταῦτα
450 2308 598 2393 φυλάξῃς,
623 2311 709 2373 ἐσται
733 2332 781 2373 σοι
805 2313 883 2395 αύτη
898 2309 919 2393 ή
935 2311 1065 2394 νηστεία
1090 2314 1220 2381 τελεία.
1247 2325 1277 2387 7.
1300 2321 1345 2383 ού-

116 2432 142 2471 νο
156 2437 200 2478 τω
223 2415 258 2477 δέ
280 2414 437 2497 ποιήσεις·
470 2413 657 2489 συντελέσας
680 2417 719 2478 τὰ
741 2414 956 2499 γεγραμμένα,
988 2414 1022 2478 ἐν
1047 2416 1163 2505 ἐκείνῃ
1189 2433 1232 2508 τῃ
1255 2423 1345 2507 ήμέρρ

153 2517 352 2603 ήνηστεύεις
375 2519 470 2602 μηδὲν
492 2518 590 2602 γεύσῃ
613 2519 639 2581 εί
662 2521 705 2601 μή
729 2521 821 2600 άρτον
843 2520 896 2582 καί
920 2519 1014 2601 ύδωρ,
1038 2525 1098 2586 καί
1125 2524 1167 2590 ἐκ
1185 2537 1252 2592 τῶν
1268 2529 1344 2592 ἐδεσ·

153 2623 260 2707 μάτων
284 2645 340 2686 σου
364 2621 407 2687 ὧν
430 2621 558 2705 ἔμελλες
580 2620 708 2706 τρώγειν
732 2622 933 2707 συμψηφίσας
948 2625 1003 2705 τήν
1028 2628 1207 2715 ποσότητα
1230 2643 1286 2717 της
1299 2632 1344 2695 δα·

153 2730 253 2813 πάνης
276 2729 395 2812 ἐκείνης
426 2738 480 2811 τῆς
503 2725 619 2810 ἡμέρας
641 2724 677 2810 ής
700 2725 829 2809 ἔμελλες
851 2735 965 2806 ποιεῖν,
1001 2727 1122 2808 δώσεις
1155 2738 1242 2800 αύτό
1270 2736 1343 2819 χήρᾳ

152 2833 173 2916 ή
196 2834 322 2916 όρφανῷ
345 2834 366 2915 ή
389 2830 613 2914 ὑστερουμένῳ,
636 2832 691 2892 καί
715 2832 795 2893 οὕτω
820 2832 1137 2918 ταπεινοφρονήσεις,
1167 2840 1215 2903 ἵν’
1239 2841 1277 2905 ἐκ
1297 2850 1344 2923 της

115 2951 140 2991 ²⁶
152 2936 435 3019 ταπεινοφροσύνης
458 2956 515 2997 σου
539 2934 555 2996 ό
579 2934 713 3018 εἰληφὼς
737 2934 881 3019 ἐμπλήσῃ
920 2938 975 3018 τήν
1010 2937 1134 3005 ἑαυτοῦ
1165 2945 1276 3030 ψυχήν
1297 2946 1342 3008 καί

153 3039 277 3124 εὔξηται
299 3041 376 3122 ύπέρ
399 3049 455 3102 σού
478 3040 554 3120 πρὸς
576 3041 629 3102 τόν
651 3038 767 3120 κύριον.
813 3043 842 3106 8.
867 3040 921 3103 ἐὰν
944 3038 998 3104 ούν
1015 3045 1104 3108 ούτω
1133 3049 1272 3136 τελέσῃς
1295 3052 1342 3132 τήν

224 3207 237 3258 l
257 3203 402 3275 λίγωΙ-εί
421 3203 466 3255 LA
483 3203 487 3272 Ι
504 3204 553 3270 τάς
566 3222 571 3255 :
584 3202 636 3269 σὰς
652 3204 676 3256 G
692 3204 696 3271 Ι
712 3204 758 3269 4Ι5
769 3213 819 3261 τοῦ
836 3204 1087 3278 κυρίου-ἐντολὰς
1107 3211 1236 3284 L¹(L²A)
1252 3236 1257 3267 :
1271 3212 1341 3282 >0

153 3289 188 3343 ob
207 3291 348 3343 homoeot.
364 3291 368 3358 Ι
385 3290 400 3342 6
419 3290 449 3345 δέ
467 3289 536 3357 MA)
550 3309 555 3342 :
569 3290 601 3362 γέ
620 3290 644 3344 G
661 3294 664 3341 Ι
682 3291 714 3344 13
733 3291 834 3361 ταύτην
853 3291 934 3361 (ΞΙΙιἸ
947 3311 953 3344 :
967 3295 1103 3366 τοιαύτην
1123 3299 1160 3352 L'
1177 3302 1183 3370 Ι
1203 3303 1237 3359 19
1257 3305 1339 3360 τελεία

153 3378 202 3431 GA
215 3397 221 3430 ι
234 3378 340 3431 iustum
359 3377 380 3428 L
396 3378 400 3445 Ι
417 3376 450 3429 20
471 3374 649 3448 γεγραμμένα
668 3375 692 3429 G
707 3393 857 3450 επρογεγρ.
878 3377 967 3446 Lw)
983 3379 989 3448 Ι
1010 3381 1046 3434 22
1064 3391 1262 3458 συμψῃφὶως
1278 3385 1341 3443 Ath⁸

153 3462 199 3515 LA
219 3463 265 3532 (cf.
284 3464 343 3518 Vis.
362 3464 381 3526 Ι,
403 3468 425 3525 1,
445 3465 473 3532 4)
487 3482 493 3515 :
506 3466 660 3534 συνοφίσας
679 3462 703 3517 G
719 3464 722 3533 Ι
739 3463 773 3515 26
793 3460 843 3520 οὖν
861 3465 931 3519 Atffl
950 3465 1008 3517 L¹A
1028 3467 1087 3534 (λθ)
1104 3488 1111 3521 :
1126 3474 1164 3538 >
1184 3474 1212 3530 G
1229 3478 1235 3544 Ι

186 3619 212 3673 3.
231 3618 461 3672 Ρυ.-Αίλιιιυυοίυο
472 3618 510 3671 ad
520 3619 681 3674 Antioche
694 3620 726 3672 16
755 3619 912 3690 γραμμένα)
941 3622 969 3672 et
988 3620 1025 3674 ad
1044 3621 1139 3679 vitam
1171 3644 1338 3699 consequen·

151 3706 347 3774 transscripsit
359 3723 383 3759 v.
393 3708 468 3767 5-8‚
482 3705 637 3759 Antiochus
651 3705 725 3761 Mon.
755 3704 820 3759 dam
839 3709 981 3760 aeternam
1006 3714 1185 3768 necessaria
1231 3716 1339 3772 Senten-

153 3792 233 3845 Hom.
252 3793 267 3845 7
287 3793 335 3847 PG
352 3792 476 3855 89,1455
496 3791 578 3860 plura
597 3790 726 3859 desump-
753 3793 796 3845 tia
815 3792 964 3862 desumpta
983 3809 1045 3849 esse
1065 3797 1188 3855 videtur
1209 3820 1226 3858 e
1245 3803 1337 3858 Mattb.

153 3877 191 3932 sit
210 3894 224 3931 e
243 3895 268 3930 ν.
287 3881 302 3933 7
323 3883 351 3932 et
368 3878 391 3931 8.
756 3877 795 3939 19,
816 3881 854 3941 17,
874 3878 961 3932 verba
978 3882 1100 3951 propius
1120 3888 1160 3941 ad
1179 3888 1289 3946 Ecclea
1303 3888 1337 3950 12

189 3964 212 4015 2.
232 3984 254 4019 τ.
264 3962 456 4032 ἐντυλὰςκτλΙ
477 3963 518 4018 ef.
529 3965 622 4017 Mand.
633 3962 691 4026 Vll,
703 3967 726 4018 l.
755 3962 787 4017 13
806 3966 951 4020 accedunt.

153 4047 289 4101 Mandata
308 4048 420 4103 Domini
449 4053 515 4101 aunt
539 4049 673 4102 mandata
696 4048 726 4101 in
788 4053 811 4104 3.
831 4050 912 4120 ἐκτὸς
938 4066 986 4123 τῆς
1014 4052 1144 4130 ἐντολῆς]
1178 4061 1338 4118 Matthaeus

154 4131 180 4184 S.
194 4132 338 4202 Scriptura
349 4135 477 4189 omnibus
491 4135 650 4189 hominibus
663 4153 725 4205 pro·
755 4138 794 4200 19,
808 4140 839 4193 21
854 4139 924 4193 haec
936 4139 1067 4193 exhibet:
1088 4144 1116 4200 εἰ
1127 4147 1227 4216 θέλεις
1241 4151 1339 4214 τέλειος

152 4219 248 4285 posita
274 4221 320 4288 (cf.
339 4238 364 4273 v.
383 4222 413 4273 7:
441 4222 606 4288 συντελέσας
630 4223 664 4279 τὰ
682 4243 724 4294 γε·
752 4219 827 4280 εἶναι.
852 4256 886 4264 -
909 4228 994 4294 δόξαν
1012 4230 1087 4303 περ]
1108 4232 1155 4288 Cf.
1176 4235 1277 4291 Mand.
1295 4235 1337 4295 IV.
