2834 5018
584 301 738 358 mm
756 301 900 357 PASTOR

629 548 801 635 Παραβολὴ
824 549 864 630 ς’.

243 689 278 758 1.
303 690 494 774 Καθήμενος
517 690 551 753 ἐν
573 698 617 774 τῷ
640 691 717 773 οἴκῳ
741 709 801 772 μου
824 690 878 751 καί
901 687 1042 766 δοξάζων
1067 689 1126 752 τὸν
1142 689 1260 773 κύριον
1282 693 1346 772 περί

152 795 278 860 πάντων
307 792 351 859 ῶν
381 794 531 878 ἑωράκειν
557 796 611 857 καί
635 794 777 878 συζητῶν
799 794 869 876 περί
891 803 954 858 τῶν
976 792 1137 875 ἐντολῶν,
1173 797 1224 860 δτι
1253 795 1345 858 καλαί

152 902 206 964 καί
229 901 356 964 δύναταί
378 902 432 963 καί
464 899 565 983 ἱλαραὶ
597 900 651 961 καί
681 897 799 975 ἐνδοξοι
830 899 884 960 καί
914 899 1084 982 δυνάμεναι
1109 909 1220 964 σῶσαι
1245 901 1343 983 ψυχὴν

127 1003 335 1088 τάνθρώπου,
359 1004 468 1090 ἔλεγον
492 1004 525 1067 ἐν
542 1002 683 1086 ἐμαυτῷ·
707 1000 869 1084 Μακάριος
886 1003 1007 1085 ἐσομαι,
1031 1002 1089 1067 ἐὰν
1105 1013 1180 1080 ταῖς
1205 1005 1341 1078 ἐντολαῖς

153 1110 280 1184 ταύταις
313 1113 479 1192 πορευθῶ,
512 1110 567 1171 καί
599 1109 633 1182 ὃς
664 1108 703 1170 ἂν
725 1107 851 1182 ταύταις
884 1108 1036 1190 πορευθῇ,
1061 1109 1226 1191 μακάριος
1248 1111 1338 1173 ἔσται

154 1218 184 1279 2.
210 1213 252 1289 ὡς
273 1222 372 1276 ταῦτα
395 1213 428 1277 ἐν
451 1213 575 1298 ἐμαυτῷ
600 1212 748 1291 ἐλάλουν,
772 1211 889 1298 βλέπω,
913 1213 1006 1276 αύτδν
1023 1211 1178 1296 ἐξαίφνης
1202 1235 1339 1297 παρακοι-

154 1316 293 1399 θήμενύν
316 1338 367 1399 μοι
396 1319 449 1380 καί
479 1316 613 1402 λέγοντα
635 1326 753 1380 ταῦτα·
796 1315 834 1379 Τί
857 1316 996 1399 διψυχεῖς
1019 1318 1090 1397 περί
1114 1327 1184 1382 τῶν
1209 1317 1337 1382 ἐντολῶν

155 1417 199 1483 ὧν
221 1441 270 1483 σοι
293 1420 508 1506 ἐνετειλάμην;
531 1421 628 1485 καλαί
650 1421 744 1484 εἰσιν·
767 1419 850 1495 ὅλως
873 1423 915 1504 μὴ
938 1420 1126 1506 διψυχήσης,
1154 1421 1233 1485 ἀλλ’
1256 1422 1336 1485 ἐνδο-

116 1544 140 1581 1⁰
155 1547 206 1588 σαι
240 1528 295 1610 τὴν
318 1525 419 1590 πίστιν
452 1537 508 1590 τοῦ
530 1526 648 1610 κυρίου,
671 1528 725 1589 καί
748 1524 781 1590 ἐν
805 1527 912 1600 αύταῐς
935 1525 1093 1609 πορεύσῃ·
1129 1524 1201 1610 ἐγὼ
1224 1528 1286 1611 γάρ
1306 1546 1336 1588 σε

154 1628 362 1712 ἐνδυναμιύσω
386 1630 418 1694 ἐν
442 1632 558 1707 αὐταῖς.
604 1635 635 1698 3.
659 1629 750 1694 αύται
774 1630 805 1693 αἱ
835 1629 958 1694 ἐντολαὶ
990 1630 1149 1713 σύμφοροί
1187 1633 1249 1695 εἰσι
1281 1641 1335 1706 τοῖς

154 1732 302 1816 μέλλουσι
325 1745 503 1817 μετανοεῖν·
534 1736 589 1799 ἐὰν
611 1737 673 1820 γὰρ
694 1738 736 1819 μὴ
759 1739 958 1818 πορευθῶσιν
973 1735 1006 1799 ἐν
1022 1735 1145 1815 αύταῖς,
1174 1736 1222 1812 εἰς
1243 1738 1334 1820 μάτην

154 1837 236 1901 ἐστίν
258 1838 279 1922 ἡ
301 1840 451 1922 μετάνοια
472 1842 585 1904 αὐτῶν.
631 1844 662 1906 4.
687 1840 715 1903 οί
737 1840 791 1902 ούν
814 1849 1035 1923 μετανοοῦντες
1058 1839 1269 1924 ἀποβάλλετε
1287 1843 1334 1915 τὰς

154 1941 302 2025 πονηρίας
332 1954 386 2006 τοῦ
417 1944 529 2020 αἰῶνος
551 1944 662 2008 τούτου
686 1946 742 2020 τὰς
764 1943 965 2029 ἐκτριβούσας
987 1944 1087 2026 ύμᾶς·
1133 1943 1332 2029 ἐνδυσάμενοι

116 2063 142 2101 υ
154 2045 190 2108 δὲ
223 2056 328 2110 πᾶσαν
360 2048 472 2132 ἀρετὴν
507 2049 704 2133 δικαιοσύνης
736 2047 914 2131 δυνήσεσθε
946 2057 1080 2132 τηρῆσαι
1115 2050 1177 2124 τὰς
1215 2049 1333 2123 ἐντολὰς

153 2151 267 2226 ταύτας
289 2153 345 2214 καί
374 2152 484 2237 μηκέτι
513 2150 715 2235 προστιθέναι
744 2161 811 2228 ταῖς
842 2151 1005 2236 ἁμαρτίαις
1037 2152 1138 2235 ὑμῶν.
1192 2154 1266 2240 [ἐὰν
1287 2151 1331 2216 οὖν

153 2254 263 2338 μηκέτι
293 2257 389 2340 μηδὲν
418 2260 595 2341 προσθητε,
626 2255 848 2340 ἀποστήσεσθε
879 2258 941 2319 ἀπὸ
963 2267 1026 2320 τῶν
1049 2255 1220 2340 προτέρων
1243 2259 1331 2342 ἁμαρ

153 2367 227 2422 τιῶν
250 2359 365 2445 ύμῶν].
418 2362 595 2443 πορεύεσθε
618 2357 672 2424 σύν
694 2371 761 2436 ταῖς
784 2359 924 2436 ἐντολαῖς
944 2381 1003 2442 μου
1027 2361 1181 2442 ταύταις,
1215 2366 1270 2427 καί
1289 2362 1330 2444 ζὴ·

155 2465 254 2528 σεσθε
276 2472 320 2547 τῷ
343 2467 421 2549 θεῷ.
466 2475 566 2528 ταῦτα
587 2466 690 2530 πάντα
712 2463 785 2547 παρ’
808 2465 884 2547 ἐμοῦ
907 2463 1079 2547 λελάληται
1102 2466 1190 2548 ύμῖν.
1234 2472 1264 2534 5.
1286 2466 1330 2528 καί

114 2583 140 2622 ιο
154 2567 233 2649 μετὰ
254 2569 290 2630 τὸ
313 2578 412 2631 ταῦτα
435 2568 570 2654 λαλῆσαι
593 2571 687 2633 αύτδν
710 2569 777 2653 μετ’
800 2569 895 2653 ἐμοῦ,
918 2568 1001 2653 λέγει
1024 2588 1097 2651 μοι·
1121 2569 1276 2656 Ἄγωμεν
1295 2571 1330 2644 ἐς

153 2671 265 2755 ἀγρόν,
294 2674 348 2735 καί
380 2672 471 2751 δείξω
500 2696 549 2738 σοι
578 2678 649 2750 τοὺς
671 2673 820 2757 ποιμένας
856 2683 917 2738 τῶν
950 2672 1130 2758 προβάτων.
1181 2676 1329 2762 Ἄγωμεν,

154 2776 242 2862 φημί,
265 2777 360 2861 κύριε.
405 2780 459 2841 καί
488 2777 629 2861 ἤλθομεν
659 2781 702 2853 είς
734 2799 762 2841 τι
793 2778 914 2858 πεδίον,
944 2780 996 2840 καί
1026 2778 1168 2844 δεικνύει
1199 2804 1252 2866 μοι
1273 2802 1329 2844 πει-

153 2881 232 2964 μένα
254 2882 416 2946 νεανίσκον
448 2881 648 2965 ἐνδεδυμένον
682 2885 831 2948 σύνθεσιν
865 2882 992 2967 ίματίων
1026 2891 1071 2968 τῷ
1096 2885 1245 2970 χρώματι
1267 2906 1329 2968 προ

153 2984 250 3071 κύδη.
297 2992 326 3054 6.
351 2986 465 3072 ἐβοσκε
487 2988 522 3050 δέ
543 2986 687 3072 πρύβατα
708 2986 813 3050 πολλὰ
836 2986 913 3067 λίαν,
935 2988 988 3049 καί
1013 2989 1053 3049 τὰ
1068 2989 1221 3075 πρύβατα
1242 3002 1329 3055 ταῦτα

113 3114 140 3152 τι
154 3089 228 3154 ὡσεί
250 3099 415 3172 τρυφῶντα
437 3087 475 3174 ἦν
497 3093 550 3154 καί
574 3091 643 3155 λίαν
667 3091 879 3156 σπαταλῶντα
899 3093 952 3155 καί
979 3090 1074 3175 ἱλαρὰ
1098 3092 1139 3179 ἦν
1164 3106 1330 3181 σκιρτῶντι

155 3192 217 3258 ὦδε
239 3196 383 3257 κάκεῖσε·
412 3197 465 3257 καί
489 3196 581 3271 αύτδς
604 3196 621 3258 ύ
644 3199 758 3280 ποιμὴν
781 3197 863 3261 πάνυ
898 3196 1001 3279 ἱλαρὸς
1038 3195 1078 3282 ιΙν
1103 3199 1157 3264 ἐπί
1182 3212 1229 3288 τῷ
1250 3220 1329 3282 ποιμ-

155 3299 210 3382 νίῳ
233 3300 346 3361 αύτοῦ·
368 3299 422 3361 καί
446 3300 523 3382 αὐτη
546 3298 566 3381 ιΙ
589 3297 656 3362 ίδέα
676 3310 731 3363 τοῦ
754 3300 900 3384 ποιμένος
929 3299 1022 3383 ἱλαρὰ
1047 3300 1087 3387 ἧν
1112 3303 1204 3387 λίαν,
1230 3308 1281 3369 καί
1301 3303 1328 3366 ἐν

153 3412 217 3480 τοῖς
239 3401 405 3487 προβάτοις
427 3402 614 3486 περιέτρεχε.
661 3403 731 3489 [καί
752 3404 835 3468 ἄλλα
856 3404 997 3489 πρύβατα
1020 3403 1107 3471 εἶδον
1124 3410 1329 3475 σπαταλῶντα

152 3509 206 3570 καί
229 3516 393 3590 τρυφῶντα
416 3506 448 3570 ἐν
472 3507 557 3591 τύπῳ
580 3507 633 3588 ἐνί,
658 3510 695 3571 ού
717 3507 821 3591 μέντοι
844 3510 1046 3596 σκιρτῶνταΙ.

224 3634 1327 3714 1παραβολὴςἸιιάρχὴίλ,>ΑΙ4ίλαραί..ένδσξσιῦιωίς>λζ

151 3723 170 3776 8
187 3726 233 3779 καί
249 3728 273 3778 λ.
295 3732 382 3779 ταῦτα
401 3723 458 3778 GL¹
472 3742 479 3775 ι
493 3726 522 3777 et
541 3724 582 3778 ait
600 3725 671 3779 mihi
690 3725 750 3778 [ΗΑ
765 3728 769 3793 Ι
785 3726 847 3792 9Ι12
864 3730 1150 3793 καλαί-μετανοεῖν
1161 3751 1169 3784 :
1182 3731 1256 3787 bene
1272 3746 1329 3802 pac⁴

152 3809 302 3863 nitentium
321 3809 381 3878 agit
399 3810 424 3862 A
448 3811 452 3881 Ι
479 3812 555 3876 11Ι12
574 3820 633 3879 τοῖς
649 3833 679 3880 μ.
696 3822 845 3881 μετανοεῖν
863 3833 870 3866 ι
890 3813 934 3867 his
952 3812 1002 3879 qui
1023 3812 1204 3875 delictorum
1227 3837 1329 3877 suorum

153 3898 198 3967 Ι-Ι-
218 3900 284 3950 ante
302 3900 445 3966 gestorum
464 3897 508 3965 11¹)
528 3899 618 3953 acturi
637 3902 704 3953 sunt
724 3899 930 3970 paenitentiam
948 3899 969 3951 L
985 3900 990 3968 Ι
1007 3901 1042 3953 14
1061 3902 1116 3971 τὰς
1131 3904 1210 3981 ἐχορ.
1228 3907 1330 3978 ὑμᾶς)

151 3982 644 4053 ῦ·Α116Ι18ἐὰν-ταύταις>Α
664 3987 669 4055 Ι
690 3984 864 4056 ἐὰν-ὑμῶν
882 3988 968 4053 Ιιῑ>
986 3985 1010 4040 G
1037 3989 1041 4058 Ι
1070 3991 1106 4045 19
1126 3994 1223 4052 πάντα
1240 4000 1274 4063 >
1288 3995 1308 4049 L
1324 3996 1328 4061 Ι

152 4069 185 4123 21
204 4065 316 4142 ἄγωμεν
333 4069 411 4139 ΙιΙΑΙ
424 4090 430 4124 :
442 4068 548 4144 ἄγομεν
566 4073 590 4128 G
615 4077 620 4143 Ι
643 4075 677 4128 26
696 4074 769 4130 πάνυ
787 4074 845 4126 Ath
864 4072 979 4142 ΙιίΑΙΙιέ)
993 4090 1000 4124 :
1012 4076 1051 4140 >
1070 4077 1097 4132 G
1121 4082 1126 4149 Ι
1151 4082 1233 4149 26127
1252 4080 1330 4139 ἐπί-

152 4158 214 4210 λίαν
231 4159 265 4223 >
283 4156 377 4210 AAth
392 4157 397 4226 Ι
412 4159 446 4210 27
464 4157 532 4230 αύτῆ
551 4176 594 4213 em
608 4179 614 4213 ι
628 4158 696 4230 αὕτη
715 4159 747 4225 G,
766 4165 800 4228 >
820 4160 840 4213 [ι
856 4160 955 4229 Ι28129
972 4164 1019 4216 καί
1038 4158 1115 4222 ἄλλα
1129 4197 1166 4208 -
1181 4177 1330 4245 σκιρτῶντα

29 4302 35 4314 ἡ
152 4241 563 4314 Αιιιοι.ι,4.ι;>υιιι
