2834 5018
128 130 190 195 170
592 128 604 181 1
623 125 828 181 οεεωπνειε

213 303 294 369 LVI.
318 300 381 365 Καί
411 300 499 386 ήμεῖς
522 298 576 365 οὖν
605 300 781 386 ἐντύχωμεν
814 305 882 386 περί
906 312 968 369 τῶν
991 305 1024 369 ἐν
1047 326 1104 369 τινι
1135 305 1302 389 παραπτώ-

125 427 198 490 ματι
221 406 433 489 ὑπαρχόντων,
457 409 541 481 όπως
564 406 648 489 δοθή
663 408 767 482 αὐτοῖς
790 406 939 471 ἐπιείκεια
961 411 1013 471 καί
1036 410 1301 495 ταπεινοφροσύνῃ

126 511 168 586 είς
191 512 226 574 τό
249 509 325 588 εἶξαι
348 513 460 586 αὐτοὺς
483 514 524 595 μὴ
547 509 628 595 ήμῖν,
653 511 736 574 ἀλλά
759 520 802 595 τῷ
827 512 983 598 θελήματι
1005 525 1059 578 τοῦ
1082 518 1179 582 θεοῦ·
1205 519 1301 592 οὕτως

125 617 185 699 γὰρ
208 616 294 679 ἔσται
318 618 421 692 αὐτοῖς
450 617 606 699 ἔγκαρπος
628 618 682 678 καί
705 616 808 680 τελεία
831 617 851 700 ή
874 621 949 701 πρός
978 621 1030 682 τόν
1054 622 1131 686 θεὸν
1153 622 1209 683 καί
1232 624 1301 696 τοὺς

97 742 111 782 ε
126 718 232 803 ἁγίους
247 718 314 804 μετ’
330 720 494 804 οἰκτιρμῶν
510 720 608 804 μνεία.
640 725 669 786 2.
694 721 901 807 ἀναλάβωμεν
917 723 1069 803 παιδείαν,
1094 723 1145 807 ἐφ’
1167 723 1188 808 ή
1204 725 1301 800 οὐδείς

124 823 242 906 ὀφείλει
274 826 479 909 ἀγανακτεῖν,
513 826 677 911 ἀγαπητοί.
723 826 969 912 ήνουδὲτήσις,
998 829 1035 912 ήν
1058 829 1238 912 ποιούμεθα
1261 830 1301 905 είς

126 927 301 1012 ἀλλήλους,
334 928 416 1012 καλή
441 929 522 993 ἐστιν
545 932 598 992 καί
622 931 781 1015 ὑπεράγαν
805 931 978 1017 ὠφέλιμος·
1011 933 1113 1018 κολλᾷ
1136 935 1197 1017 γὰρ
1220 933 1299 1017 ήμάς

126 1040 170 1116 τῷ
203 1033 359 1117 θελήματι
387 1044 441 1098 τοῦ
475 1037 564 1100 θεοῦ.
610 1038 640 1101 3.
673 1038 771 1110 ούτως
804 1037 865 1118 γάρ
898 1057 991 1121 φησιν
1020 1037 1037 1100 6
1069 1039 1156 1121 ἅγιος
1191 1037 1300 1122 λόγος·

126 1136 309 1202 Παιδεύων
342 1137 542 1203 ἐπαίδευσεν
564 1161 608 1221 με
630 1142 648 1203 6
671 1143 801 1226 κύριος,
832 1143 889 1206 καὶ
911 1149 959 1225 τῷ
984 1141 1126 1226 θανάτῳ
1151 1146 1192 1208 ού
1215 1165 1300 1227 παρ-

87 1266 112 1303 10
126 1240 253 1307 ἔδωκέν
275 1264 335 1325 με·
368 1247 398 1309 4.
423 1248 464 1308 δν
496 1246 559 1331 γάρ
589 1246 706 1330 ἀγαπᾷ
737 1249 872 1331 κύριος,
896 1245 1063 1325 παιδεύει,
1085 1254 1248 1331 μαστιγοῖ
1267 1245 1301 1311 δὲ

126 1348 239 1412 πάντα
262 1350 348 1428 υἱόν,
371 1352 412 1413 δν
427 1349 662 1435 παραδέχεται.
710 1354 738 1415 5.
764 1349 948 1415 Παιδεύσει
970 1373 1014 1432 με
1028 1352 1102 1436 γάρ,
1127 1350 1231 1435 φησίν,
1255 1350 1300 1415 δί-

125 1472 219 1533 καιος
243 1452 281 1516 ἐν
304 1452 389 1516 ἐλέει
418 1455 475 1518 καὶ
498 1452 624 1537 ἐλέγξει
646 1475 706 1534 με,
738 1453 854 1518 ἔλαιον
877 1452 914 1518 δὲ
945 1454 1159 1541 ἁμαρτωλῶν
1181 1458 1231 1540 μή
1253 1455 1300 1520 λι-

125 1557 268 1621 πανάτω
301 1559 364 1641 τήν
395 1558 550 1642 κεφαλήν
583 1580 659 1640 μου.
707 1561 735 1624 6.
760 1556 823 1621 Καί
857 1557 951 1622 πάλιν
984 1558 1085 1643 λέγει·
1120 1559 1301 1646 Μακάριος

125 1659 323 1746 ἄνθρωπος,
347 1666 387 1728 δν
403 1661 544 1746 ἤλεγξεν
568 1665 586 1726 6
603 1667 733 1749 κύριος·
758 1662 956 1748 νουθέτῃμα
972 1663 1009 1728 δὲ
1024 1666 1301 1750 παντοκράτορος

87 1779 112 1820 1⁶
125 1767 173 1849 μή
190 1766 399 1831 ἀπαναίνον·
424 1767 525 1847 αὐτὸς
541 1767 604 1852 γὰρ
621 1766 736 1850 ἀλγεῖν
752 1773 851 1847 ποιεῖ,
868 1769 924 1831 καὶ
940 1767 1045 1832 πάλιν
1065 1766 1301 1851 ἀποκαθίστη-

125 1890 198 1934 σιν·
235 1870 264 1933 7.
288 1872 447 1950 ἔπαισεν,
480 1872 536 1935 καὶ
559 1874 594 1935 αἱ
616 1877 723 1956 χεῖρες
747 1874 852 1936 αὐτοῦ
875 1873 1025 1936 δάσαντο.
1073 1874 1102 1936 8.
1128 1868 1244 1952 ἑξάκις
1266 1870 1302 1952 ἐξ

125 1975 286 2058 ἀναγκῶν
301 1972 463 2054 ἐξελεῖταί
479 1997 527 2054 σε,
551 1976 589 2040 ἐν
605 1974 641 2039 δὲ
664 1981 711 2058 τῷ
731 1975 864 2059 ἑβδόμῳ
881 1977 944 2057 οὐχ
958 1976 1085 2055 δψεταί
1101 1996 1164 2040 σου
1183 1977 1300 2040 κακόν.

124 2081 154 2145 9.
180 2080 217 2144 ἐν
240 2078 328 2163 λιμῶ
350 2082 488 2164 ῥύσεταί
511 2101 549 2144 σε
572 2080 609 2143 ἐκ
632 2078 807 2159 θανάτου,
839 2080 877 2144 ἐν
900 2079 1040 2162 πολέμῳ
1065 2078 1101 2143 δὲ
1131 2080 1169 2143 ἐκ
1191 2080 1301 2165 χειρὸς

128 2181 267 2268 σιδήρου
290 2182 385 2247 λύσει
408 2205 461 2248 σε’
495 2187 544 2250 10.
569 2185 626 2248 καὶ
649 2185 718 2248 ἀπὸ
740 2186 902 2267 μάστιγος
925 2183 1082 2268 γλώσσης
1106 2206 1144 2249 σε
1167 2187 1301 2269 κρύψει,

87 2288 184 2351 nonai
207 2291 248 2352 ού
279 2291 327 2373 μή
360 2287 546 2375 φοβῃθήσῃ
577 2294 694 2353 κακῶν
722 2289 970 2373 ἐπερχομένων.
1020 2291 1069 2353 11.
1094 2286 1225 2353 ἀδίκων
1247 2289 1303 2353 καί

127 2392 268 2472 ἀνόμων
290 2392 514 2478 καταγελάσῃ,
538 2392 607 2456 ἀπὸ
630 2391 667 2455 δὲ
689 2390 824 2476 θηρίων
848 2393 976 2477 ἀγρίων
999 2395 1038 2456 οὐ
1061 2394 1109 2476 μή
1133 2392 1301 2479 φοβηθῇς.

127 2497 177 2561 12.
201 2495 307 2582 θῆρες
330 2497 393 2583 γάρ
417 2499 526 2583 δγριοι
549 2498 804 2582 εἰρηνεύσουσίν
828 2518 890 2561 σοι.
938 2499 987 2562 13.
1012 2497 1084 2560 εἶτα
1107 2498 1236 2582 γνώσῃ,
1252 2497 1303 2560 ὅτι

124 2602 311 2686 είρηνεύσει
343 2624 406 2667 σου
429 2605 447 2666 6
470 2604 579 2683 οἶκος,
609 2600 691 2684 ἡδὲ
721 2599 831 2665 δίαιτα
862 2607 921 2685 τῆς
945 2607 1072 2686 σκηνῆς
1105 2622 1169 2665 σου
1191 2603 1233 2665 ού
1255 2603 1303 2685 μή

125 2707 268 2792 ἁμάρτῃ.
317 2711 366 2774 14.
390 2711 507 2793 γνώσῃ
523 2707 569 2787 δέ,
593 2709 644 2771 ὅτι
666 2705 810 2770 πολύτὸ
834 2707 970 2791 σπέρμα
987 2726 1059 2783 σου,
1082 2705 1124 2768 τὰ
1148 2703 1185 2769 δὲ
1200 2705 1303 2769 τέκνα

84 2831 111 2871 οι
125 2833 188 2877 σου
204 2813 321 2896 ὥσπερ
344 2812 382 2876 τὸ
398 2812 622 2895 παμβδτανον
637 2817 697 2874 τοῦ
713 2812 827 2896 ἀγροῦ.
875 2814 925 2876 15.
950 2809 1072 2895 ἐλεύσῃ
1089 2807 1126 2874 δὲ
1149 2811 1189 2874 ἐν
1203 2811 1302 2894 τάφῳ

125 2918 241 3001 ὥσπερ
266 2923 357 2997 σῖτος
381 2917 507 3000 ώριμος
530 2915 616 2979 κατὰ
638 2915 758 2999 καιρὸν
784 2913 1021 2999 θεριζόμενος,
1051 2915 1215 2998 ήώσπερ
1237 2912 1302 2996 θη-

123 3022 237 3103 μωνιά
260 3020 394 3101 ἅλωνος
423 3018 504 3084 καθ’
529 3020 623 3104 ώραν
654 3017 932 3101 συγκομισθεῑσα.
981 3022 1031 3085 16.
1056 3016 1200 3104 βλέπετε,
1222 3019 1301 3102 ἀγα-

124 3125 226 3210 πητοί,
249 3124 346 3199 πόσος
369 3122 600 3205 ὑπερασπισμός
623 3120 706 3186 ἐστιν
729 3130 792 3197 τοῖς
815 3122 1048 3207 παιδευομένοις
1070 3123 1131 3185 ὑπὸ
1153 3132 1210 3186 τοῦ
1233 3122 1300 3186 δεσ-

124 3229 239 3292 πότου·
263 3230 365 3311 πατήρ
387 3229 447 3310 γάρ
470 3228 594 3310 ἀγαθός
617 3227 660 3290 ὢν
683 3227 820 3290 παιδεύει
844 3228 886 3303 είς
909 3229 944 3290 τό
960 3227 1131 3313 ἐλεηθῆναι
1153 3226 1236 3312 ἡμᾶς
1251 3227 1301 3290 διὰ

85 3353 111 3391 ω
125 3343 178 3417 τής
201 3333 287 3409 όσίας
310 3332 451 3408 παιδείας
473 3333 578 3396 αὐτοῦ.

211 3440 307 3505 LVII.
333 3436 435 3521 Ὑμεῖς
458 3434 512 3500 οὖν
536 3436 564 3499 οἱ
586 3438 641 3519 τήν
673 3435 853 3521 καταβολὴν
876 3447 930 3521 τῆς
953 3437 1093 3514 στάσεως
1116 3435 1300 3521 ποιήσαντες

192 3651 322 3718 4τδν>
340 3649 367 3701 Η
391 3648 395 3717 1
422 3648 499 3711 11ί12
517 3650 621 3714 δίκαιος
634 3664 639 3698 :
652 3646 746 3718 κύριος
764 3645 791 3699 Η
814 3646 818 3717 ί
844 3646 876 3700 12
894 3651 986 3712 ελαιος
1003 3646 1027 3697 Α
1043 3646 1047 3714 Ι
1063 3642 1240 3718 ἁμαρτωλῶν
1258 3645 1300 3696 A:

123 3733 291 3810 ἁμαρτωλοῦ
309 3735 377 3790 HLS
396 3734 470 3789 LXX
486 3738 489 3804 Ι
508 3736 540 3790 14
558 3731 685 3804 δν-Ι-όιν
704 3734 729 3788 Η
754 3736 759 3803 Ι
786 3734 817 3788 11
837 3733 971 3806 ούχεονκ
988 3733 1020 3796 Α,
1039 3731 1073 3789 ού
1089 3737 1129 3804 μή
1147 3732 1194 3802 H!
1216 3733 1250 3788 21
1269 3730 1302 3789 ού

122 3828 162 3895 μή
180 3827 307 3898 φοβηθῇς
325 3826 369 3877 A:
383 3825 416 3880 οί·
433 3827 581 3897 φοβῃδήσρ
599 3821 625 3874 Η
640 3822 644 3893 Ι
661 3823 694 3876 23
710 3842 762 3879 σου
780 3837 827 3874 εευ
846 3817 1016 3888 AL2>HS

159 3994 227 4058 LVI,
248 3997 270 4051 1.
298 3995 484 4068 ἐντυγχάνειν]
502 4017 536 4043 =
555 3995 695 4057 accedere,
708 3997 711 4067 ί
724 3995 747 4057 8,
768 3996 808 4048 27.
834 3995 880 4055 34;
911 3994 956 4055 11,
976 3995 1006 4055 2;
1035 3994 1119 4048 Hebr.
1139 3995 1169 4057 7,
1196 3995 1237 4050 25.
1264 4024 1301 4034 -

120 4082 270 4149 speciatim
299 4083 335 4136 ad
363 4081 505 4135 orandum.
549 4082 590 4136 Of.
618 4072 941 4153 Βοιαίπαραπτώματι]
971 4082 1011 4137 cf.
1033 4081 1094 4136 Gal.
1112 4082 1137 4145 6,
1160 4086 1188 4146 1;
1215 4084 1300 4138 Earn.
