2834 5018
193 324 257 390 308
559 318 586 373 s.
604 317 808 374 Ροοῖοευει
826 317 1004 373 EPISTULA

193 498 295 561 νκσθε
318 492 352 559 εύ
375 503 483 574 ποιεῖν,
507 496 549 578 μὴ
565 494 786 577 ύπερτίθεσθε,
811 494 894 558 διότι
917 493 1129 578 ἐλεημοσύνη
1153 493 1191 557 ἐκ
1213 493 1372 558 θανάτου

192 604 315 685 ῥύεται.
362 603 488 682 πάντες
504 600 663 684 ἀλληλοις
679 598 931 677 ὑποτάσσεσθε,
954 601 1017 682 τὴν
1033 599 1257 681 ἀναστροφὴν
1272 601 1372 680 ὑμῶν

193 706 373 786 ἄμεμπτον
395 707 528 787 ἔχοντες
552 706 590 770 ἐν
612 711 681 786 τοῖς
705 703 861 785 ἔθνεσιν,
885 708 942 769 ἵνα
965 705 1003 768 ἐκ
1026 709 1096 768 τῶν
1118 702 1238 767 καλῶν
1260 703 1371 788 ἔργων

195 813 293 890 ὑμῶν
308 811 361 872 καί
385 809 469 893 ὑμεῖς
492 810 617 872 ἔπαινον
633 807 813 893 ἀπολάβητε
835 807 922 871 καίὸ
944 806 1049 888 κύριος
1066 806 1098 869 έν
1121 807 1191 889 ὑμῖν
1215 809 1259 890 μὴ
1275 804 1372 891 βλασ-

165 924 341 998 ιηημητοιι.
387 919 416 981 3.
441 917 517 980 οὐαί
539 914 587 993 δέ,
610 914 653 978 δι’
677 915 717 978 ού
739 915 777 977 τὸ
800 916 910 995 ὄνομα
932 919 993 976 τοῦ
1016 914 1135 997 κυρίου
1157 911 1372 995 βλασφημεῖ-

192 1042 255 1084 ται.
302 1018 505 1102 σωφροσύνην
528 1015 582 1082 οὖν
608 1018 771 1082 διδάσκετε
792 1018 921 1097 πάντας,
945 1016 977 1079 ἐν
1001 1014 1020 1101 γ’,
1043 1018 1097 1079 καί
1113 1017 1199 1099 ὑμεῖς
1222 1014 1372 1097 ἀναστρέ-

194 1124 324 1209 ρεσθε]

281 1227 351 1312 [XI.
375 1225 454 1290 Λίαν
483 1226 646 1311 ἐλυπήθην
677 1227 746 1308 περὶ
768 1224 963 1301 Οὐάλεντος,
998 1224 1032 1298 ὃς
1057 1223 1266 1309 πρεσβύτερός
1296 1245 1371 1289 ποτε

193 1331 315 1416 ἐγένετο
338 1330 371 1396 έν
393 1331 473 1413 ὑμῖν,
497 1333 544 1394 δτι
567 1334 665 1406 ούτιος
687 1332 794 1414 ἀγνοεῖ
816 1331 869 1393 τὸν
893 1328 1029 1394 δοθέντα
1052 1329 1137 1411 αὐτῷ
1160 1328 1267 1394 τύπον.
1313 1350 1372 1392 ποι-

152 1462 179 1500 ιο
192 1435 322 1519 ροικοιλῶ
346 1434 400 1500 σύν
423 1436 601 1518 ἀπέχεσθαι
624 1446 679 1520 τῆς
694 1435 897 1519 φιλαργυρίας
920 1435 973 1497 καί
997 1431 1074 1497 εἶναι
1090 1432 1204 1516 ἁγνοὺς
1227 1435 1283 1498 καί
1298 1433 1371 1497 εἰλι-

192 1550 322 1623 κρινεῖς·
347 1543 410 1604 ἀπὸ
430 1542 546 1616 παντὸς
568 1550 671 1604 κακοῦ
695 1539 868 1622 ἀπέχεσθε.
914 1542 944 1605 2.
968 1538 985 1600 ὁ
1008 1538 1043 1601 δὲ
1067 1538 1099 1600 ἐν
1123 1537 1243 1614 τούτοις
1260 1538 1371 1602 ἑαυτὸν

191 1646 233 1727 μὴ
256 1644 424 1727 δυνάμενος
446 1643 617 1729 κυβερνᾶν,
649 1652 716 1718 πῶς
744 1642 838 1725 ἑτέρῳ
862 1652 961 1704 ταῦτα
989 1641 1217 1726 παραγγέλλει;
1248 1642 1305 1706 έοίν
1326 1664 1370 1717 τις

192 1750 233 1832 μὴ
256 1747 410 1832 ἀπέχηται
439 1757 494 1832 τῆς
528 1746 749 1831 φιλαργυρίας,
784 1748 845 1809 ύπδ
874 1744 1131 1828 εἰδωλολατρείας
1160 1745 1369 1830 μιανθὴσεται

190 1855 244 1917 καί
274 1853 406 1936 ὡσπερεί
439 1853 472 1915 έν
507 1861 570 1927 τοῖς
602 1853 727 1918 ἔθνεσιν
764 1849 1005 1935 λογισθήσεται,
1042 1851 1152 1925 οἵτινες
1185 1853 1370 1934 ἀγνοοῦσιν

153 1984 178 2024 ιι
191 1961 303 2044 κρίσιν
325 1961 453 2042 κυρίου.
499 1960 521 2040 η
544 1960 607 2022 οὐκ
632 1958 790 2038 οἴδαμεν,
821 1958 872 2020 ὅτι
896 1959 927 2020 σί
950 1957 1039 2037 ἅγιοι
1060 1956 1121 2019 τὸν
1144 1958 1279 2037 κόσμον
1301 1978 1369 2040 κρι-

190 2070 330 2139 νοῦσιν,·
360 2062 472 2135 καθὼς
495 2059 621 2136 Παῦλος
650 2061 799 2124 διδάσκει.
846 2064 875 2125 3.
901 2058 964 2143 ἐγὼ
987 2059 1022 2121 δέ
1045 2059 1133 2121 οὐδὲν
1157 2068 1282 2124 τοιοῦτο
1306 2059 1369 2123 ένδ

190 2186 253 2250 ησα
276 2165 308 2228 ἐν
331 2165 401 2247 ὑμῖν
424 2163 496 2226 οὐδὲ
518 2163 657 2245 ἤκουσα,
681 2164 713 2227 έν
737 2162 782 2238 οίς
805 2163 996 2227 κεκοπίακεν
1019 2163 1036 2225 ὁ
1059 2162 1212 2245 μακάριος
1235 2162 1368 2239 Παῦλος,

191 2268 299 2344 οἵτινές
330 2269 401 2331 έστε
423 2267 455 2331 ἐν
483 2268 565 2352 ἀρχῇ
596 2279 650 2353 τῆς
683 2267 848 2352 ἐπιστολῆς
880 2270 986 2334 αὐτοῦ.
1032 2265 1106 2349 Περί
1130 2267 1218 2350 ὑμῶν
1249 2270 1311 2353 γὰρ
1333 2269 1369 2332 ἐν

191 2458 236 2513 Sic
249 2457 395 2528 Lightfoot
406 2458 559 2527 respiciens
573 2458 652 2514 Rom,
663 2461 703 2522 12,
717 2459 762 2513 1οι
792 2460 898 2513 crimen
923 2457 1071 2521 avaritiae,
1096 2473 1152 2510 non
1171 2460 1269 2512 sutem
1294 2456 1367 2511 adnl-

191 2551 225 2618 τῇ
244 2550 309 2617 τιμῇ
320 2544 453 2617 ἀλλήλους
464 2547 667 2618 προηγούμενοι
687 2545 764 2616 (vul.
791 2547 873 2610 terii,
901 2548 933 2599 ut
959 2545 1098 2598 lacobson
1125 2544 1275 2599 contendit
1292 2544 1368 2614 Poly·

192 2638 273 2704 gata:
292 2633 398 2686 honore
407 2631 527 2686 invicem
535 2635 763 2703 praevenientes)
792 2650 876 2702 carpo
894 2648 991 2687 vocem
1002 2633 1149 2698 πλεονεξία
1161 2652 1196 2676 =
1207 2632 1367 2687 adulterium

190 2719 361 2792 particulam
387 2719 526 2782 restituit;
563 2721 638 2774 Zshn
667 2722 763 2791 legens
792 2720 839 2789 (ef.
858 2719 942 2775 Clem.
963 2720 1064 2773 Strom.
1083 2716 1130 2780 III,
1146 2718 1186 2779 12,
1208 2718 1244 2773 89
1263 2719 1367 2788 p.552:

189 2805 448 2861 mansuetudinem:
488 2805 635 2864 ἐπιείκειαν
668 2811 764 2880 κυρίου
791 2805 830 2874 ὼς
849 2806 902 2880 γὰρ
922 2809 937 2878 η
955 2809 1100 2875 πλεονεξία
1112 2808 1230 2879 πορνεία
1248 2805 1367 2879 λίγεια)

190 2893 317 2966 ἀλληλοις
334 2892 568 2967 ἐπιχορηγοῦντες.
594 2894 636 2949 Cf.
656 2894 682 2948 11
701 2894 762 2949 Cor.
792 2893 958 2949 attribuens.
978 2925 1012 2932 -
1031 2894 1086 2950 ἀπὸ
1099 2912 1127 2948 π.
1140 2903 1230 2950 κακοῦ
1247 2889 1310 2963 α’π.]
1328 2892 1368 2948 cf.

193 2981 232 3043 10,
253 2984 281 3044 l;
303 2982 361 3051 lgn.
380 2979 489 3038 Philsd.
510 2983 532 3044 1,
552 2983 576 3035 2.
791 2982 815 3045 5,
835 2982 865 3045 3;
888 2981 1014 3035 IThess.
1033 2982 1057 3043 5,
1077 2982 1124 3042 22;
1153 2979 1368 3045 Didaeh03,1.

225 3070 249 3122 2.
267 3066 307 3136 ὼς
332 3070 453 3127 δύνασθε
479 3064 511 3126 εὗ
531 3070 571 3139 π]
600 3068 763 3139 Respiciens
827 3072 850 3124 2.
870 3069 886 3126 δ
904 3069 934 3127 δὲ
952 3067 1195 3142 -παραγγέλλει1
1215 3069 1259 3124 cf.
1273 3068 1287 3123 1
1300 3069 1368 3123 Tine

190 3156 270 3211 prov.
284 3158 307 3219 3,
321 3156 354 3211 ιε
373 3156 521 3227 Lightfoot
532 3157 632 3210 vernt:
652 3160 764 3213 evvawi
776 3146 779 3169 ²
792 3159 816 3219 3,
830 3159 855 3211 5.
873 3188 907 3196 -
926 3159 1107 3228 φααρμριας
1118 3186 1154 3194 -
1171 3156 1308 3226 etesias]
1327 3155 1367 3210 cr.

190 3239 270 3311 ὄντες
287 3237 319 3300 εὖ
335 3252 431 3301 ποιεῖν.
459 3274 492 3283 -
520 3242 646 3315 ἀλληλοις
670 3243 763 3314 ύποτ]
792 3247 852 3300 Col.
870 3247 894 3308 3,
914 3245 942 3307 5;
971 3242 1042 3312 Eph.
1061 3244 1085 3305 5,
1104 3244 1129 3296 5.
1157 3274 1192 3282 -
1218 3243 1320 3311 καθὼς
1337 3246 1369 3300 11.

190 3329 233 3384 Cf.
253 3329 312 3399 Ign
332 3331 426 3401 Magn.
447 3331 486 3395 13,
506 3333 530 3384 2.
792 3332 922 3401 διδάσκει]
951 3329 1122 3398 Polycarpus
1150 3346 1256 3384 nomen
1287 3331 1371 3399 scrip·

225 3417 249 3469 3.
268 3415 329 3473 ούαὶ
346 3417 416 3486 κτλ]
442 3417 763 3489 cf.lgn.Trn11.8,2;
791 3419 863 3474 toris
891 3418 1007 3487 abipso
1035 3416 1117 3471 citati
1136 3432 1278 3483 nusquam
1306 3433 1368 3487 pro·

191 3503 216 3557 11
235 3502 320 3557 Clenn
343 3505 382 3567 13,
402 3505 426 3557 2.
776 3508 855 3569 'fert
874 3508 904 3559 et
921 3505 1060 3574 interpres
1079 3505 1104 3568 2,
1123 3501 1139 3556 3
1159 3520 1193 3557 ex
1221 3520 1274 3559 suo
1294 3504 1370 3575 inge

226 3591 271 3653 XI,
293 3591 316 3644 1.
334 3591 408 3663 περι]
427 3590 568 3660 Interpres
581 3591 687 3645 latinus
700 3596 764 3665 περ]
790 3594 839 3649 nio
858 3592 984 3647 addidit:
1010 3590 1087 3657 quod
1104 3590 1212 3644 dictum
1231 3596 1285 3647 est
1323 3592 1370 3647 At.-

191 3678 329 3732 vocsbulo
343 3694 397 3746 pro
415 3677 508 3732 reddit
525 3681 550 3741 4,
569 3681 586 3734 3
605 3679 680 3753 (περί
697 3680 764 3735 ποίν-
791 3684 888 3735 tamen
906 3679 958 3733 ilia
970 3679 1057 3731 verba
1075 3695 1133 3732 non
1145 3677 1174 3730 in
1194 3678 1315 3733 dubium
1326 3696 1370 3734 το·

191 3765 275 3834 των];
304 3764 342 3823 13.
364 3767 377 3819 1
397 3766 472 3839 (περὶ
489 3764 587 3835 ὑμῶν).
615 3765 765 3834 Lightfoot
777 3808 780 3847 ι
792 3768 883 3820 cande
900 3768 974 3819 sunt.

190 3851 275 3906 vertit
293 3849 370 3927 ύπίρ.
399 3884 434 3894 -
461 3853 559 3922 τύπον]
585 3852 780 3909 cf.101em.'
827 3855 851 3908 3.
870 3851 926 3925 ἐγὼ
952 3851 982 3909 δὲ
1010 3849 1079 3918 κτλ]
1116 3849 1157 3903 cf.
1185 3849 1247 3921 Ign
1277 3854 1370 3923 Magn.

190 3938 232 4001 40,
251 3940 279 4000 5;
297 3938 339 4001 44,
359 3940 382 3992 5.
408 3970 442 3978 -
467 3940 658 4013 φιλαργυρίας]
678 3940 721 3994 cf,
740 3943 763 4005 2,
794 3944 832 4004 ll,
853 3943 882 4002 l;
901 3937 986 3992 Trall.
1006 3939 1030 3999 8,
1052 3939 1065 3989 l
1085 3968 1119 3976 —
1139 3934 1241 4006 οἵτινές
1260 3938 1325 3999 ἐστε
1343 3940 1372 3997 ἐν

191 4026 221 4085 2;
240 4025 264 4087 4,
286 4025 314 4087 1;
341 4026 364 4088 6,
386 4029 407 4090 l,
427 4026 475 4079 ubi
495 4027 633 4096 interpres
652 4034 763 4102 φιλοργ.
791 4031 861 4100 ἀρχῇ
880 4047 903 4082 τ.
923 4025 976 4095 ἐπ]
1004 4026 1094 4080 Locus
1122 4025 1261 4082 obscurus
1285 4032 1371 4098 atque

190 4126 259 4164 νοοε
271 4114 391 4168 avaritia
402 4112 540 4177 redditum
560 4115 583 4177 5,
598 4113 623 4176 2,
642 4113 691 4167 ubi
703 4116 763 4185 ἀφι-
792 4116 828 4169 ab
847 4114 910 4167 aliis
929 4114 1014 4168 aliter
1030 4112 1194 4170 intellectus
1215 4116 1261 4170 vel
1281 4134 1371 4172 emen·

190 4197 389 4269 ίοίργυροιιισκ
402 4202 481 4255 avari
493 4204 566 4256 sunt
603 4201 882 4268 Itsquevixtiletus.
918 4199 1003 4255 Nolte
1016 4201 1140 4268 (Weiss
1153 4202 1287 4259 Zeitschr.
1303 4205 1370 4272 Ῑῖιί

192 4281 307 4337 dubium
320 4289 370 4351 est,
390 4286 458 4354 quin
470 4287 574 4342 Valens
592 4287 764 4342 commiserit
776 4268 842 4359 ’ίροπ
861 4289 932 4343 tatis.
954 4288 1041 4343 Τίιεοί.
1062 4288 1130 4343 1854
1147 4307 1175 4359 p.
1196 4292 1261 4353 236)
1285 4290 1370 4362 respi-
