2834 5018
164 290 226 354 198
624 290 650 343 11
670 287 873 344 CLEMENTIS

163 463 217 524 καί
240 460 410 547 ληψόμεθα
432 466 487 539 τὰς
503 463 700 549 ἐπαγγελίας,
724 470 764 546 ἂς
781 468 838 546 οὖς
862 469 923 530 οὐκ
940 469 1087 551 ἤκουσεν
1110 466 1188 532 οὐδὲ
1204 466 1337 550 ὀφθαλ-

162 567 226 649 μὸς
250 567 348 649 είόεν,
372 568 451 633 οὐδὲ
474 570 530 634 ἔπί
553 569 697 655 καρδίαν
719 569 911 656 ἀνθρώπου
933 573 1048 658 ἀνέβη.

253 673 323 738 XII.
350 670 581 758 Ἐκδεχώμεθα
610 671 664 738 οὖν
687 674 766 740 καθ’
796 676 879 757 ὥραν
902 679 957 759 τὴν
987 676 1146 762 βασιλείαν
1175 684 1229 738 τοῦ
1260 678 1338 741 θεοῦ

165 775 198 839 ἐν
221 777 328 861 ἀγάπη
351 780 404 840 καί
427 779 617 863 δικαιοσύνῃ,
642 778 747 862 ἐπειδη
763 781 821 843 οὐκ
845 782 970 865 οἴδαμεν
993 784 1048 865 τὴν
1063 781 1180 865 ἡμέραν
1203 791 1258 864 τῆς
1274 779 1338 842 ἐπι-

139 880 294 964 σφανείας
316 892 372 946 τοῦ
394 887 483 950 θεοῦ.
529 888 558 949 2.
583 884 793 968 ἐπερωτηθείς
814 887 875 968 γὰρ
897 886 1022 961 αὐτὸςὸ
1045 886 1149 967 κύριος
1171 885 1232 947 ὑπὸ
1247 906 1338 961 τινος,

164 984 241 1048 πότε
264 985 329 1068 ἥξει
353 988 447 1050 αὐτοῦ
469 988 490 1072 ἡ
513 988 665 1073 βασιλεία,
689 988 792 1053 εἶπεν·
814 989 923 1055 Ὅταν
945 991 1039 1055 ἔσται
1062 992 1103 1054 τὰ
1127 989 1188 1054 δύο
1210 991 1260 1070 ἕν,
1283 991 1338 1053 καί

163 1091 202 1154 τὸ
225 1088 291 1170 ἔξω
308 1096 354 1173 ὡς
377 1094 414 1157 τὸ
431 1095 510 1174 ἔσω,
533 1096 589 1158 καί
604 1096 642 1159 τὸ
666 1097 771 1179 ἄρσεν
784 1095 870 1176 μετὰ
892 1102 951 1179 τῆς
966 1094 1118 1178 θηλείας,
1141 1097 1219 1159 οὔτε
1235 1095 1340 1179 ἔρσεν

165 1197 244 1259 οὔτε
266 1194 369 1280 θῆλυ.
415 1199 444 1262 3.
469 1198 511 1261 τὰ
533 1198 594 1263 δύο
617 1199 651 1261 δὲ
673 1200 712 1263 ἔν
733 1198 830 1277 ἐστιν,
854 1201 929 1263 ὅταν
952 1199 1097 1282 λαλῶμεν
1120 1199 1241 1274 ἑαυτοῖς
1265 1198 1340 1281 ἀλή-

167 1301 260 1364 θειαν
283 1302 337 1363 καί
360 1300 392 1364 ἐν
415 1302 483 1366 δυσί
507 1301 646 1386 σώμασιν
662 1303 874 1386 ἀνυποκρίτως
897 1305 944 1388 εἰη
967 1304 1022 1387 μία
1037 1302 1132 1387 ψυχή.
1179 1308 1208 1369 4.
1233 1304 1286 1366 καί
1302 1304 1340 1367 τὸ

128 1401 234 1483 10ἔξω
258 1408 305 1486 ὡς
327 1406 366 1469 τὸ
389 1406 474 1487 ἔσω,
503 1417 594 1470 τοῦτο
617 1407 715 1492 λέγει·
747 1410 802 1491 τὴν
827 1407 929 1491 ψυχὴν
952 1407 1035 1492 λέγει
1059 1410 1097 1473 τὸ
1120 1409 1207 1487 ἔσω,
1242 1409 1281 1472 τὸ
1305 1406 1341 1471 dd

166 1505 233 1588 ἔξω
257 1510 293 1570 τὸ
316 1517 407 1593 σῶμα
422 1509 516 1594 λέγει.
562 1512 596 1574 ὃν
618 1511 730 1594 τρόπον
754 1508 808 1575 οὖν
824 1534 880 1575 σου
903 1515 938 1575 τὸ
961 1521 1053 1595 σῶμα
1069 1511 1219 1594 φαίνεται,
1243 1514 1341 1586 οὕτως

165 1614 219 1674 καί
242 1612 263 1696 ἡ
285 1612 371 1697 ψυχή
400 1636 457 1677 σου
487 1615 580 1699 δῆλος
610 1617 690 1679 έστω
718 1616 751 1680 έν
782 1627 846 1693 τοῖς
876 1616 985 1692 καλοῖς
1014 1618 1124 1701 ἔργοις.
1172 1619 1200 1682 5.
1225 1617 1340 1681 καὶτὸ

166 1719 272 1804 ἄρσεν
294 1720 380 1800 μετὰ
402 1726 461 1804 τῆς
483 1720 635 1805 θηλείας,
659 1725 736 1787 οὔτε
758 1725 863 1807 ἄρσεν
886 1726 963 1787 οὔτε
985 1721 1093 1806 θῆλυ,
1123 1731 1214 1783 τοῦτο
1237 1719 1340 1805 λέγει·

166 1823 218 1885 ίνα
242 1822 377 1907 ἀδελφὸς
400 1824 473 1888 ἰδὼν
496 1824 634 1908 ἀδελφὴν
658 1825 747 1889 οὐδέν
764 1835 862 1908 φρονῇ
884 1829 952 1908 περί
976 1827 1070 1910 αὐτῆς
1087 1825 1241 1911 θηλυκόν,
1264 1826 1341 1909 μηδὲ

128 1938 154 1976 1⁵
168 1937 265 2011 φρονῇ
287 1949 315 1991 τι
330 1930 398 2010 περί
422 1930 517 1991 αὐτοῦ
533 1929 704 2011 ἀρσενικόν.
751 1934 780 1997 6.
804 1940 902 1994 ταῦτα
924 1931 1010 2014 ὑμῶν
1031 1930 1214 2010 ποιούντων,
1238 1931 1341 2014 φησίν,

168 2030 327 2095 ἐλεύσεται
349 2031 370 2115 ἡ
394 2032 536 2117 βασιλεία
558 2043 613 2096 τοῦ
636 2033 751 2116 πατρὸς
774 2055 842 2117 μου.

254 2139 340 2203 ΧΙΠ,
365 2135 513 2220 Ἀδελφοί
536 2135 607 2217 οὖν,
638 2138 698 2222 ἤδη
721 2139 797 2201 ποτέ
828 2137 1084 2222 μετανοήσωμεν,
1116 2137 1264 2222 νήψωμεν
1293 2137 1342 2200 έπί

166 2242 202 2304 τὸ
225 2240 367 2325 ἀγαθὸν·
392 2243 497 2324 μεστοί
519 2242 579 2326 γάρ
602 2242 695 2326 ἐσμεν
717 2242 836 2327 πολλης
859 2244 964 2318 ἀνοίας
987 2245 1040 2306 καί
1064 2243 1222 2326 πονηρίας.
1270 2241 1341 2320 ἐξα-

167 2342 323 2428 λείψωμεν
347 2345 402 2428 ἀφ’
431 2345 519 2429 ἡμῶν
542 2349 581 2409 τὰ
610 2346 744 2429 πρότερα
774 2347 981 2431 ἁμαρτήματα
1012 2348 1066 2408 καί
1096 2347 1342 2430 μετανοήσαντες

236 2479 639 2555 4ἔτιείΗ15ἔρωτη9είςΗ
663 2485 667 2555 ί
693 2481 1343 2551 715..octonzzd..ogzo1{18w

168 2568 600 2639 τοιςΑΙ9δυσίΑειλὺοΗ110
618 2566 1246 2640 ίσωεεοΑὸεέξωΗΙΙΙίξωιίσωΗιίλ
1263 2577 1344 2642 δῆλος

168 2658 193 2711 Α
212 2657 247 2709 εί.
266 2656 360 2726 Eurip.
380 2657 453 2711 Med.
477 2659 543 2713 1194
557 2677 563 2710 :
576 2664 641 2730 όήλη
653 2658 679 2711 Η
695 2658 700 2728 Ι
718 2658 750 2713 13
768 2667 852 2715 τοῦτο
866 2676 872 2709 :
885 2658 931 2711 hio
950 2658 1056 2711 desinit
1067 2660 1092 2710 A
1107 2657 1111 2727 ί
1130 2659 1162 2713 14
1180 2667 1283 2731 φρονεῖ
1293 2658 1319 2712 Η

167 2743 236 2815 μηδὲ
254 2744 280 2797 Η
294 2763 299 2796 :
313 2761 376 2798 oum
394 2761 473 2798 soror
490 2745 598 2800 videbit
616 2747 733 2799 finirem
751 2743 769 2797 S
785 2747 789 2813 Ι
807 2747 838 2799 11
858 2739 951 2811 odo>
970 2744 988 2797 S

169 2847 314 2912 laudatur,
344 2848 402 2902 dixi
425 2851 454 2903 in
477 2854 547 2904 not-a
569 2851 605 2903 od
623 2850 636 2902 1
654 2848 835 2904 Clem.ivero
854 2866 910 2902 non
923 2850 1037 2917 integro
1049 2851 1160 2901 servato
1172 2851 1223 2910 ost,
1243 2848 1344 2902 desint.

169 2936 211 2997 34,
231 2937 264 2999 8,
293 2937 338 2991 cui
356 2936 493 2990 nonnullo
520 2937 649 2990 addenda
668 2941 740 2990 sunt„
755 2946 757 3013 γ
770 2936 811 2989 Cf.
825 2935 909 2999 Zohn,
931 2937 1085 2990 Gesohichie
1098 2936 1144 2988 des
1162 2940 1272 2989 υοαίωί.
1286 2934 1343 2988 Ko-

169 3024 256 3077 Aotus
277 3023 352 3077 Petri
371 3041 392 3077 c.
413 3025 445 3080 10
464 3024 547 3094 (Aeto
566 3028 655 3093 apost.
676 3041 741 3093 apo·
755 3040 838 3093 ,πονο
856 3022 889 3084 ΙΙ,
908 3021 1278 3089 801—8103Forschun9m
1295 3037 1345 3075 sur

170 3111 276 3179 crypho
289 3110 351 3164 edd.
362 3111 472 3180 Lipsius
486 3116 514 3165 οί
526 3111 636 3165 Bonnet
648 3113 661 3165 Ι
675 3110 740 3166 1891
755 3098 758 3117 ’
773 3109 865 3164 Geseh.
879 3110 925 3163 des
941 3115 1050 3163 νιοαίωί.
1064 3108 1181 3163 Kanons
1194 3107 1233 3161 Vl
1246 3107 1343 3178 (190ολ

169 3214 197 3265 p.
216 3198 262 3257 98,
288 3199 316 3267 1)
348 3199 436 3251 verba
467 3199 604 3265 tanquam
636 3196 915 3252 dictamno-249.

170 3284 284 3338 Domini
301 3286 461 3355 proferunt,
487 3302 591 3354 eosque
616 3284 758 3351 sequitur·
806 3283 864 3345 XII,
886 3285 908 3336 1.
928 3282 969 3336 Cf.
990 3281 1091 3336 Matth.
1111 3283 1153 3339 25.
1174 3282 1221 3344 13;
1249 3283 1345 3336 Ioann.

169 3371 381 3426 Testamentum
400 3372 433 3426 D.
452 3373 484 3426 N.
503 3372 537 3435 Π,
555 3373 589 3427 28
608 3371 651 3425 ed.
670 3370 742 3424 loah-
770 3372 794 3431 9,
813 3371 838 3422 4.

168 3459 245 3512 moni
268 3460 334 3514 1899
351 3477 378 3529 p.
398 3461 444 3524 61,
472 3458 625 3513 sedetiam
649 3458 742 3512 addit:
806 3460 830 3511 2.
849 3455 903 3515 ὑπό
921 3456 1006 3525 τινος]
1026 3472 1062 3508 sc.
1082 3455 1193 3509 Salome
1207 3454 1236 3508 in
1256 3452 1345 3507 Evan-

170 3545 213 3599 uti
232 3546 343 3615 Moyses
369 3546 473 3613 aliique
500 3545 592 3600 saneti
615 3545 743 3599 homines
772 3543 846 3614 gelio
859 3543 1012 3597 secundum
1023 3541 1188 3612 Aegyptios,
1208 3540 1250 3593 uti
1264 3539 1346 3594 disci-

170 3631 308 3687 dixerunt.
345 3633 478 3687 Ascensio
496 3632 617 3695 leonine,
638 3632 667 3684 in
687 3648 744 3698 qua
772 3648 867 3685 muse
895 3630 981 3685 Clem.
1010 3629 1053 3681 Al.
1083 3629 1182 3682 Sirom.
1202 3627 1293 3688 111‚9‚
1313 3626 1346 3680 63

169 3716 358 3787 Hieronymus
375 3719 462 3773 verba
479 3719 562 3788 legit,
591 3736 625 3773 ea
642 3718 744 3771 sanem
757 3698 759 3787 !
772 3738 799 3789 p.
817 3719 882 3780 sss
910 3717 957 3775 ιιι,
979 3718 1018 3776 13,
1039 3715 1080 3769 οι.
1101 3716 1136 3771 93
1153 3733 1180 3784 p.
1201 3715 1269 3773 553,
1298 3713 1347 3768 ubi

170 3804 200 3858 in
217 3806 345 3860 versione
363 3805 454 3858 latina
471 3805 609 3867 eontinet,
634 3822 697 3858 oum
714 3803 744 3856 in
773 3806 922 3860 Cassianus
941 3803 1042 3857 refert:
1067 3801 1281 3872 πυνθανομένης
1300 3813 1349 3871 τῆς

170 3892 298 3945 versione
317 3891 441 3945 eiusdem
461 3892 618 3961 scripturae
636 3891 743 3946 aethio·
773 3891 916 3961 Σαλώμης,
933 3893 1004 3948 πότε
1021 3895 1215 3963 γνωσθήσεται
1233 3889 1268 3946 τὰ
1284 3893 1349 3961 περὶ

170 3978 236 4046 pico
254 3977 300 4043 (of.
320 3977 453 4030 Ascensio
471 3977 561 4032 Isaiae
586 3977 744 4047 aethiopico
772 3972 812 4034 ὧν
831 3979 920 4050 ἤρετο,
940 3973 992 4048 ἔφη
1011 3976 1146 4049 ὁαύριος·
1167 3973 1236 4032 ίίταν
1254 3977 1350 4048 τὸτῆς

171 4067 200 4118 et
217 4064 642 4119 latineod.A.Dillmann1877
660 4082 686 4132 p.
701 4063 743 4116 59.
771 4065 899 4135 αἰσχύνης
920 4061 1022 4134 ἔνδυμα
1049 4069 1189 4136 ποιήσητε
1215 4061 1350 4121 scaldem·

171 4149 216 4218 82)
235 4153 264 4204 et
282 4151 311 4203 in
329 4150 456 4204 versione
466 4151 652 4220 Apocalypsis
665 4149 744 4204 Elioe
772 4150 881 4222 γίνηται
900 4151 934 4206 τὰ
952 4152 1000 4208 δύο
1018 4149 1048 4208 ἓν
1062 4155 1108 4207 καί
1126 4152 1159 4207 τὸ
1177 4147 1265 4224 ἄρρεν
1275 4149 1349 4219 μετὰ

172 4236 283 4305 coptiea
306 4237 360 4306 (ed
381 4237 536 4291 Steindorff
553 4237 646 4306 1899),
672 4252 744 4303 quoe
773 4249 820 4306 τῆς
832 4240 945 4307 θηλείας
963 4234 1027 4295 odes
1038 4234 1124 4311 ίίρρεν
1143 4233 1207 4295 οὔτε
1221 4242 1301 4306 θῆλυ.
1315 4265 1350 4276 ·-
