2834 5018
193 330 255 395 108
659 324 672 378 1
691 324 895 380 caucasus

192 505 245 566 καί
269 503 379 567 ἀνόσια
402 507 574 583 παθοῦσαι,
597 503 647 566 ἐπί
670 505 723 566 τόν
745 513 800 587 τής
823 502 956 578 πίστεως
980 501 1103 588 βέβαιον
1120 503 1233 585 δρόμον
1257 501 1369 584 κατήν-

193 629 290 693 τησαν
312 609 366 671 καί
382 607 496 694 ἔλαβον
519 607 613 693 γέρας
627 616 770 692 γενναῖον
793 607 825 671 αί
841 609 986 683 ἀσθενεῖς
1002 616 1045 691 τῷ
1063 607 1193 691 σώματι.
1223 610 1253 673 3.
1278 605 1370 691 ζήλος

193 711 446 797 ἀπηλλατρίωσεν
470 715 609 797 γαμετὰς
632 712 753 794 ἀνδρῶν
777 714 830 775 καί
853 711 1026 795 ἠλλοίωσεν
1050 714 1085 775 τό
1107 714 1205 797 ῥηθὲν
1229 713 1292 775 ὑπό
1315 720 1369 774 τοῦ

192 817 308 899 πατρός
335 816 423 900 ήμῶν
447 816 565 900 Ἀδάμ·
604 816 711 882 Τοῦτο
741 824 807 882 νῦν
836 819 961 882 ὀστοῦν
989 819 1026 882 έκ
1049 823 1120 882 τῶν
1150 819 1282 882 ὀστέων
1304 838 1370 897 μου

167 922 249 984 nnat
272 919 358 1006 σὰρξ
380 921 418 985 έκ
440 927 500 1005 τῆς
524 923 648 1007 σαρκός
663 943 739 1002 μου.
785 925 816 987 4.
840 920 933 1004 ζῆλος
955 922 1008 984 καί
1026 922 1088 1003 ἐρις
1109 921 1215 997 πόλεις
1231 920 1370 1005 μεγάλας

192 1023 402 1107 κατέστρεψεν
424 1026 477 1087 καί
500 1025 580 1108 ἐθνη
603 1023 726 1108 μεγάλα
749 1023 940 1107 ἐξερίζωσεν.

278 1131 350 1195 VII.
376 1127 494 1208 Ταῦτα,
518 1129 683 1213 ἀγαπητοί,
707 1131 742 1192 οὐ
766 1129 860 1212 μόνον
883 1130 962 1213 ὑμᾶς
984 1133 1206 1205 νουθετοῦντες
1230 1128 1369 1193 ἐπιστέλ·

193 1231 298 1315 λομεν,
322 1231 405 1296 ἀλλὰ
427 1235 481 1296 καί
505 1232 633 1309 ἑαυτοὺς
648 1233 949 1317 ὑπομιμνήσκοντες·
974 1233 1006 1297 ἐν
1030 1237 1090 1317 γὰρ
1107 1242 1150 1317 τῷ
1175 1236 1260 1317 αὐτῷ
1278 1233 1369 1316 ἐσμέν

193 1337 363 1420 σκάμματι,
386 1339 440 1400 καί
463 1337 481 1400 ό
504 1339 596 1414 αὐτός
624 1337 697 1422 ήμῖν
719 1340 805 1422 ἀγὼν
835 1338 996 1403 ἐπίκειται.
1043 1340 1072 1403 2.
1096 1339 1144 1401 διό
1168 1338 1369 1420 ἀπολίπωμεν

155 1460 179 1497 1⁰
193 1443 248 1516 τάς
270 1444 364 1518 κενάς
385 1443 439 1505 καί
473 1442 606 1525 ματαίας
630 1443 811 1526 φροντίδας,
841 1445 895 1506 καί
918 1443 1064 1526 ἔλθωμεν
1094 1443 1144 1506 ἐπί
1172 1445 1225 1506 τόν
1257 1441 1370 1525 εὐκλεῆ

192 1548 246 1609 καί
269 1548 382 1629 σεμνόν
404 1557 458 1631 της
473 1548 676 1629 παραδόσεως
697 1547 786 1630 ἡμῶν
801 1547 929 1626 κανόνα,
960 1550 990 1612 3.
1014 1550 1067 1611 καί
1082 1549 1206 1631 ἴδωμεν,
1228 1548 1257 1611 τί
1272 1546 1369 1610 καλόν

192 1653 245 1714 καί
269 1650 297 1713 τί
320 1652 449 1732 τερπνόν
470 1652 524 1713 καί
547 1650 576 1713 τί
606 1650 797 1733 προσδεκτόν
831 1649 961 1715 ἐνώπιον
993 1660 1048 1713 τοῦ
1070 1651 1256 1734 ποιήσαντος
1279 1650 1369 1734 ἡμᾶς.

192 1758 223 1820 4.
248 1755 437 1838 ἀτενίσωμεν
460 1755 503 1831 εἰς
525 1757 561 1818 τό
584 1753 661 1838 αίμα
683 1765 739 1818 τοῦ
762 1753 899 1837 Χριστοῦ
922 1757 976 1818 καί
1000 1765 1132 1840 γνῶμεν,
1157 1754 1199 1830 ὡς
1222 1756 1306 1818 ἔστιν
1328 1755 1370 1817 τί·

193 1881 262 1943 μιον
274 1868 317 1944 τῷ
332 1863 399 1943 θεῷ
411 1861 465 1923 καί
479 1861 571 1942 πατρί
584 1862 690 1940 αὐτοῦ,
702 1862 749 1923 ότι
761 1860 812 1923 διὰ
832 1864 887 1944 τήν
900 1860 1052 1945 ἡμετέραν
1065 1862 1219 1946 σωτηρίαν
1232 1861 1369 1943 ἐκχυθὲν

155 1983 180 2021 τι
193 1967 285 2028 παντί
314 1972 358 2047 τῷ
382 1964 491 2048 κόσμῳ
524 1964 688 2048 μετανοίας
718 1965 808 2047 χάριν
840 1964 1022 2048 ὑπήνεγκεν.
1070 1970 1099 2032 5.
1123 1965 1300 2048 διέλθωμεν
1329 1965 1370 2040 είς

193 2070 248 2144 τάς
271 2071 380 2153 γενεάς
403 2069 506 2144 πάσας
528 2071 582 2132 καί
605 2070 854 2152 καταμάθωμεν,
878 2071 924 2132 ότι
948 2068 980 2132 ἐν
1003 2080 1096 2154 γενεᾷ
1118 2073 1171 2133 καί
1195 2080 1289 2155 γενεᾷ
1311 2094 1369 2152 με·

193 2177 331 2254 τανοίας
355 2175 464 2238 τόπον
486 2173 614 2239 ἔδωκεν
636 2174 654 2237 ό
676 2174 828 2258 δεσπότης
844 2183 907 2248 τοῖς
931 2172 1129 2258 βουλομένοις
1145 2175 1370 2256 ἐπιστραφῆναι

194 2277 244 2340 ἐπ’
268 2279 372 2342 αὐτόν.
419 2282 448 2344 6.
472 2277 546 2342 Nae
561 2277 708 2361 ἐκήρυξεν
724 2279 899 2362 μετάνοιαν,
923 2279 975 2339 καί
991 2278 1020 2340 οί
1043 2278 1278 2353 ὑπακούσαντες
1294 2276 1371 2340 ἐσιό-

195 2385 310 2467 θησαν.
358 2387 385 2448 7.
411 2381 519 2458 Ἰωνᾶς
542 2381 715 2458 Νινευίταις
738 2383 958 2464 καταστρορὴν
981 2381 1141 2464 ἐκήρυξεν·
1166 2383 1195 2444 ci
1217 2383 1251 2445 δὲ
1275 2403 1370 2465 μετα-

155 2503 181 2541 20
195 2486 361 2570 νοήσαντες
385 2487 434 2550 ἐπί
457 2496 521 2563 τοῖς
551 2487 767 2571 ἁμαρτήμασιν
791 2488 894 2550 αὐτῶν
926 2484 1108 2563 ἐξιλάσαντο
1132 2489 1184 2550 τόν
1210 2488 1287 2553 θεόν
1312 2487 1371 2548 ίκε-

195 2591 358 2667 τεόσαντες
380 2595 433 2655 καί
458 2591 570 2678 ἔλαβον
595 2591 759 2676 σωτηρίαν,
782 2591 895 2674 καίπερ
919 2590 1075 2674 ἀλλότριοι
1091 2601 1146 2654 τοῦ
1169 2594 1248 2656 θεοῦ
1273 2593 1368 2665 ὄντες.

281 2698 368 2762 VIII.
392 2694 432 2760 Οί
454 2696 625 2780 λειτουργοί
641 2707 695 2780 τῆς
710 2696 836 2779 χάριτος
851 2707 906 2760 τοῦ
929 2700 1007 2763 θεοῦ
1023 2696 1075 2759 διὰ
1090 2696 1264 2778 πνεύματος
1281 2695 1370 2779 ἁγίου

194 2802 262 2884 περί
285 2800 448 2884 μετανοίας
472 2799 641 2884 ἐλάλησαν,
666 2804 695 2866 2.
720 2802 773 2863 καί
797 2802 890 2876 αὐτός
912 2801 946 2864 δέ
970 2801 987 2863 ό
1010 2800 1163 2884 δεσπότης
1187 2809 1249 2863 τῶν
1274 2800 1370 2862 ἁπάν-

194 2926 255 2968 των
279 2907 347 2987 περί
378 2904 541 2988 μετανοίας
571 2904 724 2989 ἐλάλησεν
756 2909 834 2988 μετὰ
858 2909 969 2990 όρκου·
1008 2907 1065 2970 Ζῶ
1089 2907 1152 2991 γὰρ
1176 2907 1260 2988 ἐγώ,
1283 2905 1370 2987 λέγει

264 3044 281 3097 4
300 3042 407 3100 ὀστέων
424 3045 449 3097 Α
462 3062 468 3094 :
481 3043 574 3100 ὀστῶν
593 3042 619 3095 Η
640 3044 644 3114 Ι
666 3044 683 3097 6
702 3042 892 3117 κατέστρεψεν
910 3044 954 3098 AS
967 3063 974 3097 ι
987 3042 1146 3116 κατέσκαψε
1164 3043 1199 3101 Η.
1218 3042 1307 3097 diruit
1325 3042 1346 3094 L
1365 3043 1369 3110 ί

194 3127 355 3202 έξερρίζωσε
373 3129 399 3182 Η
416 3130 420 3200 ί
435 3130 452 3183 8
469 3137 696 3201 ἵπομνησκοντες
714 3133 739 3185 Α
761 3131 765 3200 Ι
787 3129 817 3188 έν
836 3131 889 3204 γάρ
903 3150 909 3183 :
924 3135 970 3187 καί
988 3132 1042 3204 γάρ
1061 3129 1091 3188 έν
1109 3131 1135 3184 Η
1157 3129 1290 3203 Ιθάγὼν
1308 3133 1371 3200 ἡμῖν

195 3216 221 3269 Η
237 3219 241 3286 Ι
256 3223 454 3285 απολειπωμεν
471 3219 495 3271 Α
511 3220 515 3286 Ι
534 3220 565 3272 14
583 3238 622 3273 τω
640 3222 688 3274 θῶ
707 3218 761 3288 [και
780 3219 875 3290 πατρ]ι
893 3238 980 3274 αυτσν
993 3220 1025 3282 Α,
1045 3227 1084 3292 τῷ
1102 3237 1131 3274 π.
1150 3217 1236 3275 αὐτοῦ
1255 3226 1295 3292 τῷ
1314 3223 1370 3290 θεῷ

195 3303 221 3355 Η
234 3321 241 3356 ι
254 3312 293 3379 τῷ
310 3308 395 3376 πατρί
412 3303 498 3360 αὐτοῦ
517 3304 578 3372 Ιιθί
605 3307 636 3359 15
654 3303 807 3376 ὑπήνεγκεν
825 3305 869 3358 As
883 3325 889 3359 :
902 3304 1035 3378 ἐπήνεγκε
1054 3305 1102 3358 HL
1119 3307 1122 3376 Ι
1140 3305 1221 3373 είς>
1240 3305 1266 3358 H
1283 3306 1286 3375 ί
1306 3307 1336 3359 17
1355 3302 1370 3359 ό

195 3392 329 3462 δεσπότης
347 3391 557 3446 AH:0mnibus
576 3392 751 3461 1198120
770 3410 810 3460 sq.
830 3391 1000 3460 ίκετεύοντες
1020 3392 1116 3463 Η124
1134 3392 1308 3465 γὰρΑθι)
1325 3390 1371 3443 HL

194 3495 296 3550 Euseb.
326 3496 359 3549 Η.
379 3495 408 3549 Ε.
429 3495 461 3558 V,
483 3499 509 3558 1,
528 3499 589 3568 23),
617 3498 663 3550 vel
693 3499 770 3550 ante·
799 3498 929 3552 euntibus
958 3497 1056 3551 addita
1080 3513 1141 3551 essa
1170 3496 1296 3550 ludibria
1325 3495 1369 3565 (cf.

195 3601 279 3650 quam
297 3585 472 3647 necarentur,
493 3585 528 3637 ad
542 3584 655 3637 crudele
678 3584 770 3653 plcbis
798 3584 908 3639 Sueton.
936 3583 1009 3639 Nero
1039 3586 1121 3639 all.
1143 3585 1186 3652 12)
1219 3587 1247 3637 et
1275 3584 1370 3637 forsan

195 3672 386 3738 spectaculum
411 3670 603 3724 Danaidarum
630 3672 770 3740 supplicia
796 3671 894 3725 Petms
919 3671 997 3725 Alex.
1017 3673 1059 3726 Dc
1082 3671 1188 3741 pacnit.
1209 3686 1232 3723 c.
1254 3673 1284 3725 11
1311 3670 1370 3738 (La-

196 3757 322 3812 subirent
341 3757 509 3825 Tartarique
533 3775 640 3828 poenas
658 3775 769 3829 reprae-
797 3760 897 3830 garde,
920 3760 1011 3826 Reliq.
1031 3760 1081 3813 iur.
1102 3758 1198 3813 eccles.
1220 3775 1261 3827 gr.
1281 3776 1308 3827 p.
1328 3757 1371 3824 70)

196 3848 347 3909 sentarent
367 3849 396 3899 et
408 3845 547 3898 eiusmodi
559 3850 697 3914 martyres
709 3849 769 3899 tum
797 3847 907 3901 dicens:
931 3846 1102 3917 μεμνημένοι
1119 3848 1214 3902 τοίνυν
1232 3854 1290 3902 τῶν
1308 3849 1371 3901 πολ

196 3930 358 3985 afichibus
383 3935 441 3985 tum
471 3949 488 3985 a
511 3933 632 4001 paganis
655 3935 769 3988 nominc
781 3946 784 3965 ¹
796 3939 853 3988 λῶν
871 3935 964 3989 αὐτῶν
986 3933 1120 4003 καμάτων
1138 3924 1179 3988 ὧν
1200 3936 1371 4004 προϋπὴνεγ·

195 4015 387 4072 Danaidarum
395 4022 423 4073 et
432 4019 530 4073 Dirces
540 4018 691 4089 insignitas
699 4036 767 4074 csse.
795 4042 849 4077 καν
862 4018 892 4077 έν
909 4020 1027 4090 ὀνόματι
1040 4024 1165 4092 Χριστοῦ
1176 4024 1222 4076 καί
1242 4027 1299 4076 τῶν
1311 4038 1371 4075 ταν-

196 4102 312 4158 Talibus
322 4105 368 4159 vel
377 4105 515 4160 similibus
527 4106 676 4161 tormentis
692 4107 769 4160 Chri·
796 4113 938 4177 ταλισμιῖιν
971 4109 1158 4177 ίταναλισμῶν
1188 4106 1295 4174 Routh)
1320 4109 1370 4159 cta.

196 4189 302 4244 stianos
331 4210 348 4246 a
374 4193 485 4247 Nerone
512 4193 651 4249 cruciatos
682 4195 770 4248 fuisse
797 4194 937 4262 Imagines
957 4194 1094 4248 eiusmodi
1108 4194 1248 4248 cruciatus
1262 4207 1368 4262 reprac·

195 4280 318 4332 testatur
337 4278 423 4333 ctiam
435 4279 551 4333 Tacitus
564 4297 689 4345 narrans,
708 4297 769 4349 per·
798 4285 941 4335 scut-antes
959 4281 1138 4350 reperiuntur
1150 4281 1179 4334 in
1194 4282 1263 4336 Rcal
1275 4281 1370 4334 Museo
