2834 5018
167 253 230 317 626
603 237 757 295 HERMAE
775 237 919 293 PASTOR

168 428 196 493 οί
218 426 393 506 πάσχοντες
420 419 526 482 ἕνεκεν
548 425 603 480 τοῦ
635 414 786 498 ὀνόματος
809 413 983 501 δοξ[οίζειν]
1017 414 1178 497 ὀφείλετε
1212 417 1270 480 τόν
1293 415 1367 494 θεόν,

168 536 214 597 ὅτι
238 527 340 606 ἀξίους
368 526 448 608 ὑμᾶς
469 521 609 607 ἡγήσατο
633 521 650 584 ό
673 520 766 601 θεός,
797 523 849 585 ίνα
871 531 963 586 τούτο
988 523 1026 584 τό
1051 523 1164 606 όνομιι
1200 521 1368 607 βαστέζητε

168 636 222 698 καί
252 641 350 695 πᾶσαι
381 628 467 710 ὑμῶν
499 626 531 688 αί
561 624 706 708 ἁμαρτίαι
739 624 884 690 ίαθύσιν.
930 629 960 690 6.
986 625 1131 711 [οὐκοῦν
1168 627 1368 713 μακα]ρ.ζετε

169 737 311 812 ἑαυτούς·
344 732 427 797 ἀλλὰ
449 732 569 793 δοκεῖτε
591 729 682 812 έργον
705 726 786 812 μέγα
808 726 1024 812 πεποιηκέναι,
1050 729 1115 792 ἐοίν
1140 751 1192 805 τις
1218 730 1307 814 ύμιῖιν
1326 730 1366 792 διὰ

144 845 222 907 ιτδν
246 842 323 909 θεόν
345 838 447 921 πάθη.
492 836 576 918 ζωὴν
598 834 669 916 ὑμῖν
694 833 710 896 ό
732 832 837 915 κύριος
859 832 1042 915 χαρίζεται,
1068 835 1132 896 καί
1158 836 1201 897 σύ
1226 834 1366 921 νοειῙτεβ

171 948 203 1011 αἱ
224 949 285 1030 γὰρ
307 942 452 1028 ἁμαρτίαι
475 940 561 1023 ὑμῶν
583 936 819 1022 κατεβάρησαν,
849 939 902 999 καί
926 937 953 1000 εί
974 939 1020 1020 μὴ
1044 939 1252 1006 πεπόνθατε
1276 940 1367 1003 ἕνεκεν

170 1062 225 1116 τοῦ
249 1050 398 1133 όνόματος
420 1044 546 1127 κυρίου,
570 1043 621 1106 διὰ
644 1044 699 1117 τὰς
722 1041 872 1125 ἁμαρτίας
895 1042 982 1125 ὑμῶν
1005 1041 1213 1126 τεθνήκειτε
1240 1042 1366 1132 [maja

172 1161 248 1239 θεῷ.
296 1156 325 1219 7.
348 1161 446 1214 ταῦτα
468 1148 538 1231 ὑμῖν
561 1144 644 1230 λέγω
667 1155 731 1221 τοῖς
754 1146 930 1224 διστάζουσι
959 1148 1031 1228 περὶ
1055 1147 1238 1232 ἀρνήσεως
1260 1150 1282 1232 ἡ
1304 1150 1367 1231 ὁμο

171 1261 349 1345 λογίγσεως·
373 1254 563 1340 ὁμολογεῖτε,
580 1255 626 1315 ότι
641 1252 747 1334 κύριον
770 1252 869 1334 έχετε,
885 1250 1006 1335 μήποτε
1022 1251 1230 1336 ἀρνούμενοι
1247 1254 1368 1341 [πα]ρτ-

133 1381 157 1417 1⁰
171 1360 390 1450 δοθ[ἡσησθε]
413 1360 456 1433 είς
478 1356 696 1441 δεσμωτήριον.
743 1359 773 1422 8.
797 1357 824 1420 εί
846 1358 885 1419 τὰ
907 1356 985 1440 ἔθνη
1010 1358 1089 1432 τοὺς
1106 1357 1254 1434 δούλους
1277 1361 1368 1423 αὐτῶν

170 1469 368 1547 κολάζουσιν,
391 1465 446 1528 έοίν
469 1484 514 1538 τις
537 1461 707 1545 ἀρνήσηται
729 1463 781 1524 τόν
804 1460 909 1543 κύριον
932 1460 1069 1540 ἑαυτοῦ,
1097 1461 1131 1524 τί
1155 1463 1288 1527 δοκεῖτε
1309 1485 1367 1526 ποι·

170 1573 239 1656 ἠσει
263 1572 280 1635 ό
301 1571 406 1653 κύριος
436 1568 523 1650 ύμῖν,
557 1568 589 1642 ὃς
614 1565 707 1653 [ἔχει]
737 1566 862 1629 πάντων
891 1568 946 1647 την
979 1563 1158 1648 ἐξουσίαν,
1194 1570 1297 1651 ἄρατε
1323 1570 1369 1642 τὰς

172 1675 286 1763 βουλὰς
319 1675 433 1749 ταύτας
455 1673 519 1736 ἀπό
550 1680 613 1735 τῶν
646 1671 781 1753 καρδιῶν
815 1671 919 1753 ὑμῶν,
952 1671 1006 1732 ίνα
1040 1669 1231 1748 διαπαντός
1266 1672 1369 1756 ζήσητε

172 1790 215 1866 τῷ
239 1783 317 1864 θεῷ.

134 1901 159 1939 ¹⁶
259 1883 323 1952 29.
347 1883 406 1946 Ἐκ
427 1883 461 1946 δὲ
483 1891 537 1946 τοῦ
567 1883 656 1963 όρους
678 1888 733 1943 τοῦ
756 1877 933 1943 δωδεκάτου
956 1886 1013 1939 τοῦ
1042 1877 1174 1944 λευκοῦ
1200 1883 1233 1946 οί
1258 1883 1368 1946 πιστεύ

173 2012 281 2066 σαντες
304 1987 436 2052 τοιοῦτοί
466 1987 555 2050 εἰσιν·
588 1985 630 2060 ὡς
653 1983 747 2068 νήπια
776 1983 873 2070 βρέφη
896 1982 992 2060 εἰσίν,
1028 1980 1077 2058 οίς
1105 1986 1252 2071 οὐδεμία
1283 1987 1368 2050 κακία

173 2095 330 2181 ἀναβαίνει
354 2093 403 2156 ἐπὶ
425 2095 480 2175 τὴν
503 2089 633 2172 καρδίαν
657 2089 729 2153 οὐδὲ
753 2087 940 2175 [ἔγνω]σαν,
964 2086 993 2149 τί
1016 2085 1086 2151 ἐστι
1113 2092 1273 2177 πονηρία,
1297 2091 1367 2156 ἀλλὰ

172 2201 305 2263 πάντοτε
335 2198 367 2262 ἑν
396 2195 554 2280 νηπιότητι
581 2192 744 2275 διέμειναν.
790 2197 820 2259 2.
852 2191 881 2256 οί
909 2198 1045 2254 τοιοῦτοι
1079 2189 1144 2258 οὖν
1177 2195 1367 2268 ἀδιστοὶκτυς

172 2302 411 2386 κατοικήσουσιν
434 2300 466 2363 ἐν
489 2307 527 2381 τῇ
550 2295 693 2381 βασιλείᾳ
715 2306 769 2359 τοῦ
792 2295 906 2381 θε[οῠ,
929 2295 991 2378 ότι]
1017 2295 1051 2358 έν
1076 2298 1192 2362 ούδενί
1218 2301 1366 2384 πράγμκκ

135 2423 160 2460 2⁰
174 2407 301 2489 ἐμίαναν
324 2407 379 2480 τὰς
408 2403 535 2479 ἐντολὰς
558 2412 613 2466 τοῦ
642 2405 735 2482 θεοῦ,
770 2400 853 2464 ἀλλὰ
881 2402 958 2484 μετὰ
988 2400 1190 2486 νηπιότητος
1222 2405 1366 2489 διέμενεν

173 2510 275 2584 παίσας
298 2509 353 2583 τὰς
374 2505 490 2590 ἡμέρας
512 2517 567 2591 της
589 2506 671 2589 ζωῆς
687 2507 789 2568 αὐτῶν
813 2503 845 2568 ἐν
868 2513 906 2587 τῇ
928 2504 1008 2586 αὐτῇ
1030 2505 1204 2590 φρονήσει.
1256 2514 1288 2577 3.
1310 2512 1365 2572 όσκ

173 2612 227 2678 ούν
249 2614 429 2695 διαμενεῖτε,
453 2610 538 2694 φησί,
561 2612 615 2674 καί
629 2611 745 2676 ἔσεσθε
768 2609 809 2685 ὡς
832 2611 871 2672 τὰ
886 2607 995 2694 βρέφη,
1018 2608 1146 2673 κακίαν
1168 2615 1216 2696 μὴ
1241 2614 1366 2697 ἔχοντες

173 2718 297 2782 πάντων
328 2725 390 2780 τῶν
419 2713 646 2799 προειρημένων
679 2713 866 2796 ἐνδοξότεροι
898 2710 1067 2798 έ[σε]σθε·
1106 2716 1223 2780 πάντα
1255 2720 1316 2802 γὰρ
1335 2717 1366 2778 τὰ

174 2823 271 2909 βρέφη
294 2819 404 2898 ἔνδοξοί
435 2819 499 2883 ἐστι
523 2820 608 2901 παρὰ
637 2826 680 2902 τῷ
704 2821 772 2901 θεῷ
796 2819 850 2880 καί
879 2824 987 2899 πρῶτα
1017 2815 1094 2898 παρ’
1119 2821 1227 2906 αύτῷ.
1276 2821 1366 2906 μιαί·

135 2946 159 2983 υ
174 2949 231 3010 ριοι
255 2924 308 2989 οὖν
332 2926 426 3008 ὑμεῖς,
443 2926 509 2987 όσοι
533 2925 571 2986 ἂν
588 2924 681 3007 ἄρητε
703 2922 759 3005 ἀφ’
775 2921 893 2985 ἑαυτῶν
916 2921 970 3002 τἠν
992 2921 1168 3004 πονηρίαν,
1193 2923 1367 3010 ἐνδύσησθε

172 3032 206 3094 δέ
229 3033 283 3113 τἠν
307 3028 459 3092 ἀκακίαν·
491 3037 607 3109 πρῶτοι
636 3027 761 3090 πάντων
791 3025 929 3108 ζήσεσθε
961 3032 1005 3108 τῷ
1038 3027 1124 3110 θεῷ.
1176 3035 1210 3096 4,
1238 3033 1320 3114 μετὰ
1338 3031 1367 3091 τό

173 3133 353 3198 συντελέσαι
376 3134 469 3195 αὐτόν
499 3133 554 3206 τὰς
576 3130 758 3216 παραβολὰς
790 3140 851 3194 τῶν
875 3126 970 3210 ὁρέων
994 3126 1080 3212 λέγω
1115 3133 1231 3216 αύτῷ·
1270 3133 1367 3217 Κύρε,

173 3248 226 3302 νῦν
250 3259 300 3322 μοι
324 3235 466 3321 δήλωσον
489 3237 557 3317 περί
581 3246 642 3300 τῶν
665 3234 767 3301 λίθων
789 3244 851 3298 τῶν
868 3231 1009 3315 ἠρμένων
1032 3232 1072 3297 έκ
1095 3245 1160 3300 τοῦ
1184 3239 1302 3302 πεδίου
1322 3238 1366 3300 ια’

173 3343 215 3418 είς
237 3346 292 3426 την
315 3342 480 3425 οἰκοδομὴν
510 3339 699 3422 τεθειμένων
722 3340 789 3402 ἀντί
819 3349 881 3402 τῶν
904 3336 1005 3403 λίθων
1034 3345 1100 3400 τῶν
1126 3339 1284 3423 ἠρμένων
1307 3339 1367 3429 [ἐκ]

134 3464 160 3500 ³⁰
173 3458 228 3511 τοῦ
250 3448 378 3530 πύργου,
401 3447 454 3508 καί
477 3454 540 3508 τῶν
556 3442 754 3528 στρογγύλων
777 3455 838 3509 τῶν
854 3441 1010 3509 τεθέντων
1034 3442 1080 3518 εἰς
1103 3446 1168 3528 τὴν
1191 3446 1366 3532 οἰκοδομήν,

173 3553 226 3614 καί
249 3559 310 3614 τῶν
334 3551 377 3612 έτι
401 3549 600 3633 στρογγύλων
624 3552 732 3612 όντων.

261 3652 324 3721 30.
348 3652 477 3732 Ἀκουε,
501 3653 591 3737 φησί,
613 3654 667 3715 καί
690 3653 758 3733 περί
782 3650 899 3714 τούτων
922 3649 1060 3714 πάντων.
1108 3651 1142 3715 οί
1168 3654 1264 3723 λίθοι
1287 3657 1315 3720 οί
1335 3655 1366 3718 ἐκ

243 3809 260 3862 2
279 3816 363 3865 τοῦτο
376 3807 410 3860 L²
423 3825 429 3859 ι
443 3807 544 3863 τούτου
557 3806 588 3870 G,
603 3806 662 3860 eius
675 3805 735 3858 L¹A
751 3809 756 3873 1
770 3806 815 3870 415
831 3804 875 3861 διὰ
888 3805 937 3861 τὸν
950 3804 1100 3871 θεόν>Ιι
1118 3808 1123 3876 1
1143 3809 1162 3864 6
1175 3814 1365 3888 κατεβάρησα

175 3896 246 3964 G(A)
258 3915 264 3947 ι
277 3912 327 3949 voa
346 3893 504 3963 gravabant
521 3895 723 3962 (gravaverunt
741 3890 840 3961 11²)L!
868 3890 900 3946 12
917 3888 982 3961 ὑμῖν
1001 3891 1048 3947 la
1063 3912 1070 3944 :
1084 3894 1173 3964 ἡμῶν
1194 3898 1219 3954 G
1237 3902 1242 3970 Ι
1261 3900 1295 3954 19
1310 3917 1364 3956 m.

175 3986 331 4050 οικήσουσιν
349 3981 380 4033 L¹
396 4000 401 4033 ι
415 3989 522 4036 -κοῦσιν
541 3979 606 4043 GL’,
620 3983 654 4046 >
665 3981 690 4032 A
705 3979 710 4049 Ι
726 3979 760 4034 23
779 3979 892 4035 πάντων
910 3977 957 4032 LA
970 3998 977 4031 :
990 3983 1036 4036 καί
1055 3999 1086 4035 τι.
1108 3982 1135 4038 G

209 4102 232 4152 5.
252 4103 421 4172 πάσχοντες.
435 4103 585 4173 .δοξοἰζειν]
599 4102 744 4171 Cf.Polya
759 4108 761 4123 '
775 4120 797 4158 c.
816 4102 857 4164 ⁶23,
877 4104 908 4163 5;
927 4099 987 4158 Vis.
1007 4100 1027 4165 1,
1052 4105 1076 4166 1,
1096 4104 1131 4167 9;
1154 4106 1182 4171 3,
1208 4113 1231 4166 l.

175 4184 244 4240 Phil.
262 4186 286 4250 8,
306 4189 329 4241 2.
357 4217 391 4228 -
417 4188 444 4244 αἱ
472 4188 519 4257 ἁμ.
545 4189 674 4260 asma]
703 4191 745 4245 cf.
808 4191 832 4244 6.
860 4187 1063 4261 κατεβάρησαν]
1094 4190 1226 4251 Hermas
1257 4198 1361 4253 verbum
