2834 5018
521 669 591 726 sm.
611 670 645 734 11,
664 669 787 736 e-1v‚
806 670 831 725 a.
1197 675 1260 740 527

81 850 114 911 et
134 869 292 932 pauperes
326 851 452 912 orantes
475 848 516 913 ad
545 847 707 912 dominum
734 868 792 930 pro
815 847 964 912 divitibus
996 854 1114 934 augent
1135 850 1261 916 divitias

81 975 206 1032 eorum,
240 958 271 1018 et
293 953 409 1017 iterum
431 951 544 1015 divites
566 951 758 1034 pauperibus
788 953 965 1017 necessaria
986 955 1186 1040 porrigentes
1208 978 1258 1020 re-

78 1058 171 1143 plent
194 1058 316 1122 animas
332 1078 451 1121 eorum.
499 1055 529 1119 9.
553 1053 650 1119 Fiunt
664 1076 742 1139 ergo
765 1056 860 1121 ambo
876 1063 1038 1124 consortes
1053 1061 1158 1145 operis
1173 1060 1257 1126 iusti.

79 1162 169 1228 Haec
191 1162 291 1247 igitur
313 1162 368 1247 qui
390 1160 480 1239 facit,
503 1182 568 1225 non
583 1159 817 1245 derelinquetur
838 1185 858 1227 a
880 1163 947 1240 deo,
971 1165 1025 1229 sed
1047 1167 1108 1230 erit
1122 1166 1259 1250 scriptus

79 1266 226 1333 inlibris
252 1267 436 1331 viventium.
485 1265 534 1330 10.
559 1264 670 1342 Beati,
707 1266 762 1350 qui
793 1266 914 1332 habent
945 1274 977 1334 et
1007 1269 1215 1354 intellegunt,
1240 1293 1286 1335 as

80 1373 207 1437 domino
230 1394 263 1436 se
286 1370 492 1456 locupletari3
529 1370 583 1452 qui
606 1370 690 1434 enim
712 1370 774 1436 hoc
796 1372 910 1450 sentit,
939 1375 1058 1458 poterit
1079 1374 1175 1440 etiam
1198 1374 1258 1438 ali·

80 1477 156 1562 quid
179 1476 411 1541 administrare.

538 1754 719 1821 Similitudo
742 1755 798 1821 Ill.

168 1895 315 1961 Ostendit
339 1895 419 1960 mihi
438 1894 570 1959 arbores
585 1895 711 1972 multas,
735 1918 817 1980 quae
830 1896 911 1961 folia
931 1918 995 1961 non
1009 1897 1181 1974 habebant,
1205 1898 1261 1961 sed

78 2000 167 2066 velut
196 2000 301 2064 aridae
328 2021 397 2064 esse
424 1998 503 2063 mihi
528 1999 732 2076 videbantrrr3
767 2022 875 2065 omnes
897 2001 981 2064 enim
1011 2002 1130 2066 similes
1159 2006 1299 2067 erantne

77 2107 123 2172 Et
145 2105 221 2170 dicit
242 2105 337 2169 mihi:
373 2103 516 2168 Videsne
538 2104 597 2169 has
620 2105 774 2169 arbores?
806 2104 922 2182 Vide0,
950 2106 1097 2190 inquam,
1121 2107 1257 2183 domine,

78 2209 198 2274 similes
221 2231 273 2274 eas
296 2229 365 2274 esse
388 2212 420 2272 et
444 2207 557 2272 aridas.
603 2206 808 2291 Respondeas
832 2208 877 2272 ait
899 2208 994 2272 mihi:
1027 2207 1097 2273 Hae
1120 2208 1256 2286 arbores,

79 2336 159 2397 quas
181 2313 277 2389 vides,
300 2312 324 2376 ii
346 2315 439 2388 sunt,
472 2311 527 2395 qui
549 2311 582 2375 in
604 2310 666 2375 hoo
688 2310 815 2376 saeculo
838 2311 966 2397 degrmt.
1013 2314 1043 2377 2.
1068 2312 1172 2389 Quare
1193 2313 1257 2397 igi-

79 2422 140 2495 tur,
164 2417 309 2502 inquam,
343 2416 485 2492 domine,
518 2414 606 2478 velut
629 2415 735 2480 aridae
763 2421 837 2480 sunt
859 2420 892 2481 et
913 2416 1057 2481 similes?
1090 2416 1256 2494 Quoniam,

78 2522 191 2605 inquit,
215 2543 318 2604 neque
339 2520 415 2584 iusti
446 2519 692 2584 manifestantur
712 2541 814 2604 neque
836 2525 1017 2604 peccatores
1048 2522 1081 2585 in
1102 2521 1163 2586 hoc
1185 2543 1255 2587 sae-
1271 2547 1296 2585 n

79 2626 161 2703 culo,
184 2627 238 2690 sed
261 2624 380 2689 similes
403 2629 494 2700 sunt;
517 2623 579 2689 hoc
595 2623 679 2688 euim
701 2623 862 2688 saeculum
881 2625 973 2690 iustis
995 2625 1097 2690 hiems
1119 2629 1176 2703 est,
1200 2647 1257 2690 ne·

80 2751 141 2814 que
163 2727 408 2792 manifestantur
431 2749 503 2792 cum
525 2727 744 2811 peccatoribus
771 2728 963 2795 habitantes.
1009 2731 1039 2794 3.
1064 2728 1154 2795 Sicut
1175 2729 1259 2794 enim

78 2833 183 2896 hieme
206 2833 334 2896 arbores
359 2831 490 2896 abiectis
513 2829 600 2894 foliis
633 2831 751 2896 similes
774 2837 848 2897 sunt
869 2855 971 2917 neque
994 2839 1145 2918 apparet,
1177 2856 1258 2943 qupe

80 2937 187 3001 aridae
209 2937 274 3001 sint
297 2941 352 3000 eut
374 2957 456 3019 quae
478 2934 585 3011 vivae,
609 2935 656 3000 ite
677 2935 711 2999 in
733 2935 794 3001 hoc
815 2937 941 3001 saeculo
963 2960 1026 3003 non
1047 2939 1257 3004 manifestan-

78 3046 132 3105 tur
153 3062 211 3105 nec
232 3040 309 3104 iusti
330 3061 391 3104 nec
414 3043 605 3123 peccatores,
631 3038 686 3103 sed
709 3060 817 3103 omnes
840 3040 957 3105 similes
980 3046 1063 3106 sunt.
1270 3067 1297 3105 ao

539 3213 720 3279 Similitudo
743 3213 799 3279 IV.

167 3355 313 3421 Ostendit
334 3354 413 3418 mihi
435 3354 551 3419 iterum
568 3353 695 3417 arbores
718 3352 844 3430 multas,
869 3377 1002 3439 quarum
1025 3354 1107 3420 aliae
1129 3354 1256 3420 frondes

79 3461 279 3536 emittebant,
314 3458 395 3524 aliae
426 3463 517 3523 erant
539 3458 662 3536 aridae,
687 3462 718 3521 et
742 3458 817 3522 dicit
838 3459 935 3522 mihi:
970 3459 1118 3535 Videsne,
1141 3459 1254 3543 inquit,

78 3565 137 3630 has
160 3565 313 3629 arbores?
345 3563 464 3641 Video,
487 3563 634 3648 inquam,
658 3561 801 3640 domine,
831 3563 910 3627 alias
939 3562 1141 3639 frondentes,
1176 3562 1255 3628 alias

79 3669 192 3733 aridas.
238 3670 267 3732 2.
293 3667 363 3733 Hae
386 3669 533 3745 arbores,
557 3668 675 3752 inquit,
700 3688 781 3750 quae
805 3667 968 3745 frondent,
996 3669 1071 3733 iusti
1094 3672 1175 3744 sunt,
1201 3668 1256 3752 qui
1269 3692 1295 3733 as

78 3774 253 3838 habitaturi
285 3774 416 3838 suntin
448 3772 574 3838 saeculo
605 3777 753 3847 ventur0;
787 3771 946 3837 saeculum
976 3772 1060 3836 enim
1089 3776 1255 3836 venturum

79 3883 182 3942 aestas
198 3883 246 3943 est
268 3878 370 3956 iustis,
387 3875 606 3961 peccatoribus
622 3880 728 3939 autem
743 3876 854 3940 hiems.
901 3873 980 3940 (lum
1002 3876 1101 3959 igitur
1116 3874 1256 3940 illuxerit

78 3982 292 4047 misericordia
314 3980 441 4056 domini,
466 3985 543 4043 tuno
565 3978 726 4042 manifesti
748 3979 826 4044 fient
848 3980 1019 4045 servientes
1041 3979 1109 4056 deo,
1133 3983 1165 4043 et
1186 4000 1255 4043 orn-

77 4108 134 4150 nes
156 4087 317 4152 manifesti
339 4086 436 4160 fient3
460 4085 489 4149 3.
515 4082 597 4148 sicut
620 4082 704 4147 enim
727 4087 846 4147 aestate
868 4084 990 4148 fruetus
1009 4083 1255 4166 uniuscuiusque

113 4291 159 4344 111.
178 4291 256 4345 Haec
269 4290 424 4345 similitudo
438 4306 501 4343 cum
518 4291 656 4356 sequente
682 4291 760 4358 gypt.
779 4287 860 4343 Hom
880 4288 939 4352 XII,
960 4290 999 4351 14,
1018 4287 1065 4344 PG
1084 4288 1126 4350 34,
1145 4288 1204 4342 566.

10 4475 15 4481 ·
78 4375 656 4534 illidii?”fineidfiiddifi
717 4411 741 4463 ²·
761 4411 803 4465 ⁰¹²
822 4410 924 4464 Mb·
945 4412 985 4473 η’
1004 4410 1045 4464 ²⁹·
1066 4409 1107 4463 ³⁰·

78 4552 108 4604 et
117 4551 190 4615 IV,3
208 4550 296 4605 libere
305 4549 505 4619 transscripsit.
530 4547 656 4603 Similem
717 4546 762 4611 IV,
781 4550 806 4605 2.
830 4544 907 4617 ἔλεος
923 4571 947 4607 τ.
965 4549 1003 4619 a]
1030 4550 1090 4604 ie.
1120 4548 1181 4603 dies
1209 4549 1257 4603 ad-

79 4637 249 4691 sentantium
267 4637 433 4708 pronuntiat
449 4635 590 4691 Macarius
602 4636 655 4690 Ae·
681 4638 783 4691 ventus
802 4635 915 4691 Christi.
