2834 5018
181 311 244 375 452
610 305 764 361 πππκιο
781 306 922 362 PASTOR

181 492 219 566 τῇ
242 483 332 564 σαρκί
365 483 467 547 αὐτῶν
490 481 680 545 ἐπισπῶνται
712 485 766 545 καί
789 481 988 565 λυμαίνονται
1018 486 1073 567 τὴν
1097 484 1209 567 σάρκα
1245 486 1371 549 αὐτῶν·

143 643 145 647 ,
181 595 243 649 τῶν
265 587 300 649 δέ
322 589 364 669 μή
388 585 523 669 ἐχὺντιυν
548 586 704 670 ἐδέσματα
720 586 900 669 λυμαίνεται
923 587 943 669 ή
969 587 1046 670 σὰρξ
1062 589 1169 653 αὐτῶν
1194 589 1253 652 διὰ
1277 593 1372 674 τὸμὴ

180 692 263 773 ἐχειν
285 693 321 754 τὸ
345 693 476 774 ἀρκετὸν
505 702 559 776 τής
581 701 712 775 τροφής,
744 693 797 754 καί
821 691 1035 773 διαφθείρεται
1059 694 1096 755 τδ
1119 702 1220 777 σῶμα
1254 697 1370 760 αὐτῶν.

181 800 211 861 4.
237 798 314 880 αὑτη
338 794 392 860 σύν
414 795 434 877 ἡ
457 796 652 878 ἀσυνκρασία
667 795 804 881 βλαβερὰ
827 798 897 880 ὑμῖν
920 807 983 873 τοῖς
998 799 1106 880 έχουσι
1129 802 1187 863 καί
1212 804 1261 884 μὴ
1278 823 1371 884 μετα·

155 900 315 965 τδιδοῠσιν
347 911 410 976 τοῖς
439 900 680 985 ὑστερουμένοις.
727 908 755 969 5.
781 900 910 987 βλέπετε
939 905 995 984 τήν
1018 903 1119 985 κρίσιν
1151 906 1210 986 τὴν
1237 904 1370 989 ἐπερχο-

181 1004 284 1090 μένην.
331 1006 359 1070 οί
383 1006 585 1088 ὑπερέχοντες
608 1004 662 1070 οὑν
678 1006 835 1091 ἐκζητεῖτε
857 1011 929 1082 τοὺς
948 1017 1129 1087 πεινῶντας,
1155 1010 1220 1085 ἕως
1246 1010 1370 1073 ούπωδ

182 1111 298 1194 πύργος
321 1110 493 1195 ἐτελέσθη·
526 1113 603 1194 μετὰ
625 1113 686 1195 γὰρ
708 1114 744 1174 τὸ
766 1111 954 1196 τελεσθῆναι
977 1114 1030 1175 τδν
1061 1111 1183 1196 πύργον
1208 1113 1370 1198 θελήσετε

181 1216 397 1298 ἀγαθοποιεῑν,
420 1217 473 1276 καί
496 1217 556 1297 οὑχ
578 1214 662 1292 ἕξετε
684 1216 789 1280 τόπον.
836 1220 864 1283 6.
890 1215 1020 1301 βλέπετε
1042 1213 1097 1280 οὑν
1121 1217 1214 1299 ὑμεῖς
1240 1219 1273 1282 οἱ
1294 1241 1369 1304 γαυ·

182 1320 324 1402 ρούμενοι
346 1318 379 1381 ἐν
402 1327 446 1401 τῷ
469 1318 594 1403 πλούτῳ
611 1320 707 1403 ὑμῶν,
731 1320 851 1403 μήποτε
874 1319 1072 1397 στενάξουσιν
1096 1320 1125 1384 οί
1141 1321 1367 1407 ὑστερούμενοι

142 1443 166 1480 1⁰
180 1425 233 1486 καί
257 1424 274 1486 ὑ
297 1426 468 1507 στεναγμὸς
491 1425 593 1488 αὑτῶν
616 1424 805 1510 ἀναβήσεται
834 1426 910 1507 πρὸς
933 1426 986 1489 τὸν
1009 1425 1115 1507 κύριον
1139 1428 1196 1489 καί
1223 1427 1367 1492 ἐκκλεισ-

180 1528 326 1611 θήσεσθε
356 1530 433 1611 μετὰ
465 1538 527 1592 τῶν
558 1530 691 1612 ἀγαθῶν
722 1531 807 1613 ὑμῶν
840 1529 900 1606 ἐξω
932 1540 986 1613 τής
1009 1528 1110 1610 θύρας
1142 1540 1202 1593 τοῦ
1237 1533 1365 1617 πύργου.

180 1636 210 1698 7.
235 1642 288 1696 νῦν
312 1630 366 1696 οὑν
389 1633 459 1715 ὑμῖν
482 1631 565 1716 λέγω
588 1641 651 1707 τοῖς
674 1632 917 1717 προηγουμένοις
947 1644 1000 1717 τῆς
1024 1633 1201 1718 ἐκκλησίας
1226 1639 1284 1700 καί
1306 1647 1367 1712 ταῖς

179 1737 501 1819 πρωτοκαθεδρίταις·
525 1739 566 1819 μὴ
589 1737 718 1821 γίνεσθε
734 1740 833 1820 ὅμοιοι
856 1747 920 1811 τοῖς
937 1747 1123 1821 φαρμακοῖς.
1156 1740 1187 1802 οἱ
1204 1743 1366 1825 φαρμακοὶ

179 1843 234 1925 μέν
258 1839 312 1904 οὑν
335 1843 374 1903 τὰ
398 1841 549 1923 φάρμακα
571 1841 691 1904 ἑαυτῶν
714 1842 757 1916 εἰς
779 1844 834 1917 τὰς
864 1842 992 1920 πυξίδας
1016 1841 1251 1927 βαστάζουσιν,
1284 1848 1366 1931 ὑμεῖς

141 1947 214 2009 15δέ
236 1948 271 2009 τὸ
295 1947 460 2029 φάρμακον
483 1945 569 2028 ὑμῶν
591 1947 644 2008 καί
668 1947 720 2008 τδν
744 1947 789 2009 ίδν
813 1947 855 2022 εἰς
877 1950 932 2030 τὴν
951 1947 1092 2029 καρδίαν.
1142 1953 1173 2014 8.
1200 1948 1365 2033 ἐνεσκιρῶ

180 2049 265 2132 μένοι
288 2049 358 2113 ἐστέ
389 2051 442 2112 καί
466 2050 502 2111 οὑ
526 2046 638 2113 θέλετε
667 2050 841 2131 καθαρίσαι
863 2053 918 2126 τὰς
941 2050 1071 2133 καρδίας
1100 2051 1192 2133 ὑμῶν
1217 2056 1276 2117 καί
1299 2077 1365 2118 συν

179 2155 310 2237 κεροίσαι
333 2156 419 2238 ὑμῶν
442 2157 497 2237 τήν
527 2153 674 2237 φρόνησιν
697 2153 746 2215 ἐπί
769 2155 804 2215 τὸ
828 2155 904 2216 αὐτὸ
927 2153 960 2216 ἐν
984 2157 1116 2239 καθαρᾷ
1147 2159 1288 2242 καρδίᾳ,
1318 2161 1365 2222 ἵνα

180 2269 277 2342 σχῆτε
299 2258 386 2334 ἔλεος
409 2260 493 2341 παρὰ
516 2265 576 2322 τοῦ
598 2257 764 2341 βασιλέως
787 2266 847 2322 τοῦ
875 2259 1034 2342 μεγάλου.
1082 2263 1112 2325 9.
1141 2260 1283 2346 βλέπετε
1305 2261 1365 2341 οὑν,

180 2361 285 2441 τέκνα,
308 2363 427 2446 μήποτε
443 2361 534 2426 αὑται
557 2362 588 2424 αί
604 2361 799 2443 διχοστασίαι
816 2363 902 2445 ὑμῶν
920 2363 1192 2447 ἀπσστερήσουσιν
1209 2370 1271 2451 τὴν
1286 2369 1365 2450 ζωὴν

141 2482 166 2519 2⁰
181 2467 276 2548 ὑμῶν.
324 2472 373 2534 10.
397 2478 463 2540 πῶς
492 2467 577 2549 ὑμεῖς
605 2465 761 2529 παιδεύειν
792 2465 905 2531 θέλετε
936 2470 1007 2542 τοὺς
1038 2467 1216 2547 ἐκλεκτοὺς
1250 2472 1365 2555 κυρίου,

180 2571 265 2632 αὑτοὶ
282 2573 323 2652 μή
339 2572 463 2653 ἔχοντες
478 2570 639 2650 παιδείαν,
663 2570 825 2634 παιδεύετε
849 2569 903 2635 οὑν
919 2570 1076 2654 ἀλλήλους
1098 2575 1156 2636 καί
1173 2578 1367 2662 εἰρηνεύετε

179 2674 217 2738 ἐν
239 2678 363 2755 αὐτοῖς,
386 2677 437 2736 ἵνα
458 2675 549 2757 κάγὼ
571 2671 734 2737 κατέναντι
757 2684 811 2737 τοῦ
835 2677 950 2757 πατρὸς
974 2674 1066 2757 ίλαρδι
1091 2672 1261 2744 σταθεῖσα
1276 2681 1366 2764 λόγον

178 2779 286 2842 ἀποδῶ
310 2780 386 2861 ὑπὲρ
409 2780 495 2862 ὑμῶν
518 2779 642 2842 πάντων
664 2786 709 2861 τῷ
731 2779 828 2862 κυρίῳ
852 2781 947 2862 ὑμῶν.

269 2881 330 2949 16.
355 2881 432 2946 Ὅτε
454 2880 508 2946 οὖν
531 2882 689 2946 ἐπαύσατο
705 2883 771 2965 μετ’
795 2884 870 2967 ἐμοῦ
893 2883 1044 2964 λαλοῦσα,
1061 2882 1170 2968 ήλθον
1194 2888 1227 2950 οί
1252 2889 1367 2968 έξνειι·

139 2998 165 3036 2⁵
179 2989 278 3052 νίσκοι
301 2989 330 3052 οί
361 2988 596 3070 οἰκοδομοῦντες
618 2988 671 3049 καί
703 2987 884 3071 ἀπήνεγκαν
914 2990 1009 3071 αὑτὴν
1038 2990 1115 3069 πρὸς
1150 2992 1208 3055 τὸν
1240 2994 1367 3078 πύργον,

178 3095 232 3155 καί
256 3093 346 3156 ἀλλοι
375 3091 524 3173 τέσσαρες
546 3088 623 3174 ήραν
655 3092 690 3153 τὸ
713 3091 883 3174 συμψέλιον
914 3094 967 3155 καί
991 3091 1179 3176 ἀπήνεγκαν
1212 3100 1272 3160 καί
1296 3099 1368 3160 αύτδ

249 3247 601 3318 1αύτῶνμῐ61ιλε>8
617 3247 621 3316 1
637 3245 864 3316 λυμίλιλυμενι
879 3247 896 3301 S
913 3248 916 3316 Ι
933 3248 950 3301 2
967 3245 1136 3316 amos
1155 3252 1194 3321 13
1215 3254 1253 3310 τὸ
1272 3274 1298 3311 σ.
1319 3252 1366 3307 sL¹

179 3336 235 3406 (U)
249 3356 255 3388 ε
268 3336 302 3392 τὰ
320 3335 437 3405 σώματα
456 3335 559 3404 (1114
578 3332 741 3405 ἀσυγκρισία
760 3333 803 3400 G!
820 3334 864 3400 516
883 3333 974 3407 ἐπερχ.
994 3334 1246 3412 SL¹:ss010pbm
1265 3341 1366 3413 (1(Ι,’)ζ

179 3424 194 3476 ’ί
214 3421 347 3494 ἐτελέσθη
366 3422 541 3491 6ιιελεσθη
561 3419 579 3473 S
603 3422 608 3488 1
632 3420 904 3492 Βάγαθοποιεῖσθαι
925 3421 969 3492 61
986 3443 1038 3478 ουκ
1056 3422 1074 3476 S
1097 3423 1101 3492 1
1127 3424 1177 3489 819
1195 3437 1369 3502 γαυριῶπες

180 3509 255 3577 619
274 3510 443 3577 στενάξωσιν
462 3507 553 3574 6111
574 3515 631 3562 τῶν
649 3507 727 3560 SL¹A
739 3526 746 3559 ε
758 3509 793 3575 -1-
805 3507 930 3580 ἀσχέτου
944 3508 976 3571 G,
995 3510 1129 3564 omnibus
1145 3512 1182 3566 L*
1199 3515 1204 3584 1
1225 3518 1263 3571 14
1279 3516 1370 3573 αὐτῶν

180 3594 317 3663 6115116
337 3593 568 3667 έσκιρρημένοι6
594 3594 598 3664 1
625 3595 657 3647 19
674 3592 753 3662 ὑμῶν
771 3595 928 3652 mmmm
948 3596 983 3659 S,
1011 3617 1071 3653 αυτ.
1101 3619 1187 3666 υμῶν
1213 3600 1366 3671 8α>61

179 3680 357 3752 ἀποστήσωσι
376 3682 470 3752 6122
488 3679 597 3748 ἑαυτοῖς
615 3680 709 3750 6123
727 3679 805 3750 ὑμῶν
825 3699 871 3736 εει
885 3683 945 3738 GL'
958 3702 964 3734 :
979 3705 1057 3752 ημῶν
1076 3683 1102 3747 S,
1114 3686 1154 3750 >
1167 3685 1233 3742 L¹A
1250 3690 1255 3760 1
1272 3690 1308 3744 25
1324 3689 1368 3746 ἀπ

179 3768 264 3837 αὑτήν
282 3769 366 3822 SLA:
381 3768 450 3841 ήραν
467 3768 545 3826 αύτοί
564 3769 659 3838 6126
678 3768 810 3841 τέσσαρες
822 3789 829 3822 :
841 3770 871 3826 δέ
892 3772 936 3838 61
958 3771 991 3828 26
1009 3789 1049 3839 sq.
1069 3775 1116 3828 καί
1135 3773 1210 3831 αὐτὸ
1230 3778 1307 3852 πρὸς
1327 3777 1369 3832 SA

179 3852 212 3920 (L
214 3855 294 3922 ἰιει
294 3856 408 3926 ew)

215 3997 263 4045 5-
266 3994 291 4048 6.
311 3995 368 4047 Ηοε
381 4012 477 4048 versus
496 3994 621 4048 scribens
634 3995 768 4049 Hennas
766 4001 882 4064 pretes
903 3999 1025 4050 fortasse
1043 4001 1233 4056 memorans.
1247 4004 1368 4075 Scriptu-

179 4078 262 4130 Bam
280 4080 322 4142 21,
334 4079 403 4133 2-3
422 4085 488 4135 ante
460 4081 601 4135 toculos
620 4070 768 4136 habuisse
780 4101 842 4136 rae:
862 4090 1015 4155 φιλοῦσιν
1029 4084 1368 4164 τὰςτιρωτοκαθεὸρίας

180 4163 297 4217 videtur.
765 4140 952 4247 1(16611123,
972 4171 1152 4227 sotum„
1174 4175 1218 4239 12,
1232 4178 1285 4241 39;
1305 4178 1367 4232 Luc.

216 4252 534 4325 Ἱπρωτοκαθεδριταις]
544 4253 659 4309 Veteres
668 4255 752 4309 mter
765 4259 821 4320 ¹11,
840 4259 889 4320 43;
914 4257 962 4321 26,
982 4257 1029 4325 46)
1051 4258 1115 4313 vel.
1143 4266 1368 4339 mmmm
