2834 5018
586 668 655 723 SIM.
674 668 719 733 IX,
741 670 870 732 15,1-4.
1237 681 1299 746 607

119 851 306 928 mulierum,
340 873 421 936 quae
453 852 554 936 nigris
586 852 727 916 vestibus
758 852 888 916 indutae
921 855 1004 916 sunt.
1050 852 1153 932 Audi,
1186 854 1299 936 inquit,

120 955 249 1020 nomina
270 955 430 1040 virginum
464 956 648 1033 fortiorum,
682 978 762 1041 quae
783 957 817 1020 in
845 956 971 1042 angulis
998 962 1092 1023 stant.
1139 960 1168 1023 2.
1192 959 1301 1025 Prima

120 1064 169 1124 est
193 1060 294 1138 Fides,
319 1061 457 1126 secunda
472 1061 686 1139 Abstinentia,
710 1061 805 1126 tertia
820 1059 976 1138 Potestas,
1000 1067 1116 1146 quarta
1137 1063 1297 1149 longani-

118 1165 231 1240 mitas;
256 1170 379 1230 ceterae
394 1187 467 1230 vero
480 1166 514 1229 in
529 1165 633 1230 medio
651 1166 785 1230 istarum
796 1169 918 1229 stantes
934 1165 1013 1230 haec
1024 1166 1144 1231 habent
1154 1169 1298 1233 nomina:

120 1266 324 1353 Simplicitas,
342 1270 537 1349 Innocentia,
560 1269 706 1349 castitas,
723 1270 888 1347 Hilaritas,
905 1270 1041 1348 Veritas,
1065 1269 1325 1355 intellegentias

120 1371 305 1453 Concordia,
323 1374 457 1440 Caritas.
503 1377 593 1443 Haec
608 1378 736 1442 nomina
759 1378 814 1461 qui
835 1382 944 1462 portat
967 1383 999 1443 et
1020 1401 1134 1443 nomen
1156 1379 1215 1443 filii
1237 1381 1297 1457 dei,

119 1484 156 1541 in
177 1498 315 1559 repaum
331 1483 386 1545 dei
404 1489 533 1563 poterit
547 1490 686 1547 intrare.
732 1484 761 1547 3.
788 1482 882 1560 Audi,
900 1483 1013 1567 inquit,
1031 1487 1063 1548 et
1083 1484 1213 1548 nomina
1227 1507 1297 1548 mu-

119 1581 249 1661 lierum,
282 1607 361 1669 quae
392 1591 497 1651 vestes
528 1587 636 1672 nigras
667 1587 797 1652 habent.
843 1588 893 1652 Ex
922 1588 973 1652 his
1006 1610 1131 1671 quoque
1162 1594 1299 1673 quatuor

119 1694 194 1752 sunt
223 1692 434 1774 potentiores:
469 1692 575 1777 prima
605 1692 831 1769 incredulitati,
871 1693 1008 1757 secunda
1038 1692 1296 1778 Intemperantia,

118 1793 215 1858 tertia
236 1793 491 1875 Inoboedientie,
525 1801 638 1882 quarta
660 1796 828 1880 Voluptas.
875 1796 963 1873 Quae
985 1819 1059 1862 vero
1083 1819 1135 1862 eas
1158 1820 1330 1882 sequen-1(

118 1903 179 1974 tur,
203 1904 357 1964 vocantur
380 1897 534 1978 Tristitia,
560 1899 722 1984 Nequitia,
746 1900 866 1978 libido,
890 1900 1065 1979 Iracundia,
1086 1901 1298 1984 Mendacium,

119 2001 280 2082 Stultitia,
304 2004 485 2084 Detractio,
511 2005 654 2071 Odium..
681 2005 770 2070 Haec
791 2007 920 2070 nomina
949 2006 1004 2088 qui
1025 2011 1134 2091 portat
1158 2008 1208 2071 dei
1230 2030 1296 2072 ser-

121 2128 185 2185 vus,
209 2129 344 2194 regnum
366 2109 416 2173 dei
438 2109 576 2187 videbit,
600 2109 741 2173 sednon
763 2109 896 2173 intrabit
918 2109 952 2172 in
973 2109 1062 2174 illud.
1109 2113 1138 2174 4.
1164 2110 1297 2195 Lapides

119 2214 234 2288 autem,
258 2212 404 2296 inquam,
430 2214 571 2291 domine,
605 2213 660 2296 qui
683 2212 721 2277 de
743 2213 903 2298 profundo
925 2213 959 2277 in
981 2219 1172 2279 structuram
1195 2215 1297 2298 aptati

118 2320 207 2394 sunt,
241 2318 414 2401 quisunt?
444 2319 544 2383 Primi
567 2320 691 2397 decem,
715 2319 836 2403 inquit,
861 2320 915 2403 qui
936 2320 969 2383 in
992 2318 1205 2384 fundamentis
1229 2319 1295 2384 col-
1311 2344 1330 2379 11

117 2420 214 2485 locati
243 2425 334 2499 sunt,
367 2423 471 2507 prima
502 2422 665 2508 generatio
696 2427 786 2500 sunt3
819 2422 934 2506 viginti
964 2422 1103 2506 quinque
1133 2423 1295 2507 generatio

120 2525 257 2589 virorum
285 2525 440 2591 iustorum
470 2526 622 2602 secunda3
657 2526 790 2611 triginta
821 2526 960 2611 quinque
989 2526 1164 2610 prophetae
1194 2525 1243 2589 dei
1265 2530 1298 2589 et

117 2628 255 2693 ministri
270 2629 354 2705 eius;
379 2631 590 2716 quadraginta
613 2635 718 2695 autern
733 2634 807 2694 sunt
830 2631 968 2715 apostoli
983 2635 1015 2695 et
1039 2631 1183 2696 doctores
1202 2652 1296 2714 prae-

188 2763 318 2818 81011111.
338 2766 362 2829 3,
382 2767 406 2820 5.

118 2889 148 2950 6;
166 2890 191 2953 4,
210 2889 227 2941 2
245 2892 302 2943 not
330 2921 364 2928 -
392 2890 488 2962 πρώτη
507 2891 599 2964 γενεά]
626 2891 694 2944 Her·
721 2891 787 2944 dere
806 2889 955 2945 nonlicet
993 2889 1035 2944 cf.
1049 2887 1125 2942 Zahn
1138 2887 1155 2942 1.
1171 2905 1193 2941 ο.
1213 2906 1239 2958 p.
1253 2888 1295 2943 95.

117 2992 178 3029 mas
195 2978 306 3045 tempus
327 2979 394 3031 ante
413 2977 517 3033 Christi
541 2977 694 3032 adventum
720 2978 771 3031 225
790 2979 848 3031 not.
867 2979 891 3030 2.
909 3009 944 3016 -
962 2975 1115 3034 ἀπόστολοι
1133 2974 1203 3044 κτλ]
1222 2977 1295 3043 Apo·

118 3062 222 3116 intres
249 3063 381 3132 periodos
401 3068 430 3119 et
456 3065 507 3118 has
526 3065 555 3117 in
580 3081 693 3134 genera·
721 3065 809 3118 stoIos
828 3067 857 3117 et
875 3063 1004 3117 doctores
1023 3061 1135 3117 omissis
1154 3061 1295 3130 episcopis

116 3150 209 3205 tiones
227 3151 260 3214 X,
279 3150 363 3215 XXV,
384 3150 488 3206 XXXV
512 3151 621 3205 dividit.
653 3149 693 3204 Si·
720 3153 750 3204 et
767 3149 895 3203 diaconia
922 3149 968 3215 (ef.
988 3148 1046 3203 Vis.
1066 3149 1112 3212 ΙΙΙ,
1132 3149 1156 3211 5,
1178 3149 1203 3216 1)
1227 3147 1294 3200 Her-

116 3238 222 3293 militer
250 3239 340 3291 Lucas
358 3241 386 3302 3,
407 3239 511 3294 23-32
538 3238 573 3292 ab
602 3236 693 3292 adam
719 3252 780 3289 mas
813 3236 860 3290 hic
886 3237 1031 3290 nominare
1064 3235 1192 3298 ridetur,
1228 3234 1296 3301 qnia

116 3343 205 3394 usque
224 3327 260 3380 ad
279 3327 339 3381 Noe
358 3325 383 3379 X
401 3323 597 3396 generationes
620 3339 692 3376 com·
719 3340 819 3376 munus
846 3321 1030 3392 praedicandi
1058 3321 1235 3390 evangelium
1253 3337 1294 3374 re·

116 3417 207 3481 putat,
227 3431 245 3467 a
263 3413 331 3477 Noe,
351 3413 401 3481 qui
420 3411 488 3466 Gen.
508 3413 532 3475 6,
551 3410 568 3464 9
586 3410 692 3479 primus
719 3409 843 3478 spicitur.
863 3441 898 3448 -
916 3409 945 3464 C.
964 3408 1078 3477 Taylor,
1100 3409 1154 3462 The
1176 3408 1295 3462 Witneea

116 3494 268 3571 ἄνθρωπος
286 3504 390 3568 δίκαιος
408 3499 583 3561 nominatur,
603 3513 692 3565 usque
704 3540 707 3571 ,
719 3499 751 3565 of
765 3503 881 3554 Hcmroe
896 3498 942 3564 for
954 3497 995 3550 tte
1010 3497 1077 3563 four
1090 3494 1204 3563 coepes
1218 3494 1293 3557 1892,

118 3586 154 3639 ad
171 3587 263 3641 David
280 3587 367 3650 XXV,
387 3603 405 3639 a
422 3584 515 3638 David
534 3588 629 3639 antem
648 3602 691 3636 us·
718 3586 823 3653 putans
836 3587 959 3652 quatuor
974 3581 1093 3651 pedibus
1111 3579 1237 3635 subsellii
1249 3580 1294 3635 vel

118 3688 172 3737 que
202 3675 238 3727 ad
267 3674 408 3729 Christum
436 3672 518 3727 XLII.
565 3671 693 3741 Respicit
718 3674 840 3739 quatuor
859 3669 1005 3724 elementis
1024 3667 1197 3731 vis.111‚13,
1216 3666 1292 3721 3111-

116 3760 191 3814 hunc
208 3761 300 3814 locum
320 3761 449 3816 Clemens
474 3759 516 3812 Al.
536 3757 637 3813 Strom.
657 3757 691 3821 II,
719 3758 826 3827 signari
862 3757 1009 3825 evangelia
1042 3760 1140 3810 nostra
1171 3758 1294 3822 quatuor

117 3847 140 3909 9,
158 3848 194 3900 43
212 3865 239 3917 p.
257 3849 309 3901 452
328 3849 466 3902 scribens:
495 3846 511 3903 d
530 3849 638 3916 Ποιμὴν
663 3845 692 3901 δὲ
718 3846 756 3914 (p.
778 3845 829 3915 16),
848 3845 962 3912 insuper
980 3843 1107 3897 invenire
1132 3842 1187 3896 sibi
1207 3841 1293 3903 visus,

116 3931 211 4000 ἁπλῶς
222 3931 267 3990 ἐπὶ
282 3943 338 3991 τῶν
349 3933 557 4005 κεκοιμημένων
570 3936 631 3999 θεὶς
642 3937 692 4004 τὴν
718 3932 747 3984 in
768 3933 823 3984 hoc
834 3947 917 3984 versu
929 3929 1044 3984 nomina
1056 3929 1293 3998 evangelistarum

116 4019 190 4090 λέξιν
214 4024 334 4087 δικαίους
358 4017 414 4077 οἶδέ
439 4040 515 4086 τινας
540 4016 571 4075 ἐκ
596 4013 691 4076 ἔθνεσι
718 4016 854 4081 indicari,
883 4032 1000 4070 numero
1026 4015 1091 4072 δέκα
1117 4015 1162 4070 vel
1188 4011 1208 4070 ι’
1234 4019 1292 4071 Ἰω-

115 4111 161 4163 καί
184 4105 215 4164 ἐκ
231 4109 374 4174 Ἰουδαίοις
398 4107 431 4163 ot
452 4106 542 4174 μόνον
563 4107 619 4179 πρὸ
644 4119 692 4176 τῆς
717 4106 817 4176 άυυην,
843 4104 884 4162 κε’
901 4104 1000 4175 Κέφαν
1018 4103 1227 4174 (2111111111),
1253 4101 1293 4158 λε’

117 4203 167 4251 τοῦ
183 4193 280 4268 κυρίου
297 4195 462 4266 παρουσίας,
485 4192 555 4248 ἀλλὰ
572 4199 617 4250 καὶ
635 4195 691 4265 πρὸ
718 4198 838 4255 Λουκᾶν,
856 4191 887 4262 μ’
907 4197 1056 4248 Ματθαῖον
1074 4191 1112 4259 (p.
1134 4191 1184 4258 12).
1209 4189 1292 4242 Haud

116 4282 204 4351 νόμου
220 4280 292 4337 κατὰ
311 4285 361 4351 τὴν
371 4280 443 4352 πρὸς
460 4279 531 4336 θεὸν
547 4278 690 4354 adaptem·
718 4278 801 4331 dubie
819 4296 885 4333 vero
911 4279 1022 4332 erravit
1060 4276 1090 4332 si
1108 4277 1227 4330 Hermas
1250 4276 1293 4330 ita

115 4389 172 4432 ow,
198 4364 237 4433 ὼς
260 4364 362 4440 Ἀβελ,
389 4363 429 4432 ὼς
448 4370 524 4429 Νῶε,
551 4363 590 4434 ὼς
608 4365 637 4424 εί
651 4388 691 4435 τις
718 4366 753 4418 ad
782 4364 971 4434 evangelistas
999 4364 1123 4418 alludere
1149 4361 1292 4426 voluisset,

116 4450 210 4527 ἕτερος
222 4457 332 4521 δίκαιος.
347 4485 380 4493 -
393 4451 420 4510 ol
431 4451 461 4509 a
473 4451 690 4525 τεσσαράκοντα]
717 4453 742 4508 κ’
761 4457 790 4505 et
808 4452 837 4514 λ’,
855 4450 925 4507 111ι’
943 4456 972 4506 et
988 4446 1033 4520 μ’,
1057 4466 1149 4518 neque
1167 4444 1293 4507 1110κέ

115 4542 197 4596 Hunc
215 4557 362 4594 numerum
379 4540 493 4594 induas
511 4541 609 4607 partes
627 4539 691 4610 (XII
718 4543 746 4592 et
763 4539 803 4596 λε’
820 4538 985 4609 scripsisset

116 4627 240 4698 apostoli
268 4628 297 4681 et
314 4626 433 4682 XXVlIl
452 4626 593 4694 doctores)
623 4625 691 4681 divi·
