2834 5018
432 652 610 708 EPISTULA
629 651 700 715 XVI,
720 652 869 715 7-xvl11‚
890 653 912 706 1.
1218 657 1258 722 89

80 833 220 918 ruptioni
252 834 426 898 obnoxium
457 839 488 897 et
519 834 694 912 imbecille,
729 835 769 898 ad
798 835 926 899 modum
959 834 1071 917 templi
1103 855 1175 898 vere
1203 855 1261 919 per

79 961 191 1003 manus
215 939 390 1013 aedificati3
421 938 551 1022 plenum
573 937 728 1021 siqnidem
752 943 819 1002 erat
846 939 1003 1002 idolorum
1027 938 1114 1002 cultu
1138 943 1171 1002 et
1193 942 1261 1002 erat

82 1045 189 1108 domus
207 1045 407 1122 daemonum,
432 1043 507 1127 quia
522 1043 663 1121 fecimus,
683 1064 898 1127 quaecumque
914 1044 973 1107 deo
996 1044 1154 1107 contraria
1175 1046 1258 1107 sunt.

82 1150 109 1212 8.
133 1151 373 1228 ,laetificabitur
388 1159 499 1213 autem
514 1156 549 1213 in
564 1155 697 1213 nomine
711 1152 855 1228 dornini;
876 1148 1038 1224 attendite,
1054 1152 1090 1212 ut
1105 1148 1261 1231 templum

85 1255 200 1318 domini
222 1253 391 1339 magnifice
415 1255 604 1318 aedificetur.
651 1251 841 1328 Quomodo?
864 1253 996 1317 Discite.
1043 1252 1185 1336 Accepta
1206 1263 1286 1317 re-⁶

83 1359 231 1423 missione
254 1362 456 1442 peccatorum
480 1364 511 1422 et
527 1381 583 1442 spe
607 1359 718 1423 habita
732 1359 765 1422 in
787 1380 902 1422 nomen
918 1358 1035 1421 domini
1058 1358 1137 1422 facti
1153 1379 1260 1421 sumus

83 1465 161 1541 novi,
186 1464 304 1528 iterum
320 1465 360 1528 ab
376 1464 501 1547 integro
517 1463 634 1537 creati;
658 1462 729 1525 ideo
745 1462 778 1526 in
792 1463 893 1538 nobis,
918 1463 951 1527 in
967 1462 1125 1528 domicilio
1140 1467 1260 1540 nostro,

84 1590 152 1632 rere
176 1568 253 1632 deus
277 1568 410 1632 habitat.
457 1568 487 1631 9.
512 1566 722 1643 Quomodo?
754 1567 895 1632 Verbum
927 1568 994 1633 eius
1016 1567 1105 1645 fidei,
1136 1567 1260 1632 vocatio

85 1675 148 1737 eius
170 1673 405 1757 promissionis,
437 1673 594 1755 sapientia
616 1673 854 1749 mandatorum,
888 1678 1060 1757 praecepta
1088 1673 1258 1750 doctrinae,

84 1778 176 1842 immo
199 1778 268 1861 ipse
301 1778 334 1840 in
357 1778 449 1841 nobis
471 1777 659 1861 prophetat,
691 1778 759 1861 ipse
782 1777 815 1841 in
837 1778 929 1841 nobis
958 1778 1133 1854 inhabitat,
1166 1777 1260 1841 morti
1275 1796 1300 1834 10

85 1882 215 1946 addictis
237 1881 330 1945 nobis
354 1881 456 1964 aperit
479 1882 564 1945 fores
587 1881 714 1965 templi,
738 1881 758 1943 i.
783 1903 809 1944 e.
834 1902 879 1957 os,
904 1882 959 1944 dat
980 1880 1072 1945 nobis
1094 1882 1261 1964 paeniten-

85 1987 159 2050 tiam
183 1986 292 2069 sicque
314 1985 485 2053 introducit
507 2006 565 2050 nos
589 1986 621 2049 in
636 1986 800 2069 templum,
827 1987 910 2069 quod
925 1986 1044 2049 destrui
1066 2007 1130 2050 non
1144 1990 1259 2069 potest.

87 2092 131 2154 10.
157 2089 220 2166 Qui
244 2090 327 2153 enim
350 2090 438 2173 cupit
460 2112 528 2154 esse
550 2089 672 2167 salvus,
703 2091 822 2154 nonin
845 2091 1007 2155 hominem
1028 2090 1174 2174 respicit,
1206 2091 1262 2153 sed

85 2194 114 2258 in
137 2217 225 2271 eum,
258 2195 312 2278 qni
334 2194 367 2257 in
390 2194 517 2258 homine
546 2195 672 2259 habitat
695 2217 731 2259 ac
760 2195 918 2278 loquitur,
949 2195 1190 2279 obstupefactus
1213 2216 1259 2272 eo,

86 2300 166 2382 quod
189 2321 353 2383 nunquam
384 2320 486 2382 neque
509 2299 643 2363 audierit
674 2322 744 2363 eum
768 2299 846 2363 talia
872 2301 969 2364 verba
991 2321 1044 2363 ore
1074 2300 1260 2363 fundentem
1275 2318 1301 2354 1⁵

86 2425 184 2488 neque
207 2403 277 2487 ipse
300 2403 378 2467 talia
400 2404 508 2467 audire
538 2403 770 2467 desideraverit.
817 2403 888 2469 Hoc
911 2410 959 2469 est
989 2404 1143 2487 templum
1166 2403 1259 2486 spiri-

86 2508 168 2571 tuale
192 2508 318 2572 domino
342 2513 568 2572 constructum.

168 2612 273 2677 XVII.
309 2610 470 2687 Quantum
507 2613 611 2696 potuit
642 2618 675 2677 et
705 2615 773 2678 sine
807 2615 1001 2679 obscuritate
1035 2615 1141 2698 potuit
1173 2613 1262 2678 vobis

85 2719 267 2796 monstrari,
304 2740 377 2802 spes
406 2718 484 2781 mihi
516 2722 579 2797 est,
612 2741 670 2803 pro
703 2720 807 2784 studio
838 2742 908 2784 meo
938 2742 987 2783 me
1016 2719 1097 2783 nihil
1120 2719 1262 2783 omisisse

85 2845 206 2900 eorum,
239 2844 319 2906 quae
344 2824 383 2886 ad
406 2822 540 2886 salutem
563 2827 717 2906 spectant.
764 2827 793 2887 2.
819 2824 852 2889 Si
876 2825 959 2888 enim
981 2824 1019 2887 de
1042 2824 1261 2907 praesentibus
1274 2837 1300 2875 ²⁰

84 2930 132 2993 vel
156 2927 334 2992 defuturis
358 2927 513 3010 scripsero
537 2928 635 3004 robis,
660 2949 723 2992 non
745 2929 949 3012 intellegetis,
975 2928 1124 3011 quoniam
1147 2929 1180 2992 in
1203 2928 1260 2991 ab·

85 3033 227 3098 seondito
250 3032 391 3115 positum
413 3037 470 3096 est.
516 3032 560 3095 Et
582 3032 660 3097 haec
683 3035 810 3115 quidem
834 3035 873 3098 ad
897 3033 981 3097 hunc
1004 3035 1140 3097 modum.

170 3137 288 3202 XVIII.
314 3136 525 3201 Transeamus
550 3141 656 3201 autem
680 3143 711 3201 et
734 3139 775 3201 ad
807 3138 940 3203 alteram
974 3138 1188 3222 cognitionem
1211 3141 1260 3200 at-

151 3277 168 3328 3
187 3274 258 3328 Dan.
278 3273 302 3334 9,
324 3271 448 3326 84-278

84 3380 124 3434 cf.
142 3379 228 3434 Clem.
239 3378 281 3431 Al.
293 3378 393 3434 Strom.
405 3378 438 3435 ΙΙ.
448 3378 489 3439 20,
504 3379 552 3432 114
561 3397 587 3448 p.
598 3379 657 3432 489.
688 3383 860 3450 spectantes,
887 3395 958 3446 quas
978 3378 1122 3431 Barnabas
1140 3378 1198 3431 iam
1218 3394 1262 3431 ex·

117 3470 194 3523 8-9.
216 3466 300 3522 Clem.
320 3465 361 3520 Al.
383 3466 659 3528 stramineum
686 3468 799 3537 posuit,
825 3465 860 3522 τὰ
877 3468 1092 3538 παρεληλυθότα
1111 3467 1145 3535 (1,
1166 3466 1193 3535 7)
1218 3465 1263 3519 vel

84 3575 109 3626 p.
129 3556 181 3611 490
198 3554 362 3629 (προσέχετε
379 3586 414 3594 -
438 3558 555 3626 troarne)
583 3586 617 3593 -
643 3554 660 3611 ὁ
687 3559 928 3624 praeceptione,
949 3553 1164 3619 quaeDeusin
1184 3555 1217 3608 V.
1231 3555 1262 3607 rl'.

83 3644 161 3714 osa]
180 3644 197 3696 i.
220 3659 242 3696 e.
263 3643 392 3714 Χριστός.
414 3641 455 3695 01.
475 3643 499 3702 6,
521 3641 559 3693 14.
688 3641 773 3696 dedit.
809 3642 1017 3707 Nonnunquam
1032 3643 1127 3695 autem
1145 3642 1201 3695 iam
1214 3643 1263 3695 hu-

117 3733 141 3785 9.
161 3731 226 3797 τοὺς
244 3729 308 3798 ded]
328 3729 533 3790 Anacoluthom
554 3728 588 3782 of.
601 3727 659 3781 Wi·
688 3745 793 3796 cusque
812 3727 898 3781 etiam
923 3745 967 3781 res
986 3732 1149 3797 praesentes
1174 3730 1202 3782 et
1220 3729 1263 3780 fu-

83 3835 132 3872 ner
150 3819 268 3887 §63.—
286 3814 407 3888 ἀνοίγων
419 3815 489 3884 κτλ]
507 3832 544 3867 sc.
563 3817 594 3868 ut
612 3831 659 3867 an·
687 3818 768 3870 turae
788 3819 914 3869 attactae
932 3817 1005 3868 sunt.
1026 3816 1067 3870 01.
1085 3817 1109 3879 4,
1132 3819 1153 3870 l.
1173 3815 1196 3867 9.

84 3906 245 3959 nuntiemus
258 3905 375 3957 verbum
388 3904 484 3972 ipsius.
523 3903 564 3958 01.
581 3906 619 3965 11,
634 3905 659 3957 8.
723 3901 909 3958 XVIII—XX.
928 3902 1005 3955 Haec
1025 3903 1122 3971 capita
1140 3901 1200 3954 fere
1218 3916 1263 3952 oa·

84 4023 116 4032 -
136 3988 290 4064 ἄφθαρτον
304 3992 381 4060 ναόν]
401 3991 418 4043 i.
433 4009 455 4045 e.
470 4008 588 4060 regnum
600 4007 660 4044 cae·
689 3991 753 4044 dem
772 3989 931 4052 continent,
951 4004 1023 4055 quac
1042 3987 1178 4043 Doctrina
1197 4004 1262 4056 upo-

84 4078 172 4133 lorum
192 4077 236 4132 vel
256 4077 405 4131 ecclesium
418 4078 478 4131 Dei.
514 4077 660 4130 Barnabas
689 4077 825 4132 stolorum
838 4092 861 4128 c.
877 4077 943 4130 1-5
957 4075 1079 4129 exhibet.
1099 4074 1183 4128 Modo
1195 4089 1262 4126 non·

84 4166 128 4220 hic
156 4165 309 4235 imaginem
336 4164 484 4230 1·elinquit;
515 4164 661 4230 hucusque
688 4163 782 4218 nullae
811 4161 968 4217 sententiae
988 4179 1005 4215 a
1023 4162 1154 4215 Bernaba
1183 4161 1263 4215 omit·

85 4254 157 4306 enim
177 4253 243 4320 ναὸς
262 4251 405 4321 significat
423 4267 471 4304 cor
489 4249 619 4303 hominis.
689 4252 787 4304 tunim-
805 4249 848 4303 vel
862 4247 1010 4312 adduntur,
1030 4249 1060 4302 in
1071 4252 1154 4319 parte
1170 4248 1265 4318 priore

120 4339 160 4394 10.
179 4337 224 4396 ἐπ’
241 4339 327 4414 αὐτῷ]
348 4356 384 4392 sc.
410 4336 454 4395 eu
474 4341 513 4413 τῷ
598 4336 661 4408 ἀκη-
688 4338 732 4392 vel
766 4335 941 4407 expositione
971 4335 1034 4390 viae
1064 4336 1139 4390 vitae
1174 4337 1265 4390 multa

84 4427 175 4483 κοέναι
194 4433 253 4483 κτλ.
688 4426 918 4493 transponuntur.
938 4422 1047 4479 Desunt
1056 4425 1185 4494 inprimis
1194 4425 1264 4479 Doc-

119 4513 204 4575 XVII,
226 4517 247 4569 1.
267 4513 309 4571 ἀν.
329 4514 368 4581 εἰς
386 4514 462 4582 σωτ.]
484 4513 525 4567 01.
546 4514 558 4566 Ι
575 4511 660 4567 Olem.
689 4511 781 4565 trinae
791 4509 948 4580 particulae
961 4513 984 4575 1,
994 4513 1070 4574 3-2,
1082 4515 1094 4566 l
1107 4513 1136 4565 et
1149 4513 1173 4575 3,
1189 4512 1264 4567 1-6.

85 4602 125 4662 45,
146 4605 168 4657 1.
188 4601 229 4656 Ex
242 4603 297 4655 v.2
315 4602 402 4670 patet,
422 4616 466 4654 res
486 4600 521 4653 ad
540 4599 661 4654 salutem
688 4598 721 4652 In
731 4598 854 4653 editione
866 4598 1017 4653 Doctrinae
1029 4598 1096 4653 1887
1105 4615 1133 4667 p.
1143 4598 1263 4652 98-101
