2834 5018
161 308 270 373 XXVI
606 303 889 359 PROLEGOMENA.

157 484 274 547 atulam
297 483 336 546 ad
360 480 556 546 Christianos
587 481 750 546 eludaeis
781 483 932 565 scriptam
960 482 1067 547 fuisse.
1114 481 1155 547 N.
1181 482 1342 547 Lardner¹

159 595 265 653 autem
281 589 418 670 probare
434 591 565 651 conatus
581 592 637 663 est,
652 587 785 651 lectores
797 587 993 651 Christianos
1010 607 1027 650 e
1042 587 1218 670 gentilibus
1232 587 1343 661 fuisse,

157 696 189 756 et
204 692 369 755 recentiori
396 696 538 775 tempore
561 692 627 755 fere
650 714 757 756 omnes
780 693 820 756 ad
835 691 915 755 banc
930 692 1120 756 sententiam
1136 692 1342 756 accedebant.

158 796 309 861 Oblocuti
334 801 409 860 sunt
432 795 465 860 C.
492 796 694 861 Weizs'acker
707 794 729 870 ²,
755 797 792 860 R.
818 796 856 859 A.
880 794 1029 878 Lipsius⁸
1059 817 1096 859 ac
1118 794 1307 861 deemamr
1319 796 1343 871 ⁴,

159 905 191 965 et
215 900 294 963 mihi
317 922 442 984 quoque
470 901 658 983 interpretes
690 900 810 984 priores
837 922 901 964 non
922 900 1016 983 plane
1039 922 1161 965 errasse
1184 901 1344 966 ridentur.

157 1006 207 1069 Ex
231 1027 277 1079 eo,
303 1007 387 1087 quod
404 1005 569 1069 Barnabas
593 1028 659 1070 sese
682 1012 714 1070 et
736 1006 868 1069 lectores
891 1005 1016 1087 saepius
1032 1004 1156 1069 Iudaeis
1180 1002 1284 1087 (ἡμεῖς
1301 1039 1344 1049 -

157 1106 268 1169 ἐκεῖνοι
301 1109 350 1173 vel
374 1107 461 1169 adrat
492 1112 532 1173 cf.
558 1110 639 1186 2,9;
672 1111 850 1185 3,1.3.6;
875 1109 1075 1183 4,2.6.14;
1100 1110 1184 1184 8,7;
1213 1111 1343 1185 10,12;

160 1214 264 1288 13,1;
292 1216 340 1288 14,
359 1214 391 1295 4)
425 1215 566 1297 opponit,
599 1237 663 1279 non
693 1215 843 1297 sequitur,
876 1235 948 1277 eum
969 1212 1095 1278 fidelem
1125 1214 1345 1298 egentilibus

157 1318 265 1381 fuisse.
311 1318 432 1381 Eodem
455 1319 547 1382 modo
570 1319 672 1382 fidelis
696 1340 712 1382 e
736 1319 972 1382 circumcisione
996 1318 1084 1401 loqui
1107 1319 1221 1401 potuit
1246 1340 1344 1402 prae-

156 1423 266 1486 sertim
288 1422 316 1486 si
339 1423 376 1485 de
392 1422 552 1487 Iudaismo
576 1428 643 1487 tam
665 1444 772 1487 severe
787 1424 944 1486 sentiebat
959 1444 1054 1505 quam
1069 1421 1247 1487 Barnabas.
1274 1422 1344 1486 Ne·

157 1548 218 1610 que
241 1548 280 1589 ex
305 1528 354 1601 13,
373 1527 391 1590 7
416 1532 448 1591 et
465 1528 514 1601 16,
533 1526 550 1589 7
575 1526 707 1590 alteram
732 1527 921 1590 sententiam
943 1526 1071 1608 probalr'
1094 1548 1188 1609 posse
1203 1527 1238 1590 in
1253 1548 1344 1591 com·

156 1631 311 1694 mentatio
343 1632 573 1695 demonstrasse
604 1630 683 1694 mihi
714 1630 831 1694 videor.
877 1629 1024 1702 Accedit,
1060 1632 1144 1714 quod
1173 1630 1345 1695 Barnabas

156 1740 222 1799 tam
255 1735 395 1818 amplam
428 1736 546 1799 rituum
577 1735 773 1798 iudaicorum
803 1734 1016 1817 cognitionem
1044 1734 1152 1810 habet,
1188 1757 1289 1818 quam
1312 1735 1345 1797 in

156 1841 224 1903 viro
247 1840 358 1924 gentili
381 1840 465 1904 haud
494 1838 588 1903 facile
610 1839 774 1916 inveneris,
805 1839 852 1902 ita
874 1838 984 1902 utrix
1007 1839 1160 1903 erraveris
1184 1843 1344 1911 statuens,

158 1948 317 2009 auctorem
342 1950 373 2008 et
396 1966 546 2028 magnam
569 1964 644 2007 sane
667 1942 819 2006 lectorum
843 1947 968 2025 partem
991 1963 1029 2006 ex
1044 1942 1169 2006 Iudaeis
1190 1943 1344 2008 oriundos

158 2048 266 2112 fuisse.
313 2049 364 2113 Ex
389 2050 439 2125 13,
459 2049 476 2111 7
501 2047 533 2110 id
556 2045 660 2110 solum
683 2046 794 2121 elucet,
827 2067 890 2109 non
913 2067 1021 2110 omnes
1045 2046 1179 2109 lectores
1203 2046 1344 2110 Iudaeo·

158 2150 355 2216 Christianos
379 2153 486 2216 fuisse.
534 2150 698 2214 Barnabas
721 2151 804 2214 enim
827 2171 897 2214 cum
920 2151 998 2214 duce
1014 2149 1116 2213 Paulo
1141 2148 1235 2214 Rom.
1255 2152 1342 2223 4,11

156 2254 322 2319 Abrabam
349 2260 473 2338 patrem
498 2254 640 2339 gentium
663 2274 721 2336 per
742 2252 944 2336 praeputium
967 2254 1162 2317 credentium
1186 2253 1344 2337 appellet,

155 2360 284 2435 indicat,
315 2379 379 2422 non
408 2363 475 2422 tam
503 2356 637 2421 Iudaeos
669 2379 763 2440 quam
787 2357 922 2439 gentiles
944 2379 1035 2422 veros
1057 2359 1131 2422 novi
1154 2360 1347 2424 testamenti

157 2464 287 2528 heredes
302 2464 427 2527 futuros
443 2483 520 2537 esse,
544 2484 646 2543 neque
662 2463 791 2526 dubium
807 2467 865 2537 est,
889 2461 1061 2538 ecclesiam,
1079 2462 1120 2525 ad
1136 2484 1234 2545 quam
1251 2462 1345 2527 litte·

156 2589 209 2632 rae
241 2569 333 2631 datae
364 2572 452 2643 sunt,
486 2589 503 2631 e
533 2567 678 2631 fidelibus
708 2566 982 2631 ecircumcisione
1012 2569 1043 2629 et
1066 2566 1239 2648 praeputio
1264 2589 1345 2632 con-

157 2673 286 2737 stitisse.
334 2671 389 2736 Sin
413 2677 518 2736 autem
541 2694 590 2735 res
614 2672 660 2735 ita
682 2693 715 2734 se
737 2670 843 2745 habet,
867 2668 947 2732 nihil
972 2669 1087 2745 obstat,
1114 2670 1190 2752 quin
1210 2672 1345 2735 conc-lu-

156 2777 276 2851 damus,
306 2775 379 2839 illos
402 2775 434 2838 id
458 2775 569 2859 egisse,
603 2778 638 2837 ut
660 2774 776 2838 fratres
800 2796 817 2837 e
840 2773 1013 2857 gentilibus
1044 2775 1085 2837 ad
1106 2775 1347 2839 observandam

156 2879 261 2964 legem
276 2878 450 2943 Mosaicam
473 2879 681 2961 perducerent
704 2879 850 2954 dicentes
876 2898 966 2941 secus
990 2898 1043 2941 eos
1058 2876 1163 2941 salvos
1179 2898 1245 2943 non
1262 2878 1344 2954 fieri,

155 2988 188 3048 et
210 2982 379 3065 epistulam
402 2982 553 3064 scriptam
576 2982 684 3060 fuisse,
709 2986 746 3046 ut
767 2981 816 3044 illi
839 2982 1064 3045 refutarentur.

714 3153 769 3217 IV.

243 3291 374 3357 Constat
406 3293 544 3376 epistula
574 3314 591 3355 e
619 3293 740 3356 duabus
770 3292 924 3375 partibus.
977 3290 1015 3355 In
1046 3296 1138 3375 parte
1169 3294 1273 3376 priori
1306 3317 1346 3361 ac

155 3397 292 3481 longiori
315 3418 340 3460 c.
368 3397 473 3459 1-17
497 3396 630 3461 lectores
653 3400 829 3470 monentur,
860 3417 899 3459 ne
921 3396 955 3458 in
977 3416 1098 3460 errores
1122 3397 1267 3462 iudaicos
1291 3401 1345 3464 in·

155 3507 291 3580 currant,
316 3503 348 3565 in
371 3501 473 3565 altera
496 3506 587 3585 parte
610 3523 636 3565 c.
656 3502 779 3565 18-21
805 3501 842 3563 de
866 3499 987 3563 duabus
1011 3499 1069 3562 viis
1093 3499 1173 3564 lucis
1197 3505 1231 3565 et
1249 3507 1346 3568 tene-

154 3609 283 3673 brarum
306 3607 420 3690 agitur.
468 3604 552 3669 Ordo
576 3610 682 3668 autem
705 3604 933 3667 sententiarum
955 3602 1007 3666 hic
1030 3608 1087 3666 est.

243 3712 365 3775 Auctor
387 3716 557 3794 postquam
580 3708 752 3773 lectoribus
775 3705 954 3789 gratidatns
975 3710 1023 3769 est
1040 3707 1078 3769 de
1094 3708 1185 3772 donis
1201 3712 1346 3794 magnis,

227 3896 508 3964 lGlaabwr'trdmkeit
536 3896 584 3950 der
610 3911 700 3962 cauny.
729 3892 887 3947 Gescbicbte.
933 3893 992 3947 Ans
1019 3893 1075 3947 ᾱιοη
1104 3892 1275 3961 Enpliscben
1294 3905 1348 3953 etc.

156 3986 238 4053 (1750
257 3988 310 4052 sq.)
329 3983 362 4046 11,
381 3984 400 4047 Ι,
420 3984 443 4036 5.

225 4075 241 4126 2
260 4074 318 4126 Zur
336 4071 432 4125 Kritik
449 4070 494 4125 cles
512 4065 754 4128 Barnabasbriefcs
774 4063 840 4117 1863
859 4080 884 4130 p.
904 4064 980 4115 4-9.

224 4161 240 4214 3
258 4157 471 4213 Ridet-Lentonis
489 4155 531 4209 ed.
551 4152 689 4208 Schenkel
709 4149 776 4203 1869
793 4149 812 4207 Ι,
832 4149 883 4203 363
902 4165 941 4215 sq.

222 4249 240 4300 4
260 4242 597 4315 Reli'yiornyescbichtticlae
616 4238 727 4292 Studien
748 4234 813 4290 1876
832 4252 858 4302 p.
878 4234 1005 4288 99-131.
