2834 5018
171 285 235 352 358
568 281 701 337 esrum
719 282 945 338 essenmnrn

172 456 284 541 μένοις,
308 458 412 540 ὥσπερ
442 455 495 521 οὖν
518 457 691 543 Εἰρηναίῳ,
722 459 775 521 καί
798 461 826 523 εί
847 481 892 534 τις
922 459 1018 535 ἄλλος
1040 463 1079 522 τά
1102 462 1195 544 δμοια
1225 467 1351 542 φρονῶν

172 562 379 648 ἀναπέφηνεν.
426 567 475 630 14.
499 564 553 626 καί
584 562 684 639 άλλας
717 563 752 626 δέ
782 573 820 646 τῇ
852 563 964 627 ἑαυτοῦ
998 573 1103 648 γραφη
1136 562 1350 645 παραδίδωσιν

173 665 370 749 Ἀριστίωνος
393 678 447 731 τοῦ
469 667 609 750 πρόσθεν
625 666 841 752 δεδηλωμένου
865 679 926 732 των
950 679 1004 731 τοῦ
1026 668 1134 750 κυρίου
1157 667 1261 752 λόγων
1284 669 1349 751 διη-

171 770 277 855 γήσεις
306 774 359 835 καί
389 781 444 836 τοῦ
473 771 681 856 πρεσβυτέρου
713 771 862 835 Ἰωάννου
890 773 1093 854 παραδόσεις,
1128 771 1177 854 ἐφ’
1209 773 1248 847 ἃς
1277 775 1349 846 τοὺς

147 894 160 934 s
175 874 361 959 φιλομαθεῖς
377 876 623 960 άναπέμψαντες,
645 875 823 960 ἀναγκαίως
839 887 892 941 νῠν
907 876 1130 960 προσθήσομεν
1154 886 1221 951 ταῖς
1238 897 1349 959 προεκ-

172 979 329 1057 τεθείσαις
352 984 447 1045 αὐτοῦ
471 990 587 1063 φωναῖς
610 981 797 1063 παράδοσιν,
829 981 849 1063 ἢ
872 982 941 1063 περί
964 980 1095 1063 Μάρκου
1118 991 1172 1043 τοῦ
1196 982 1232 1043 τό
1256 982 1347 1065 εὐαγ-

171 1082 275 1167 γέλιον
298 1085 490 1169 γεγραφότος
513 1084 689 1150 ἑκτέθειται
711 1086 762 1149 διὰ
785 1086 921 1149 τούτων·

305 1193 354 1255 15.
381 1188 464 1266 ,Καί
487 1199 578 1253 τοῦτο
602 1190 618 1253 δ
648 1190 855 1275 πρεσβύτερος
878 1191 986 1275 ἔλεγε·
1022 1189 1150 1273 Μάρκος
1173 1191 1230 1274 μὲν
1253 1190 1348 1273 ἑρμη-

260 1295 368 1375 νευτὴς
383 1291 503 1375 Πέτρου
518 1295 694 1378 γενόμενος,
718 1297 778 1358 όσα
790 1295 1027 1381 ἐμνημόνευσεν,
1051 1295 1186 1380 ἀκριβῶς
1202 1295 1349 1379 ἔγραψεν,

261 1400 296 1460 οὐ
320 1396 423 1482 μέντοι
451 1397 552 1479 τάξει,
583 1401 622 1462 τά
645 1400 704 1462 ὑπό
732 1410 786 1463 τοῦ
816 1398 953 1482 Χριστοῦ
976 1401 996 1483 ἡ
1019 1398 1178 1482 λεχθέντα
1204 1400 1225 1482 ἡ
1248 1419 1350 1483 πραχ-

260 1500 377 1567 θέντα·
412 1504 483 1567 οὔτε
511 1505 572 1588 γάρ
603 1504 721 1587 ἤκουσε
743 1514 797 1568 τοῦ
826 1505 934 1587 κυρίου
964 1507 1035 1568 οὔτε
1064 1503 1351 1588 παρηκολούθησεν

259 1608 353 1690 αὐτῷ,
378 1610 505 1690 ὓστερον
528 1606 572 1688 δέ,
596 1607 638 1683 ὡς
661 1610 749 1692 ἔφην,
767 1606 886 1692 Πέτρῳ,
910 1609 943 1683 δς
965 1609 1041 1690 πρός
1063 1609 1118 1682 τάς
1134 1608 1242 1690 χρείας
1266 1608 1350 1672 ἐποι-

260 1720 322 1774 εῖτο
344 1712 400 1786 τὰς
415 1711 629 1792 διδασκαλίας,
654 1712 726 1775 ἀλλ’
743 1715 802 1795 οὐχ
826 1714 932 1794 ὥσπερ
948 1711 1090 1790 σύνταξιν
1113 1721 1176 1776 τῶν
1191 1723 1352 1796 κυριακῶν

259 1816 440 1899 ποιούμενος
463 1814 594 1900 λογίων,
625 1817 706 1880 ὥστε
730 1817 819 1880 οὐδὲν
850 1818 968 1900 ἥμαρτε
991 1815 1136 1898 Μάρκος,
1161 1820 1263 1892 οότως
1286 1819 1353 1880 ἔνια

258 1919 382 2003 γράψας
411 1919 453 1995 ὡς
483 1921 771 2005 ἀπεμνημόνευσεν·
807 1921 875 1996 ἑνός
902 1923 963 2005 γὰρ
992 1920 1161 2004 ἐποιήσατο
1192 1923 1352 2005 πρόνοιαν,

259 2035 314 2088 τοῦ
337 2024 432 2109 μηδὲν
456 2022 499 2088 ὧν
521 2024 639 2107 ἤκουσε
655 2024 842 2108 παραλιπεῖν
865 2027 885 2109 ἡ
909 2024 1090 2108 ψεύσασθαί
1106 2046 1133 2088 τι
1158 2025 1190 2089 ἐν
1214 2028 1351 2102 adroic*

238 2127 347 2192 Ταῦτα
369 2129 425 2211 μέν
441 2125 494 2192 οὖν
517 2129 674 2215 ἱστόρηται
699 2139 742 2213 τῷ
759 2129 868 2215 Παπίᾳ
883 2132 951 2213 περί
975 2140 1030 2194 τοῦ
1047 2129 1188 2212 Μάρκου.
1216 2136 1268 2199 16.
1286 2134 1353 2214 περὶ

173 2235 207 2298 δὲ
229 2242 283 2296 τοῦ
307 2231 475 2299 Ματθαίου
498 2233 584 2297 ταῦτ’
608 2236 741 2319 εἴρηται·

306 2335 489 2415 ,Ματθαῐος
519 2339 574 2421 μὲν
605 2336 659 2402 οὖν
688 2339 808 2425 ἑβραίδι
835 2339 989 2424 διαλέκτῳ
1020 2341 1059 2402 τὰ
1082 2339 1174 2424 λόγια
1204 2340 1355 2426 συνεγρά·

134 2454 160 2492 ⁹⁰
262 2442 353 2525 ψατο,
376 2441 549 2526 ἡρμήνευσε
571 2443 600 2507 δ’
623 2445 712 2523 αὐτά,
736 2445 779 2520 ὡς
801 2442 839 2529 ἧν
862 2445 992 2520 δυνατός
1015 2444 1178 2518 ἓκαστος.“

211 2582 250 2637 13.
270 2581 415 2657 Είρηναίῳ]
445 2582 486 2637 cf.
514 2581 584 2637 Adv.
612 2583 687 2637 heer.
716 2583 749 2645 V,
775 2581 971 2654 πρεσβύτερος]
990 2580 1008 2634 i.
1027 2596 1050 2634 e·
1070 2581 1146 2634 haud
1170 2581 1258 2635 dubie
1277 2582 1356 2637 Ioun-

174 2667 285 2723 31-36.
775 2684 825 2722 nes
840 2667 992 2737 apostolus.
1031 2668 1072 2723 cf.
1087 2667 1183 2721 adnot.
1197 2667 1236 2721 nd
1248 2686 1274 2722 v.
1287 2671 1356 2722 4.-

211 2759 250 2811 14.
269 2755 435 2830 ἀναγκαίως]
455 2757 497 2811 cf.
517 2772 591 2823 quse
611 2755 749 2810 Eusebius
775 2752 942 2828 ἑρμηνευτὴς
962 2755 1071 2828 Πέτρου
1089 2755 1126 2828 μ]
1153 2755 1169 2808 i
1191 2771 1214 2808 e.
1243 2756 1356 2810 Marcus

174 2843 208 2900 H.
227 2842 257 2897 Π.
276 2845 296 2908 Ι,
310 2846 322 2899 1
343 2844 373 2896 et
389 2843 421 2905 V,
435 2844 458 2905 8,
475 2846 487 2898 l
507 2842 541 2896 de
559 2841 692 2897 instituto
706 2842 749 2897 sui
775 2841 1018 2911 praedicationem
1028 2843 1106 2898 Petri
1119 2841 1154 2895 iis
1164 2843 1296 2907 tradidit,
1309 2846 1356 2911 qui

175 2931 267 3000 operis
287 2930 362 2986 dicit.
777 2930 937 2997 apostolum
950 2930 1044 2999 ipsum
1061 2946 1118 2983 non
1132 2928 1293 2993 audierant.
1312 2932 1357 2984 vel

210 3019 250 3073 15.
270 3017 380 3072 Similia
406 3017 492 3072 refert
516 3016 645 3071 Clemens
671 3015 748 3070 Alex.
776 3016 961 3088 Evangelium
976 3017 1130 3071 secundum
1149 3033 1296 3071 sermones
1308 3016 1356 3071 Pe

175 3102 288 3159 inlibro
301 3104 522 3174 Hypotyposeon
536 3107 615 3157 sexto
629 3102 748 3172 aptius.
775 3104 814 3158 tri
833 3104 1006 3172 composuit;
1035 3120 1127 3171 neque
1155 3119 1223 3157 vero
1251 3102 1357 3173 Papias

175 3190 209 3244 H.
228 3189 259 3245 Ε.
278 3190 311 3253 Π,
332 3194 371 3255 15,
391 3194 420 3246 et
438 3190 575 3246 Eusebius
593 3189 750 3244 narrationi
777 3190 869 3245 dicere
887 3191 955 3253 vult,
970 3192 1095 3244 Marcum
1116 3206 1262 3245 sermones
1280 3190 1357 3246 Petri

174 3278 244 3332 heee
262 3277 356 3332 eddit:
380 3286 613 3350 συνεπιμαρτυρεῖ
627 3276 657 3334 δέ
675 3276 750 3351 αὐτῷ
777 3277 806 3330 in
825 3277 911 3330 aliem
937 3278 1063 3348 linguam
1087 3277 1278 3331 transtulisse.
1315 3275 1356 3330 cf.

175 3366 223 3436 (sc.
258 3364 408 3431 Clementi)
442 3369 488 3421 καί
515 3364 531 3422 ὁ
561 3368 751 3437 Ἱεραπολίτης
777 3362 860 3427 Znhn,
880 3365 1040 3433 Είκίοίίακρ
1057 3365 1088 3417 in
1106 3365 1157 3418 das
1171 3364 1208 3417 N.
1225 3365 1256 3419 T.
1277 3364 1320 3418 ed.
1334 3363 1358 3417 11

175 3449 325 3519 ἐπίσκοπος
337 3452 454 3521 ὀνόματι
463 3455 579 3519 Παπίας.
599 3449 750 3505 Eusebium
779 3452 848 3506 1900
867 3451 900 3514 Π,
919 3451 970 3505 209
990 3469 1031 3519 sq.
1051 3482 1085 3489 —
1102 3448 1137 3508 οίι
1153 3450 1253 3519 μέντοι
1272 3451 1358 3520 τάξει]

176 3539 326 3609 exscripsit
352 3538 538 3606 Hieronymus
565 3537 655 3592 catal.
683 3553 706 3589 c.
725 3537 749 3591 8.
777 3536 816 3590 Ut
843 3542 991 3593 contextus
1019 3539 1103 3593 docet
1129 3541 1158 3591 et
1187 3538 1357 3607 praesertim

176 3624 412 3679 Schleiermacher
424 3626 453 3678 in
468 3625 555 3680 Τίτουί.
566 3625 680 3679 Studien
691 3624 749 3677 ακά
777 3626 864 3679 verbs
882 3622 947 3682 οὔτε
967 3625 1020 3697 γὰρ
1037 3625 1139 3695 ἢκουσε
1156 3629 1232 3687 κτλ,
1252 3624 1358 3695 Papias

176 3711 304 3766 Krititcn
332 3712 398 3767 1832
424 3730 451 3783 p.
471 3714 521 3767 758
547 3729 608 3779 sqq.
645 3711 750 3781 Papiae
778 3711 823 3764 vel
833 3711 925 3764 senior
934 3709 1259 3781 loquensinEvnngelio
1268 3712 1359 3767 Marci

176 3796 263 3851 verbs
279 3815 336 3852 non
356 3798 389 3852 de
407 3804 504 3855 nostro
519 3799 545 3852 S.
558 3799 646 3853 Marci
659 3799 750 3853 Evan-
778 3796 905 3852 ordinem
933 3795 1129 3860 desiderabat,
1158 3813 1245 3865 quem
1275 3799 1359 3855 testis

176 3883 249 3953 gelio
268 3884 459 3955 intellegenda
477 3903 536 3940 esse
554 3887 679 3956 putavit,
700 3886 751 3939 sed
778 3884 889 3938 Domini
918 3884 1040 3939 ocularis
1068 3888 1096 3938 et
1124 3886 1296 3940 auricularis
1320 3887 1360 3941 in-

176 3972 210 4025 de
229 3971 368 4041 scripture
386 3974 508 4040 quedem
533 3972 696 4042 deperdita,
720 3973 750 4027 in
778 3971 893 4025 stituere
911 3976 1038 4041 poterat,
1062 3988 1115 4026 neo
1132 3988 1199 4026 vero
1229 3973 1361 4028 ordinem

177 4075 233 4126 qua
249 4057 385 4114 nonnulla
411 4075 445 4112 ex
469 4060 503 4113 iis
529 4060 689 4129 conscripta
707 4060 750 4112 t'u-
778 4059 933 4128 scripturae
946 4063 1083 4125 tauquam
1102 4059 1139 4111 ab
1158 4059 1216 4113 elio
1230 4060 1361 4131 Evange-

176 4144 281 4209 isscnt‚
310 4162 381 4213 quse
399 4146 475 4201 Iesus
503 4144 621 4201 dixisset
647 4147 691 4201 vel
710 4145 749 4200 fe·
777 4145 815 4199 lio
847 4147 1037 4217 divergentem
1073 4146 1268 4214 reprehendit.
1321 4149 1363 4204 cf.

177 4230 277 4295 sisset,
307 4235 381 4287 certe
407 4236 501 4287 eutem
530 4234 643 4288 erravit.
671 4265 706 4273 -
733 4232 749 4290 ό
777 4232 889 4286 Zehnt
910 4250 932 4285 c.
951 4250 977 4302 p.
998 4231 1144 4287 eor-209.
