2834 5018
189 327 250 391 102
653 323 667 376 l
685 321 891 378 CLEMENTIS

187 499 384 583 ὑστερήματα
406 501 509 563 αὐτῶν
537 500 599 562 ῖδια
623 499 767 581 ἐκρίνετε.
815 504 843 566 7.
869 498 1095 583 ἀμεταμέλητα
1125 498 1180 584 ἤτε
1203 499 1252 563 ἐπί
1276 501 1360 584 πάση

187 605 392 688 ἀγαθοποιίᾳ,
416 607 542 687 ἕτοιμοι
558 607 605 684 είς
621 610 693 668 πᾶν
715 606 815 689 ἔργον
832 604 975 688 ἀγαθόν.
1023 607 1051 670 8.
1076 614 1114 687 τῇ
1128 605 1293 688 παναρέτῳ
1309 607 1360 667 καί

189 709 347 796 σεβασμίῳ
371 708 512 791 πολιτείᾳ
534 708 762 793 κεκοσμημένοι
777 709 880 773 πάντα
903 709 935 772 ἐν
958 718 1002 792 τῷ
1026 708 1114 794 ιρόβῳ
1138 711 1233 772 αὐτοῦ
1258 708 1362 772 ἐπετε-

187 814 285 879 λεῖτε·
320 815 359 877 τα
390 812 615 897 προστάγματα
644 815 698 876 καί
731 815 770 876 τὰ
799 813 996 897 δικαιώματα
1027 824 1081 877 τοῦ
1113 814 1219 895 κυρίου
1251 813 1301 876 ἐπί
1325 816 1362 875 τὰ

161 918 289 1004 ιπλάτη
313 928 368 1003 τῆς
390 917 519 1001 καρδίας
541 917 627 1000 ὑμῶν
650 916 832 1002 ἐγέγραπτο.

274 1024 329 1088 ΠΙ.
355 1021 448 1086 Πᾶσα
479 1021 555 1099 δόξα
576 1023 630 1084 καί
659 1021 840 1105 πλατυσμὸς
863 1022 961 1107 ἐδόθη
992 1022 1062 1105 ὑμῖν
1085 1024 1138 1084 καί
1169 1021 1361 1105 ἐπετελέσθη

185 1131 221 1192 τό
244 1126 475 1212 γεγραμμένον·
507 1126 656 1209 Ἐφαγεν
679 1128 735 1190 καὶ
758 1128 871 1205 ἔπιεν,
895 1129 951 1190 καί
974 1126 1174 1211 έπλατὺνθη
1198 1130 1254 1191 καί
1280 1129 1362 1209 ἐπα-

186 1229 317 1315 χύνθη,
349 1232 405 1294 καὶ
435 1229 662 1295 ἀπελάκτισεν
685 1232 703 1293 ὁ
726 1232 954 1313 ἠγαπημένος.
1001 1234 1030 1296 2.
1056 1229 1115 1293 Ἐκ
1136 1230 1248 1294 τούτου
1271 1230 1362 1314 ζῆλος

188 1338 241 1399 καί
266 1335 395 1417 φθόνος,
418 1336 479 1417 έρις
501 1336 555 1396 καί
579 1335 700 1414 στάσις,
725 1335 860 1418 διωγμὸς
883 1337 936 1398 καί
961 1328 1197 1417 ἀκαταστασία,
1229 1336 1363 1419 πόλεμος

150 1469 176 1506 ιο
189 1442 242 1503 καί
266 1439 474 1523 αἰχμαλωσία.
521 1444 550 1506 3.
575 1441 673 1514 οὓτως
695 1438 917 1522 ἐπηγέρθησαν
941 1443 972 1504 οἱ
995 1443 1107 1521 ἄτιμοι
1128 1442 1184 1505 ἐπὶ
1208 1445 1286 1520 τοὺς
1310 1442 1362 1504 έν-

187 1548 315 1626 τίμους,
339 1544 367 1608 οί
384 1543 488 1621 ἄδοξοι
505 1544 554 1607 ἐπί
577 1547 648 1619 τοὺς
664 1542 816 1623 ἐνδόξους,
840 1545 868 1606 οί
886 1547 1018 1627 ἄφρονες
1034 1545 1083 1608 ἐπί
1099 1549 1171 1620 τοὺς
1187 1545 1362 1629 φρονίμους,

188 1650 216 1715 οί
239 1649 301 1714 νέοι
332 1650 381 1713 ἐπὶ
414 1653 485 1724 τοὺς
514 1646 747 1733 πρεσβυτέρους.
798 1653 828 1714 4.
853 1649 905 1711 διὰ
934 1660 1025 1712 τοῦτο
1056 1649 1161 1731 πόρρω
1194 1648 1363 1731 ἄπεστινὴ

187 1756 367 1840 δικαιοσύνη
390 1757 443 1818 καί
467 1752 588 1836 εἰρήνη,
619 1753 652 1815 ἐν
674 1759 718 1835 τῷ
749 1751 912 1816 ἀπολιπεῖν
941 1755 1075 1817 ἕκαστον
1107 1756 1159 1817 τόν
1190 1754 1287 1839 φόβον
1310 1764 1363 1817 τοῦ

188 1865 266 1929 θεοῦ
289 1863 342 1924 καί
366 1861 399 1923 έν
422 1869 461 1942 τῇ
482 1857 582 1921 πίστει
606 1857 701 1919 αὐτοῦ
725 1855 963 1941 ἀμβλυωπῆσαι,
988 1859 1065 1942 μηδὲ
1082 1858 1114 1922 ἐν
1139 1868 1202 1934 τοῖς
1226 1858 1364 1942 νομίμοις

151 1993 176 2030 υ
188 1975 250 2029 τῶν
272 1965 521 2048 προσταγμάτων
545 1963 640 2025 αὐτοῦ
662 1961 854 2043 πορεύεσθαι
878 1963 956 2046 μηδὲ
977 1963 1200 2029 πολιτεύεσθαι
1224 1965 1307 2026 κατὰ
1330 1965 1364 2025 τό

188 2074 337 2154 καθῆκον
360 2077 404 2153 τῷ
427 2067 565 2150 Χριστῷ,
589 2066 672 2130 ἀλλὰ
695 2066 829 2128 ἕκαστον
853 2065 987 2150 βαδίζειν
1014 2069 1097 2130 κατὰ
1120 2070 1175 2141 τὰς
1198 2067 1365 2149 ἐπιθυμίας

190 2184 243 2258 της
266 2173 394 2255 καρδίας
417 2174 512 2235 αὐτοῦ
533 2182 588 2255 τῆς
611 2180 763 2254 πονηρᾶς,
796 2169 890 2254 ζῆλον
914 2172 1021 2235 ἄδικον
1044 2174 1097 2234 καί
1122 2171 1220 2257 ἀσεβῆ
1244 2171 1365 2255 ἀνειλη-

191 2277 297 2360 φότας,
321 2277 360 2340 δι’
384 2276 419 2340 οὑ
443 2279 496 2340 καί
520 2275 672 2357 θάνατος
694 2274 856 2359 εἰσῆλθεν
878 2277 925 2355 εἰς
948 2277 1009 2340 τὸν
1031 2279 1171 2358 κόσμον.

277 2384 330 2448 IV.
355 2380 531 2465 Γέγραπται
553 2382 614 2464 γὰρ
630 2382 744 2455 οὕτως·
768 2379 839 2443 Καὶ
855 2380 987 2463 ἐγένετο
1010 2380 1090 2461 μεθ’
1106 2382 1244 2466 ἡμέρας,
1269 2385 1366 2465 ἤνεγ-

149 2513 175 2551 no
190 2510 250 2552 κεν
266 2487 359 2552 Κάϊν
382 2487 450 2550 ἀπὸ
466 2493 537 2550 τῶν
560 2491 705 2571 καρπῶν
720 2491 778 2568 τῆς
801 2491 861 2568 γῆς
877 2482 1006 2548 θυσίαν
1021 2492 1069 2568 τῶ
1084 2484 1169 2568 θεῷ,
1193 2487 1249 2549 καί
1272 2484 1367 2570 Ἄβελ

189 2595 331 2676 ἤνεγκεν
353 2591 409 2654 καὶ
432 2591 533 2671 αὐτὸς
557 2590 626 2653 ἀπὸ
650 2594 720 2653 τῶν
749 2591 979 2673 πρωτοτόκων
1001 2595 1072 2653 τῶν
1103 2592 1289 2674 προβάτων
1311 2591 1365 2653 καί

190 2698 259 2761 ἀπὸ
282 2702 353 2761 τῶν
381 2697 533 2761 στειίτων
564 2698 688 2758 αὐτῶν.
735 2697 764 2758 2.
788 2695 844 2757 καὶ
877 2693 1011 2758 ἐπεῖδεν
1034 2695 1052 2757 ὁ
1076 2692 1158 2773 θεὸς
1192 2694 1249 2757 ἐπὶ
1273 2693 1368 2778 Ἅβελ

189 2803 245 2865 καὶ
269 2801 325 2865 έπὶ
348 2806 418 2880 τοῖς
442 2798 562 2884 ὁώροις
586 2801 701 2876 αὐτοῦ,
726 2798 781 2860 έπὶ
805 2796 842 2860 δέ
866 2797 959 2862 Κάϊν
982 2800 1038 2862 καὶ
1062 2799 1118 2862 ἐπὶ
1134 2805 1205 2878 ταῖς
1229 2798 1366 2878 θυσίαις

189 2909 295 2970 αὐτοῦ
311 2908 351 2970 οὐ
367 2904 566 2990 προσέσχεν.
592 2906 621 2969 3.
646 2904 702 2965 καὶ
719 2900 878 2987 ἐλυπήθη
894 2902 988 2966 Κάϊν
1003 2901 1082 2966 λίαν
1105 2904 1160 2966 καὶ
1179 2904 1367 2966 συνέπεσεν

149 3017 237 3093 ιοτῴ
261 3012 437 3095 προσώπῳ
462 3011 576 3072 αὐτοῦ.
623 3010 652 3072 4.
670 3008 724 3070 καί
749 3008 845 3071 εἶπεν
868 3009 886 3070 ὁ
909 3006 991 3087 θεὸς
1016 3008 1101 3092 πρὸς
1125 3007 1236 3072 Κάϊν·
1262 3006 1368 3070 Ἰνατί

189 3112 375 3199 περίλυπος
408 3114 542 3197 έγένου,
577 3113 633 3176 καὶ
661 3114 751 3176 ἱνατί
783 3113 972 3176 συνέπεσεν
1003 3113 1041 3175 τὸ
1065 3114 1256 3196 πρόσωπόν
1288 3132 1368 3186 σου;

190 3219 252 3283 οὐκ
276 3217 338 3280 ἐὰν
359 3215 473 3303 ὀρθῶς
495 3218 740 3302 προσενέγκῃς,
772 3215 887 3302 ὀρθῶς
916 3216 1022 3301 δὲμὴ
1046 3215 1174 3302 ὁιὲλης,
1205 3218 1351 3299 ἥμαρτες
1358 3238 1368 3291 ;

262 3373 274 3425 l
295 3390 336 3440 sq.
354 3372 473 3442 ἀμεταμ.
493 3404 527 3411 -
545 3369 760 3447 άγαθοποιίρι>
778 3370 799 3422 L
820 3371 824 3440 Ι
847 3372 863 3424 3
881 3371 1095 3442 σεβασμιωτάτῃ
1114 3371 1138 3422 Η
1155 3371 1192 3439 19
1211 3370 1368 3440 φθόνος-β

189 3465 234 3518 καὶ
254 3461 312 3522 AL;
332 3460 353 3513 L
372 3464 468 3513 autem
482 3459 568 3512 etiam
586 3460 652 3527 post
663 3459 759 3523 στάσις
779 3458 808 3511 εδ
820 3456 1010 3514 ἀκαταστασία
1026 3459 1029 3524 Ι
1047 3458 1079 3512 12
1092 3455 1198 3527 ἀπέστη
1212 3457 1237 3509 Η
1254 3460 1258 3527 Ι
1276 3459 1307 3512 17
1322 3470 1368 3527 τῆς

189 3550 346 3620 καρδίας>
364 3547 414 3616 A!
442 3548 474 3602 19
494 3543 625 3612 οὕτως)
653 3545 679 3598 Η
703 3546 707 3615 ί
734 3547 767 3599 20
796 3551 855 3620 θεῷ
880 3545 1043 3619 Αὸικυρίῳ
1072 3544 1120 3597 HL
1145 3544 1219 3597 LXX
1244 3547 1247 3615 γ
1278 3547 1312 3598 25
1332 3552 1369 3618 τῷ

190 3634 374 3709 προσῶπῳΑ
397 3632 470 3687 LXX
484 3635 537 3691 ιτὸ
563 3635 716 3707 πρόσωπον
733 3633 759 3686 Η
782 3633 822 3685 Ls
851 3634 885 3685 cf.
905 3651 929 3686 τ.
949 3635 967 3685 4
991 3635 994 3699 Ι
1028 3635 1061 3687 27
1080 3631 1129 3689 ἐὰν
1151 3635 1195 3684 A:
1215 3631 1250 3689 ἂν
1270 3631 1296 3684 Η
1324 3634 1368 3686 hic

191 3725 220 3776 et
246 3720 316 3774 alias

224 3844 248 3897 8.
267 3845 357 3914 πλάτη
377 3864 399 3898 τ.
417 3843 453 3912 κ.]
475 3843 516 3897 cf.
536 3843 617 3896 Prov.
636 3842 659 3904 7,
678 3843 702 3895 3.
778 3841 1070 3917 jcf.100r.14‚33.
1099 3842 1203 3896 neor.
1225 3841 1249 3901 6,
1269 3843 1298 3901 5;
1331 3843 1368 3895 1‘2.

225 3928 271 3992 111,
292 3933 313 3983 l.
333 3930 505 4000 πλατυσμός]
526 3929 552 3982 ΙΙ
570 3929 637 3998 Reg.
657 3929 698 3990 22,
718 3928 765 3990 203
778 3936 781 3999 3
793 3929 834 3982 20.
854 3928 908 3981 Iac.
928 3931 952 3992 3,
974 3930 1013 3983 16.

191 4015 348 4077 Ps.117,5
376 4020 410 4087 τῇ
437 4021 531 4088 θλίψει
560 4016 713 4085 opponitur
739 4020 781 4070 εό-
829 4017 852 4069 3.
873 4015 914 4069 cf.
934 4017 984 4069 les.
1004 4018 1027 4080 3,
1047 4018 1071 4069 5.

192 4101 323 4171 designat
335 4102 503 4165 libertatem,
523 4103 690 4164 ubertatem,
710 4103 781 4159 lae·.
828 4104 852 4154 4.
866 4103 1062 4159 κολακεύεσθαι
1070 4104 1139 4173 κτλ]
1149 4104 1286 4157 Similiter
1298 4103 1368 4157 Phil.

192 4190 254 4241 tum
273 4189 401 4241 animum.
422 4191 463 4244 cf.
484 4191 527 4242 Ρε.
550 4189 632 4249 17,5;
653 4190 710 4252 118,
724 4190 823 4249 45.;1‚
843 4191 889 4242 27:
936 4188 1020 4258 άξίως
1049 4198 1099 4245 τοῦ
1129 4190 1290 4262 εὐαγγελίου
1321 4199 1370 4246 τοῦ

227 4276 250 4327 2.
271 4274 312 4328 cf.
337 4275 391 4328 Iac.
408 4277 434 4337 4,
455 4278 478 4329 1.
507 4307 539 4316 -
566 4275 765 4345 ἀκαταστασία]
780 4325 782 4362 Ι
795 4281 919 4350 Χριστοῦ
941 4277 1131 4334 πολιτεύεσθε.
1169 4278 1198 4330 Si
1218 4277 1369 4331 Clementis
