2834 5018
497 646 815 702 mamarssvoa.
1116 649 1248 718 CXXXI

74 822 185 899 voluit,
218 824 262 888 ad
292 825 389 888 finem
418 825 618 909 episcopatus
648 825 775 889 referes.
821 824 995 889 Hamack¹
1018 826 1137 890 librum
1167 827 1249 892 circa

76 948 186 991 annum
202 930 269 993 140
294 928 505 1011 compositum
520 949 588 991 esse
610 932 725 1005 censet,
749 949 812 992 non
828 934 901 992 ante
925 952 1040 994 armum
1064 930 1125 994 135
1146 952 1249 1015 neque

75 1036 144 1114 post
167 1054 287 1096 annum
314 1033 375 1096 145
390 1029 411 1095 ².

158 1134 254 1200 Libro
278 1137 407 1200 ineunte
436 1140 546 1200 auctor
569 1135 659 1211 dicit,
690 1157 723 1199 se
746 1157 870 1199 servum
901 1135 998 1200 fuisse
1026 1141 1058 1200 et
1080 1159 1099 1199 a
1121 1138 1247 1202 domino

76 1237 205 1304 Rhodae
228 1241 357 1305 cuidam
379 1240 541 1305 Romanae
562 1239 739 1317 venditum,
765 1241 804 1304 ab
827 1240 888 1303 hac
910 1244 1024 1316 autem,
1048 1245 1084 1304 ut
1107 1241 1248 1305 conicere

74 1342 153 1421 licet,
178 1343 331 1409 libertum
347 1345 471 1428 factum,
490 1364 567 1407 esse.
613 1342 692 1407 Post
707 1343 824 1408 multos
847 1366 945 1408 annos
961 1367 1031 1409 cum
1053 1367 1161 1409 rursus
1176 1367 1248 1409 cum

75 1471 109 1512 ea
131 1450 347 1527 convenisset,
377 1451 482 1532 ipsum
504 1469 625 1513 amasse
649 1469 717 1511 eam
741 1449 831 1532 quasi
853 1471 992 1512 sororem
1014 1452 1062 1527 et,
1093 1471 1164 1513 cum
1187 1449 1246 1513 ali-

75 1554 198 1635 quando
222 1576 293 1618 eam
315 1554 415 1618 lavari
429 1552 569 1629 vidisset,
594 1553 786 1618 desiderasse
808 1575 937 1618 uxorem
952 1554 1068 1619 habere
1092 1560 1158 1619 tam
1173 1554 1246 1638 pul-

74 1679 157 1721 cram
180 1662 213 1722 et
227 1659 352 1723 bonam.
387 1657 520 1721 Rhoden
535 1661 693 1721 mortuam
716 1657 744 1720 ei
760 1658 944 1741 apparuisse
968 1680 1102 1743 eumque
1117 1663 1248 1744 propter

74 1761 262 1826 desiderium
289 1763 369 1826 illud
398 1762 593 1844 vituperasse
616 1762 669 1844 (cf.
695 1761 761 1826 Vis.
785 1762 810 1839 I,
838 1761 878 1845 1).
924 1763 1023 1828 Porro
1047 1786 1064 1827 e
1086 1765 1168 1829 libro
1189 1786 1246 1847 ap·

73 1870 171 1948 paret,
196 1866 349 1931 Hermam
371 1888 501 1930 uxorem
524 1866 649 1930 duxisse
672 1870 705 1930 et
726 1868 994 1951 negotiationibus
1009 1890 1143 1952 magnas
1167 1869 1246 1932 divi-

74 1970 131 2032 tias
154 1970 216 2034 sibi
240 1992 454 2053 comparasse,
487 1992 540 2035 eas
563 1975 668 2034 autem
689 1976 802 2054 postea
831 1976 962 2056 propter
982 1976 1113 2055 peccata
1136 1973 1246 2036 domus
1277 2041 1280 2048 ,
1309 1973 1312 1978 ’

74 2096 147 2138 suae
169 2071 345 2158 perdidisse
369 2075 422 2156 (cf.
439 2074 506 2138 Vis.
523 2074 548 2152 Ι,
566 2077 595 2151 3,
614 2078 648 2151 1;
672 2074 713 2153 Π,
730 2077 759 2152 3,
778 2079 814 2145 2;
838 2076 895 2152 ΙΙΙ,
914 2077 942 2152 6,
962 2073 1010 2156 7);
1033 2076 1116 2140 filios
1131 2099 1246 2160 paren·

74 2182 117 2241 tes
148 2179 326 2262 prodidisse
357 2184 389 2243 et
418 2184 551 2264 peccata
581 2180 731 2244 adiecisse
761 2182 900 2265 peccatis
923 2180 975 2263 (cf.
998 2180 1065 2245 Vis.
1089 2181 1128 2257 Π,
1153 2183 1182 2255 2,
1201 2180 1245 2263 2).

73 2281 240 2346 Praedium
263 2284 422 2368 quoddam
445 2284 548 2349 solum
571 2285 600 2348 ei
621 2284 767 2349 relictum
789 2307 856 2349 esse
876 2285 1013 2360 videtur;
1037 2285 1087 2350 bis
1110 2287 1193 2349 enim
1208 2286 1246 2349 de

73 2408 148 2469 agro
171 2409 229 2450 suo
260 2387 402 2472 loquitur
424 2393 456 2451 et
477 2410 540 2453 uno
570 2388 640 2453 loco
662 2390 783 2472 prodit,
816 2411 848 2453 se
872 2389 967 2453 alicas
989 2390 1022 2453 in
1045 2411 1082 2454 eo
1113 2390 1247 2454 coluisse

74 2489 124 2570 (ci.
142 2490 209 2554 Vis.
227 2491 284 2569 111,
304 2495 332 2567 1,
349 2495 385 2568 2;
410 2491 466 2569 IV,
486 2494 514 2569 1,
531 2490 574 2574 2).
621 2492 696 2557 Filii
719 2498 825 2556 autem
847 2515 911 2556 non
928 2515 1052 2578 semper
1073 2495 1106 2558 in
1128 2495 1246 2578 iniqui-

72 2599 135 2658 tate
169 2601 420 2679 permanserunt.
467 2595 594 2661 Auditis
628 2598 751 2673 verbis,
788 2619 867 2681 quae
900 2598 1044 2662 Ecclesia
1066 2599 1142 2682 ipsis
1166 2600 1247 2663 dixit

72 2698 149 2775 vvis.
167 2699 208 2776 Π,
226 2698 269 2782 2),
299 2702 526 2784 paenitentiam
548 2709 680 2786 egerunt
712 2724 751 2765 ex
773 2706 841 2766 toto
874 2703 966 2766 corde
991 2702 1077 2783 (Sim.
1103 2703 1175 2781 Vll,
1200 2704 1244 2784 4).

72 2803 159 2868 Haec
182 2809 294 2869 auctor
323 2805 390 2888 ipse
413 2805 451 2869 de
473 2828 541 2870 sese
569 2807 682 2883 refert,
715 2810 747 2870 et
769 2806 859 2871 Zahn
883 2805 916 2887 (l.
941 2829 967 2871 c.
991 2831 1022 2891 p.
1049 2806 1190 2889 77-84)
1215 2813 1247 2873 et

73 2910 219 2992 quicum
241 2910 341 2973 secuti
370 2915 444 2974 sunt
465 2911 548 2975 hanc
576 2912 789 2976 narrationem
812 2915 989 2995 agnoscunt
1022 2934 1137 2977 veram.
1185 2912 1246 2988 Qui

72 3035 142 3077 vero
165 3013 285 3077 librum
314 3013 464 3078 ficticium
495 3016 614 3080 habent
636 3016 686 3079 vel
708 3016 842 3079 visiones
875 3017 914 3080 ab
937 3022 1065 3081 auctore
1093 3040 1156 3081 non
1180 3021 1246 3081 tam

72 3120 152 3183 visas
176 3140 273 3202 quam
304 3121 496 3203 compositas
529 3144 596 3186 esse
618 3125 757 3198 censent,
787 3122 1000 3185 narrationem
1028 3121 1117 3185 illam
1139 3123 1245 3205 potius

73 3223 206 3287 formam
236 3243 304 3286 esse
335 3223 535 3301 iudicabunt,
571 3248 633 3309 qua
655 3225 789 3288 Hermas
819 3248 894 3289 usus
917 3230 979 3302 est,
1016 3229 1052 3288 ut
1074 3225 1245 3288 sententias

73 3349 143 3391 suas
166 3333 349 3412 exponeret,
374 3334 405 3392 et
428 3329 460 3393 in
482 3330 585 3393 medio
609 3330 801 3413 relinquent,
833 3330 866 3393 in
889 3332 1040 3414 quantum
1063 3332 1173 3393 auctor
1197 3328 1244 3392 vi-

74 3435 136 3494 tam
166 3453 259 3496 suam
290 3433 498 3516 descripserit.
545 3432 624 3497 Cum
647 3456 701 3507 ea,
736 3456 816 3517 quae
840 3432 915 3497 Sim.
932 3430 1022 3508 IX,1
1047 3432 1085 3495 de
1108 3431 1246 3496 Arcadia

74 3535 227 3613 dicuntur,
252 3536 292 3599 ad
307 3537 467 3619 regionem
489 3539 577 3602 urbis
594 3537 784 3602 Orchomeni
807 3539 960 3621 quadrare
976 3537 1152 3613 videantur,
1176 3537 1242 3600 Ro·

140 3830 153 3883 l
176 3828 333 3883 Gaschictte
351 3828 398 3881 der
414 3829 622 3883 oltchra'otlicterv
642 3829 794 3883 Iritteratur
811 3827 845 3889 II,
865 3828 877 3880 Ι
896 3826 995 3895 (1897).
1015 3825 1074 3878 259.

125 3915 155 3968 '2
176 3916 247 3970 Cum
260 3916 330 3968 haec
341 3914 458 3985 plagula
469 3915 684 3984 imprimeretur,
698 3914 783 3968 liber:
803 3913 981 3968 Potristiache
997 3913 1242 3980 Uacerauctaopea,

74 4000 92 4053 l.
109 4001 168 4057 Der
184 4007 255 4057 erate
278 4002 364 4068 Brief
383 4002 429 4056 dcc
457 4003 606 4056 remiseras
627 4001 758 4068 Clemens,
786 4000 819 4054 Π.
839 4000 967 4069 Iynctiaav
995 4016 1046 4052 cors
1073 3999 1243 4065 Antiochiae,

72 4085 115 4141 111.
133 4090 195 4143 Der
211 4088 315 4158 ,Hirr
334 4089 381 4141 dea
392 4092 513 4155 Hermos,
534 4087 657 4157 (Lipsiae
672 4088 758 4154 1901),
778 4087 814 4140 ad
832 4102 876 4139 me
887 4085 1023 4154 pervenit,
1043 4100 1099 4151 quo
1117 4085 1148 4137 A.
1163 4084 1243 4137 Stahl

73 4172 263 4229 demonstrare
283 4177 410 4236 conatur,
424 4174 557 4228 Hermam
575 4176 710 4228 mandata
721 4173 959 4227 Montanistarum
977 4173 1143 4241 impugnare
1158 4175 1243 4239 atque

72 4259 179 4316 circiter
197 4260 280 4314 annis
300 4260 438 4315 165-170
456 4261 617 4330 scripsisse,
643 4262 739 4315 eodem
757 4263 885 4329 tempore
909 4259 995 4314 etiarn
1014 4257 1165 4313 Clementis
1185 4258 1243 4327 epi·

71 4347 171 4402 atulam
197 4347 320 4400 alteram
345 4345 490 4416 vulgatam
516 4347 603 4402 fuisse
620 4348 664 4402 vel
688 4346 834 4401 homiliam
857 4362 959 4399 nomen
978 4344 1130 4400 Clementis
1154 4343 1242 4398 feren-

70 4436 137 4497 tem,
167 4452 256 4503 quam
282 4434 419 4489 Hermam
438 4434 496 4489 Vis.
516 4434 549 4496 Π,
568 4436 629 4498 4,3
655 4436 794 4504 respicere
821 4435 912 4503 putat.
952 4433 1023 4487 Mihi
1049 4432 1244 4487 testimonium

70 4520 231 4594 l'ragmenti
251 4520 440 4576 Muratoriani
457 4520 521 4591 plus
538 4523 633 4575 valere
650 4522 763 4576 videtur
781 4537 866 4588 quam
884 4523 1057 4590 argumenta,
1077 4537 1150 4590 quas
1164 4519 1243 4574 Stahl

68 4611 171 4666 attulit.

994 4698 1032 4762 i*
