2834 5018
161 313 223 377 142
625 311 638 363 Ι
656 309 863 367 CLEMENTIS

157 482 300 566 τρέπεται
323 482 377 547 οὖν
399 485 480 569 ήμᾶς
495 486 696 562 πιστεύοντας
719 485 751 563 ἐξ
775 486 849 572 όλης
871 497 925 571 τῆς
946 489 1075 571 καρδίας
1097 489 1148 553 ἐπ’
1171 491 1267 574 αὐτῷ,
1290 495 1331 575 μή

157 589 270 671 ἀργοὺς
304 590 382 675 μηδὲ
413 590 615 674 παρειμένους
646 589 722 655 εἶναι
757 593 813 656 ἐπὶ
835 598 908 657 πᾶν
930 594 1030 679 ἔργον
1052 593 1196 677 ἀγαθόν.
1244 600 1273 662 5.
1297 600 1331 661 τὸ

157 692 306 777 καύχημα
328 692 416 777 ήμῶν
439 696 492 757 καί
515 694 536 777 ή
558 697 714 779 παρρησία
730 697 811 759 ἔστω
834 696 867 759 έν
890 698 990 780 αὐτῷ·
1015 697 1272 783 όποτασσώμεθα
1287 709 1329 784 τῷ

156 796 312 882 θελήματι
335 800 444 862 αὐτοῦ·
468 799 712 883 κατανοήσωμεν
735 801 770 862 τὸ
792 809 855 863 πᾶν
877 799 1002 884 πλῆθος
1025 811 1087 864 τῶν
1110 802 1255 887 ἀγγέλων
1278 807 1330 867 αό-

129 912 220 982 ττοῠ,
244 910 310 977 πῶς
332 910 376 985 τῷ
401 902 556 986 θελήματι
579 906 674 968 αὐτοῦ
697 903 925 989 λειτουργοῦσιν
940 916 1146 988 παρεστῶτες.
1192 912 1222 975 6.
1247 908 1330 994 λέγει

153 1009 214 1089 γὰρ
229 1006 249 1090 ή
264 1007 386 1091 γραφή·
411 1007 543 1093 Μύριοι
557 1010 717 1095 μυριάδες
733 1012 1020 1095 παρειστήκεισαν
1035 1015 1138 1096 αὐτῷ,
1154 1015 1211 1077 καὶ
1226 1015 1330 1096 χίλιαι

154 1111 301 1193 χιλιάδες
333 1113 567 1198 ἐλειτούργουν
596 1117 707 1198 αὐτῷ,
739 1116 796 1177 καὶ
829 1114 1029 1199 ἐκέκραγον·
1068 1115 1195 1199 Ἄγιος,
1226 1120 1329 1201 ἅγιος,

155 1220 248 1301 ἅγιος
272 1223 386 1305 κύριος
405 1219 560 1304 σαβαώθ,
583 1219 716 1304 πλήρης
732 1226 827 1284 πάσα
849 1223 871 1304 ή
894 1223 1000 1300 κτίσις
1015 1225 1074 1302 τῆς
1098 1217 1198 1304 δόξης
1214 1225 1327 1288 αὐτοῦ.

158 1325 186 1388 7.
210 1324 263 1385 καί
286 1323 373 1407 ἡμεῖς
402 1320 456 1386 οόν
480 1323 512 1387 ἐν
542 1325 671 1408 ὁμονοίᾳ
697 1324 746 1387 ἐπί
768 1326 803 1387 τδ
827 1327 903 1388 αὐτὸ
933 1324 1143 1406 συναχθέντες
1170 1336 1209 1410 τή
1232 1349 1329 1391 συνει-

120 1448 145 1486 ω
158 1426 261 1510 δήσει,
284 1427 327 1504 ὡς
350 1427 382 1505 ἐξ
405 1428 473 1504 ένδς
496 1429 648 1512 πόματος
671 1428 833 1513 βοήσωμεν
856 1431 932 1512 πρὸς
955 1431 1049 1492 αὐτόν
1072 1429 1205 1505 ἐκτενῶς
1228 1429 1271 1505 εἰς
1294 1431 1329 1492 τό

156 1530 307 1614 μετόχους
336 1530 417 1615 ήμοῐς
444 1533 595 1616 γενέσθαι
624 1542 686 1597 τῶν
716 1534 861 1618 μεγάλων
893 1535 946 1596 καί
969 1533 1101 1611 ἐνδόξων
1134 1534 1328 1618 ἐπαγγελιῶν

155 1638 260 1700 αὐτοῦ.
285 1640 313 1704 8.
338 1636 421 1721 λέγει
436 1638 512 1722 γάρ·
536 1638 738 1722 Ὀφθαλμδς
762 1642 823 1703 οὐκ
840 1640 928 1704 εἶδεν
951 1640 1007 1702 καὶ
1024 1642 1082 1720 οὕς
1106 1642 1167 1703 οὐκ
1182 1642 1328 1722 ήκουοεν

154 1743 210 1805 καὶ
239 1742 295 1806 ἐπὶ
323 1742 467 1827 καρδίαν
495 1740 686 1827 ἀνθρώπου
718 1746 779 1807 οὐκ
811 1745 932 1828 άνέβη,
965 1745 1030 1808 ὅσα
1052 1747 1238 1827 ἡτοίμασεν
1260 1751 1327 1824 τοῖς

153 1848 386 1927 ὑπομένουσιν
409 1849 522 1911 αὐτόν.

114 1967 140 2005 1⁵
243 1952 374 2017 XXXV.
400 1947 455 2025 Ὦς
471 1950 609 2033 μακάρια
631 1951 684 2012 καί
702 1952 872 2033 θαυμαστὰ
894 1953 933 2014 τὰ
955 1952 1040 2034 δῶρα
1063 1961 1117 2014 τοῦ
1139 1954 1229 2029 θεοῦ,
1252 1954 1328 2037 ἀγα-

153 2055 253 2139 πητοί.
301 2061 330 2122 2.
354 2056 420 2138 ζωή
444 2054 476 2118 ἐν
499 2054 677 2139 ἀθανασίᾳ,
705 2055 884 2140 λαμπρότης
907 2056 939 2118 ἐν
962 2055 1159 2139 δικαιοσύνῃ,
1190 2056 1327 2140 ἀλήθεια

154 2159 186 2223 ἐν
209 2159 380 2243 παρρησίᾳ,
410 2158 510 2234 πίστις
534 2158 566 2222 έν
588 2160 793 2243 πεποιθήσει,
826 2160 991 2244 ἐγκράτεια
1020 2161 1053 2224 έν
1081 2162 1243 2245 ἁγιασμῷ·
1275 2164 1327 2225 καί

153 2274 252 2326 ταῦτα
274 2263 443 2326 ὑπέπιπτεν
466 2264 568 2327 πάντα
590 2264 650 2327 ὑπὸ
674 2266 729 2347 τήν
753 2265 890 2328 διάνοιαν
906 2264 1004 2348 ήμῶν.
1051 2270 1080 2333 3.
1105 2265 1174 2328 τίνα
1196 2263 1251 2329 οόν
1268 2269 1327 2349 ἄρα

154 2366 236 2430 ἐστίν
258 2369 297 2430 τὰ
320 2367 545 2451 έτοιμαζόμενα
565 2377 629 2443 τοῖς
651 2368 873 2452 ὑπομένουσιν;
904 2371 920 2432 δ
944 2370 1127 2454 δημιουργὸς
1149 2372 1203 2433 καί
1226 2373 1328 2452 πατήρ

114 2481 216 2535 τετῶν
248 2471 370 2535 αἰώνων
398 2473 414 2534 δ
442 2473 593 2557 πανάγιος
624 2475 715 2549 αὐτὸς
744 2473 889 2559 γινώσκει
918 2477 973 2558 τήν
1003 2475 1162 2558 ποσότητα
1191 2476 1245 2536 καί
1272 2477 1326 2556 τήν

153 2575 310 2657 καλλονὴν
341 2579 453 2639 αὐτῶν.
498 2582 528 2642 4.
556 2576 643 2660 ήμεῖς
673 2575 727 2641 οὖν
757 2578 990 2662 ἀγωνισώμεθα
1019 2579 1185 2662 εόρεθήναι
1218 2578 1251 2641 έν
1283 2586 1325 2661 τῷ

156 2682 281 2765 ἀριθμῷ
305 2691 367 2745 τῶν
396 2683 612 2766 ὑπομενόντων
645 2683 754 2761 αὐτόν,
784 2685 869 2758 ὅπως
892 2682 1115 2768 μεταλάβωμεν
1146 2692 1208 2746 τῶν
1232 2683 1325 2767 έπηγ·

153 2785 312 2870 γελμένων
336 2786 470 2869 δωρεῶν.
515 2791 545 2852 5.
568 2796 635 2862 πῶς
657 2788 692 2850 δὲ
714 2788 801 2850 έσται
823 2797 933 2866 τοῦτο,
957 2786 1126 2871 ἀγαπητοί;
1160 2786 1215 2849 ἐὰν
1239 2786 1326 2870 έστη-

224 2974 237 3025 1
256 2970 481 3037 πιοτεόοντας>
494 2968 519 3022 Α
535 2968 539 3038 ί
555 2970 571 3022 2
583 2968 651 3039 μηδὲ
663 2967 708 3022 HS
723 2986 728 3020 :
741 2989 811 3039 μήτε
824 2970 849 3021 Α
865 2982 868 3032 Ι
885 2968 901 3021 8
914 2971 1002 3034 κτίσις
1014 2987 1020 3020 :
1034 2980 1069 3039 γη
1081 2967 1106 3019 Η
1120 2966 1192 3021 LXX
1209 2967 1213 3038 Ι
1232 2969 1264 3022 12
1276 2968 1325 3038 dm-

154 3058 263 3126 θαλμδς
281 3057 324 3109 A:
338 3054 356 3114 ii
373 3056 443 3127 ὀρθ.
456 3055 524 3108 HLS
540 3055 544 3124 1
562 3054 594 3110 13
613 3058 762 3127 ήτοίμαοεν
774 3058 799 3109 Α
812 3075 818 3109 ι
832 3059 864 3124 †
878 3056 972 3127 κύριος
984 3055 1052 3109 HLS
1067 3061 1072 3116 l
1091 3056 1123 3109 14
1140 3053 1326 3124 ὑπομένουσιν

152 3144 198 3197 AL
212 3164 218 3196 ε
231 3143 375 3216 ἀγαπῶσιν
393 3144 438 3197 HS
460 3144 464 3214 l
488 3142 520 3197 18
538 3140 691 3199 ὑπέπιπτεν·
714 3140 871 3210 (iunoniam
890 3142 927 3210 Η)
950 3143 1041 3198 πάντα
1053 3161 1059 3193 :
1071 3139 1266 3199 ὑποπίπτοντα
1285 3141 1325 3195 LS

152 3231 250 3300 Knopl'
264 3232 267 3301 Ι
287 3231 363 3297 19ί20
380 3234 426 3286 καὶ
443 3235 582 3301 πατήρ-
592 3229 728 3302 πανάγιος
740 3249 746 3282 :
759 3238 816 3287 τῶν
833 3229 942 3285 αἰώνων
959 3234 1005 3286 καὶ
1021 3234 1112 3300 πατὴρ
1130 3230 1267 3301 πανάγιος
1280 3227 1323 3295 H}

151 3319 186 3372 22
203 3317 289 3374 αὐτὸν
307 3315 591 3385 A=>HL8122J23
609 3314 705 3388 ἐπηγγ.
723 3322 835 3391 δωρεῶν
852 3316 899 3370 AL
912 3321 1041 3389 ιδωρεῶν
1058 3325 1115 3371 τῶν
1133 3313 1230 3387 έπηγγ.
1248 3316 1294 3369 HS

186 3486 209 3538 6.
228 3484 323 3538 Verba
331 3482 532 3551 prophetarum
541 3482 659 3535 laudata
668 3482 724 3536 iam
736 3491 739 3531 Ι
751 3484 857 3552 spicere
871 3486 974 3536 censet.
1012 3482 1083 3536 Mihi
1096 3484 1130 3536 de
1145 3482 1199 3535 hac
1212 3499 1242 3535 re
1254 3480 1324 3533 nihil

151 3570 181 3623 in
192 3570 316 3641 liturgiis
328 3570 471 3624 veteribus
485 3570 576 3623 locum
586 3570 723 3633 obtinent,
736 3542 739 3655 !
751 3569 821 3623 certi
840 3568 895 3620 dici
913 3585 996 3637 posse
1015 3569 1132 3622 videtur.

150 3656 180 3709 in
207 3655 330 3726 liturgiis
364 3655 604 3710 Constitutionum
633 3660 739 3726 apost!
785 3654 809 3708 8.
829 3654 934 3708 Eadem
961 3655 1021 3708 fere
1047 3656 1135 3709 verba
1154 3672 1171 3708 a
1188 3673 1207 3708 ε.
1236 3656 1325 3709 Paulo

151 3742 222 3805 VIII,
237 3746 277 3806 12,
296 3741 399 3803 Iacobi,
412 3741 508 3805 Marci,
521 3742 625 3807 Basilii,
639 3745 724 3815 Chry·
751 3744 763 3796 Ι
782 3742 842 3796 Cor.
862 3742 891 3804 2,
915 3743 931 3796 9
957 3741 1109 3796 laudantur
1134 3744 1283 3810 tamquam
1310 3759 1325 3797 e

151 3831 276 3892 soatomi
295 3831 382 3884 etiam
401 3846 419 3882 a
437 3829 539 3898 Cyrillo
552 3831 659 3886 Hieros.
673 3834 724 3887 Ca
750 3829 775 3881 S.
790 3829 934 3897 Scriptura
946 3829 1127 3898 deprompta3
1147 3829 1325 3897 reperiuntur

151 3918 224 3972 lach.
250 3920 332 3985 myst.
351 3917 383 3980 V,
403 3919 419 3971 6
443 3920 582 3984 δευήσεαι
607 3935 673 3987 pare
691 3888 836 3981 li-ietiam
855 3914 880 3966 ll
900 3915 985 3968 Clam.
1007 3916 1045 3978 11,
1067 3918 1096 3976 7;
1121 3916 1161 3977 14,
1180 3917 1210 3977 5;
1238 3915 1323 3969 Clem.

150 4005 261 4073 turgiae
299 4008 559 4058 commemorantur.
613 3988 800 4071 Probat,¹Ep.
827 4002 862 4054 ad
889 4000 958 4071 virg.
979 4003 1004 4063 Ι,
1024 4002 1049 4063 9,
1067 4003 1099 4063 4;
1127 4002 1208 4055 Mart
1231 4002 1323 4070 Polya

151 4088 276 4158 Ιάιιιτρίο
288 4090 335 4144 dar
353 4091 411 4144 ἄνοι’
423 4096 510 4144 ersten
528 4092 627 4146 christi.
641 4093 722 4147 Jahr-
750 4088 773 4151 2,
793 4090 824 4149 33
843 4088 936 4142 Consu
958 4105 1001 4157 ap.
1013 4088 1072 4149 vll.
1092 4091 1133 4150 32,
1152 4089 1181 4141 in
1200 4088 1322 4159 liturgiis

149 4177 278 4230 hundam
298 4176 364 4230 1870
384 4194 411 4245 p.
422 4177 455 4230 41
476 4193 545 4244 sqq„
566 4177 651 4230 etiam
664 4178 723 4233 Gle-
751 4175 980 4229 Iaoobietlllarci
993 4180 1044 4230 etc.
1065 4175 1217 4230 Referente
1227 4176 1322 4229 Hiero·

149 4262 273 4314 mentem
299 4262 345 4315 hie
371 4265 400 4315 et
426 4261 496 4315 alias
520 4262 664 4333 liturgiam
682 4280 723 4316 re·
750 4277 834 4330 nymo
853 4262 885 4314 In
903 4263 953 4315 les.
973 4264 1015 4323 64.
1033 4264 1064 4316 4:
1090 4263 1201 4332 Prolog.
1220 4263 1251 4316 in
1271 4263 1321 4316 Ge·
