2834 5018
432 680 482 735 AD
501 680 676 737 ROMANOS
695 682 741 748 IV,
755 682 852 749 s-v1,
867 685 889 738 1.
1181 692 1245 755 259

68 858 201 922 libertus
232 857 307 922 fiam
337 858 409 923 Iesu
442 858 559 926 Christi
591 864 624 926 et
654 860 687 924 in
717 861 788 945 ipso
819 885 984 948 resurgam
1015 863 1104 928 liber.
1151 864 1246 930 Nunc

67 964 191 1028 vinctus
215 964 301 1028 disco
324 965 404 1029 nihil
427 966 656 1050 concupiscere.

155 1067 193 1132 V.
219 1069 250 1134 A
274 1069 366 1153 Syria
388 1071 522 1136 Romam
543 1094 644 1156 usque
667 1095 738 1137 cum
760 1073 870 1137 bestiis
892 1094 1017 1158 pugno,
1041 1078 1126 1137 terra
1147 1076 1244 1139 mari·

67 1194 136 1254 que,
161 1179 256 1238 noctu
285 1180 317 1239 et
338 1176 493 1254 interdiu,
528 1177 679 1262 alligatus
702 1180 742 1242 ad
773 1178 880 1243 decem
902 1178 1084 1261 leopardos,
1120 1180 1173 1263 qui
1197 1184 1245 1244 est

66 1279 248 1362 manipulus
270 1280 424 1357 militum;
459 1282 512 1366 qui
542 1283 638 1347 etiam
664 1282 816 1347 beneficio
848 1288 978 1366 accepto
1006 1283 1129 1366 peiores
1159 1288 1271 1348 sunt.⁶

65 1381 199 1447 Illorum
222 1389 328 1450 autem
352 1387 473 1450 iniuriis
496 1388 599 1471 magis
622 1388 762 1465 erudior,
786 1391 849 1453 scd
863 1397 1005 1470 propter
1025 1390 1086 1451 hoc
1107 1408 1173 1452 non
1195 1394 1244 1452 iu·

66 1491 232 1567 stificatus
254 1510 337 1554 sum.
384 1493 413 1553 2.
438 1491 570 1556 Utinam
593 1492 681 1555 fruar
702 1492 814 1556 bestiis
836 1492 915 1557 mihi
934 1493 1140 1576 praeparatis,
1165 1515 1245 1577 quas

65 1598 97 1655 et
120 1597 197 1676 opto
228 1594 307 1658 mihi
329 1595 452 1659 veloces
485 1596 635 1671 inveniri3
668 1596 782 1680 quibus
806 1602 838 1661 et
859 1597 1017 1674 blandiar,
1050 1601 1086 1661 ut
1109 1597 1172 1661 cito
1194 1618 1244 1662 mc

65 1697 233 1776 devorem,
266 1721 331 1763 non
352 1705 388 1763 ut
418 1701 571 1784 quosdam
596 1701 711 1764 veritae
742 1723 807 1764 non
829 1702 1012 1787 tetigerunt.
1060 1700 1116 1766 Sin
1139 1706 1245 1766 autem

63 1800 139 1864 illae
163 1808 380 1886 repugnantes
402 1805 580 1878 noluerim,
612 1827 671 1889 ego
695 1827 748 1869 aas
782 1807 813 1869 vi
836 1806 1006 1890 appellam.
1053 1809 1083 1872 3.
1109 1807 1244 1871 Veniam
1258 1826 1283 1863 ιο

64 1906 143 1969 mihi
167 1908 257 1983 date;
283 1910 359 1993 quid
381 1911 460 1975 mihi
474 1912 585 1995 prosit,
612 1932 671 1995 ego
687 1912 769 1975 novi.
815 1910 909 1975 Nunc
931 1911 1048 1995 incipio
1071 1911 1244 1996 discipulus

64 2033 143 2075 esse.
189 2012 290 2077 Nulla
313 2035 362 2079 res
385 2020 451 2079 tam
474 2037 598 2091 earum,
633 2037 713 2099 quae
736 2014 877 2079 visibiles
900 2018 982 2087 sunt,
1007 2037 1103 2098 quam
1125 2037 1243 2091 earum,

64 2136 146 2198 quae
170 2118 229 2181 sub
260 2117 367 2182 oculos
399 2140 463 2183 non
495 2119 630 2196 cadunt,
662 2119 802 2183 animum
825 2140 930 2182 meum
960 2117 1081 2201 capiat,
1113 2123 1150 2183 ut
1171 2118 1243 2183 lesu

63 2220 192 2285 Christo
215 2222 336 2305 possim
358 2222 464 2305 potiri.
509 2222 597 2307 Ignis
621 2227 652 2287 et
675 2246 751 2288 crux
775 2229 806 2288 at
829 2223 968 2287 ferarum
991 2222 1167 2300 conflictus,
1193 2223 1242 2287 la·

62 2327 251 2404 ceratioues,
277 2327 505 2405 distractiones,
532 2328 756 2393 disiunctiones
779 2329 906 2403 ossium,
932 2327 1067 2391 concisio
1082 2329 1241 2392 membro·
1257 2344 1283 2382 ¹⁶

61 2453 149 2507 rum,
180 2432 279 2495 totius
303 2433 443 2514 corporis
467 2433 684 2507 contusiones,
718 2432 787 2496 dira
810 2431 929 2496 diaboli
957 2435 1115 2495 tormenta
1137 2432 1170 2495 in
1193 2453 1242 2496 me

60 2535 209 2609 veniant3
233 2535 430 2600 solummodo
453 2541 489 2600 ut
512 2536 616 2600 lesum
640 2535 801 2600 Christum
825 2556 1008 2619 consequar.

151 2639 208 2703 Vl.
234 2639 325 2704 Nihil
347 2641 426 2704 mihi
448 2642 621 2724 proderunt
642 2639 751 2704 mundi
784 2639 863 2703 fines
884 2660 987 2724 neque
1009 2639 1104 2704 huius
1127 2640 1244 2705 saeculi

60 2765 170 2828 regna.
221 2744 367 2809 Praestat
389 2745 469 2809 mihi
488 2746 522 2809 in
538 2744 663 2810 Christo
686 2744 759 2808 Iesu
774 2745 864 2822 mori,
889 2765 985 2827 quam
1009 2744 1124 2808 finibus
1140 2749 1243 2809 tarrae

59 2849 227 2932 imperare.
273 2848 369 2913 Illum
392 2872 518 2932 quaero,
544 2851 598 2933 qui
620 2871 677 2932 pro
693 2849 784 2913 nobis
808 2853 950 2912 mortuus
966 2853 1028 2924 est3
1053 2848 1144 2914 illum
1159 2849 1240 2928 volo,
1256 2866 1282 2904 ²⁰

131 3001 146 3053 7
165 3001 177 3053 1
197 3000 258 3054 Cor.
277 3003 302 3065 4,
321 3002 345 3056 4.

58 3140 118 3177 non
139 3124 230 3177 solum
249 3124 278 3176 in
292 3125 366 3178 Vitis
385 3123 507 3194 plurium
519 3124 637 3195 impera·
664 3145 726 3194 μην.
754 3154 789 3162 -
816 3123 932 3194 ὀναίμην
950 3129 1007 3178 τῶν
1025 3122 1140 3193 Qatnu]
1169 3123 1243 3176 Acta

59 3214 154 3263 torum
183 3211 289 3264 saeculi
308 3210 348 3263 111
375 3215 403 3265 et
430 3212 460 3264 in
480 3211 556 3266 Actis
574 3212 637 3266 Per·
665 3210 746 3279 Perp.
768 3212 796 3262 et
814 3207 871 3262 Fel.
896 3224 919 3261 c.
942 3210 987 3262 14:
1015 3212 1047 3262 ut
1069 3207 1176 3262 bestias
1202 3208 1241 3262 lu-

58 3301 166 3367 petuae
194 3302 223 3352 et
241 3298 398 3353 Felicitatis
417 3316 439 3352 c.
462 3300 499 3354 19.
519 3300 552 3354 21
579 3316 637 3354 sae·
667 3300 799 3350 oraretur.
819 3295 1080 3370 -προσβιάσομαι]
1101 3295 1143 3349 Gi.
1156 3296 1240 3350 Mart.

59 3385 173 3439 enom
184 3385 416 3439 incantamenta
429 3387 469 3448 ar,
484 3386 532 3439 seu
543 3387 636 3452 etiam,
649 3360 652 3430 l
666 3384 758 3453 Polyc.
778 3383 803 3447 a,
824 3384 846 3436 1.

59 3478 91 3527 ut
110 3471 264 3541 Lightl'oot
281 3474 368 3538 vidit,
388 3474 417 3527 in
436 3474 529 3528 edicto
548 3474 637 3529 Marci
700 3468 797 3533 3-Vl,
817 3470 842 3523 2.
870 3470 978 3540 Fragnu
1007 3487 1061 3538 syr.
1090 3470 1152 3524 Cur.
1180 3470 1239 3533 201,

59 3565 87 3615 et
108 3561 255 3614 Commodi
280 3561 309 3626 (i.
329 3578 351 3614 e.
381 3562 460 3614 annis
486 3563 635 3625 117-180;
664 3559 717 3611 235
736 3573 777 3623 sq.

58 3648 94 3700 cf.
115 3648 179 3716 Dig.
199 3646 323 3709 XXXIX,
342 3648 426 3716 4,16)
445 3652 474 3703 et
493 3664 510 3700 a
528 3649 635 3703 Galeno
699 3643 723 3697 3.
742 3643 838 3697 Ioann.
857 3643 931 3695 Mon.
951 3642 1013 3696 Cur.
1032 3642 1091 3707 206,
1109 3643 1161 3696 240
1180 3646 1240 3713 (μιν

57 3736 100 3788 De
119 3738 181 3787 atra
207 3734 264 3787 bile
292 3735 350 3787 cl
380 3735 462 3805 (Opp.
492 3736 534 3788 ed.
552 3735 636 3789 Kilhn
664 3733 716 3790 θὲν
735 3764 767 3771 -
780 3731 927 3803 ἀοράτων).
964 3730 1083 3785 Severus
1095 3731 1161 3783 Ant.
1176 3730 1238 3786 Cur.

58 3822 91 3883 V,
113 3822 174 3888 134)
203 3821 316 3875 saeculo
336 3821 363 3874 ll
389 3821 490 3878 medio.
515 3854 549 3861 —
574 3842 635 3894 στρ.
663 3821 721 3882 216,
741 3820 791 3873 241
809 3819 875 3889 (πῦρ
892 3817 971 3887 κτλ.).
990 3848 1023 3857 -
1042 3816 1170 3888 ζηλώσαι]
1197 3815 1239 3870 ef.

58 3909 162 3981 τάγμα]
186 3908 321 3963 Similiter
346 3909 496 3978 Dionysius
521 3910 564 3963 Al.
583 3908 634 3978 Ep.
664 3909 689 3962 ll
708 3907 770 3961 Cor.
791 3905 881 3968 11,2;
911 3903 972 3957 Gal.
990 3905 1015 3967 4,
1037 3905 1076 3959 17.
1100 3935 1135 3943 —
1158 3924 1239 3975 σκορ-

57 3996 95 4049 ad
114 3996 233 4049 Fabium
245 3998 309 4050 Ant.
331 3996 405 4065 apud
417 3996 483 4050 Eus.
496 3995 530 4048 Η.
545 3995 575 4050 Ε.
589 3996 635 4059 Vl,
662 3999 760 4064 πισμοὶ
779 3992 896 4062 ὀστέων]
916 3991 960 4044 Ps.
979 3994 1021 4055 21,
1042 3993 1088 4045 15:
1118 3997 1240 4064 διεσκορ-

55 4084 99 4143 41,
118 4082 161 4136 22.
191 4115 226 4123 -
253 4083 490 4155 εὐεργετούμενοι]
522 4083 635 4137 Fideles
662 4087 749 4152 urae,
768 4082 858 4138 πάντα
873 4079 906 4135 τὰ
924 4079 994 4136 ὀστᾶ
1004 4100 1068 4149 μου.
1104 4079 1240 4133 Similiter

56 4169 199 4223 militibus
212 4171 289 4224 dona
302 4170 445 4233 dederunt,
464 4173 635 4224 utmansue-
662 4169 707 4223 Ps.
727 4171 768 4229 52,
787 4168 818 4231 6;
840 4167 897 4229 149,
917 4168 941 4220 7.

55 4257 144 4310 tiores
178 4274 248 4326 erga
277 4257 419 4326 ignatium
447 4261 548 4311 essent.
592 4258 633 4313 Cf.
697 4254 742 4308 VI.
762 4255 927 4308 Timotheus
945 4253 1006 4307 Ael.
1026 4253 1089 4306 Cur.
1109 4255 1167 4317 211,
1187 4254 1238 4307 243

56 4344 152 4398 Const.
172 4361 216 4413 ap.
236 4343 269 4407 V,
291 4346 312 4396 1.
663 4344 763 4410 (καλὸν
779 4343 859 4409 κτλ).

91 4432 115 4485 2.
136 4432 256 4485 Ioannes
269 4432 410 4499 Chrp'sost.
420 4431 451 4483 ln
458 4431 517 4500 lgn.
529 4449 634 4487 encom.
699 4433 720 4484 1.
741 4428 821 4486 οὐδὲν
839 4429 910 4499 att]
930 4427 972 4482 ef.
983 4427 1084 4483 Matth.
1101 4430 1140 4492 16,
1152 4428 1238 4482 26.-

54 4538 76 4573 c.
98 4521 114 4572 5
135 4519 190 4589 (ed.
211 4518 314 4572 Bened.
335 4519 367 4580 11,
379 4519 441 4588 599)
460 4518 557 4574 laudat
574 4536 634 4573 ver·
661 4520 747 4576 καλὸν
759 4539 807 4588 μοι
817 4516 982 4586 ἀποθανεῖν]
1002 4516 1045 4570 cf.
1059 4517 1183 4580 10019,
1198 4517 1237 4570 15.

53 4610 105 4662 ba:
133 4607 212 4680 Ἐγὼ
230 4616 286 4664 τῶν
305 4612 412 4681 θηρίων
430 4606 542 4663 ἐκείνων
560 4606 634 4663 ὀναί-
662 4637 697 4645 -
713 4605 843 4676 καλὸνῆ]
868 4605 911 4659 cf.
936 4604 1055 4659 lGlem.
1075 4605 1123 4668 51,
1142 4605 1159 4659 8
1177 4605 1237 4657 not

964 4694 1029 4760 11*
