2834 5018
411 631 461 687 an
481 631 561 687 coa.
579 629 691 696 xxxv,
709 630 886 696 s-xxxu,
903 632 930 686 a
1194 636 1257 702 145

96 834 165 878 nens
189 818 301 878 nostra
332 813 468 878 fideliter
495 813 528 877 in
557 814 650 877 deum
679 811 822 876 stabilita
845 809 956 887 fuerit,
986 811 1014 874 si
1035 814 1129 895 grata
1150 809 1200 874 illi
1223 816 1255 875 et

96 920 210 1001 coepta
233 916 402 1001 diligenter
431 915 691 999 quaesiverimus,
724 916 767 991 si,
795 936 875 1000 ques
898 915 938 978 ad
969 913 1164 998 inculpatam
1187 914 1254 979 cius

100 1021 277 1085 oluntatem
292 1024 448 1104 spectant,
473 1019 640 1085 fecerimus
655 1024 688 1084 et
709 1020 793 1084 viam
807 1018 952 1083 veritatis
975 1018 1075 1083 secuti
1091 1018 1256 1097 fuerimus,

97 1125 251 1190 bicientes
274 1147 293 1189 a
315 1125 408 1189 nobis
430 1146 556 1189 omnem
571 1125 768 1202 iniustitiam,
792 1123 955 1200 malitiam,
980 1122 1154 1200 avaritiam,
1179 1145 1255 1188 con·

96 1231 252 1307 entiores,
280 1229 421 1294 malitias
444 1234 477 1294 et
498 1230 643 1307 fraudes,
676 1230 907 1294 susurrationes
938 1232 970 1292 et
998 1228 1283 1307 obtrectationes,e

96 1334 186 1397 rdium
209 1334 269 1409 dei,
294 1334 484 1416 superbiam,
510 1334 637 1411 fastum,
661 1356 776 1399 vanam
798 1333 935 1418 gloriam
958 1336 990 1396 et
1015 1331 1256 1416 inhospitalita-

96 1460 152 1502 em.
201 1439 230 1501 6.
256 1436 317 1513 Qui
340 1438 424 1502 enim
447 1439 526 1503 haec
548 1440 682 1516 faciunt,
718 1439 777 1503 deo
800 1438 872 1502 odio
894 1441 985 1513 sunt,
1008 1457 1110 1520 neque
1133 1436 1182 1500 illi
1203 1458 1256 1502 so-

96 1565 154 1615 um,
181 1542 236 1626 qui
258 1541 338 1606 haec
352 1541 484 1619 faciunt,
508 1544 564 1607 sed
585 1548 618 1607 et
634 1542 688 1627 qui
707 1543 746 1606 iis
762 1541 972 1606 consentiunt
1019 1541 1048 1605 7.
1072 1539 1159 1605 Dicit
1174 1541 1257 1605 enim

96 1646 254 1729 criptura:
299 1649 472 1711 Peccatori
505 1655 615 1711 autem
649 1649 737 1711 dieii
769 1648 868 1710 deus:
905 1647 1014 1721 Quare
1048 1653 1087 1708 iu
1115 1665 1258 1710 enarras

96 1756 232 1814 notitiae
255 1771 347 1815 meac
370 1760 403 1815 ei
431 1758 577 1815 acertmie
599 1759 830 1815 testamentum
863 1768 970 1814 mcum
987 1769 1053 1831 per
1074 1769 1113 1813 oe
1140 1754 1296 1814 iuumiro

96 1860 109 1916 l.
141 1857 188 1917 Tu
213 1861 300 1918 enim
335 1858 437 1920 odisti
459 1859 670 1937 disciplinam
701 1865 734 1919 et
759 1860 936 1937 proiecisti
965 1873 1137 1919 eerrnonee
1166 1873 1258 1918 ineos

96 1968 280 2022 cirorcum.
328 1960 366 2022 Si
388 1961 523 2023 ridebas
535 1962 661 2039 furem,
684 1961 844 2022 currebas
858 1978 931 2021 curn
947 1978 997 2039 eo,
1019 1967 1053 2022 et
1074 1978 1147 2022 cum
1163 1961 1256 2023 adul·

96 2069 165 2126 eric
183 2064 373 2143 portionem
404 2072 495 2126 tuorn
518 2067 676 2145 ponetur.
728 2067 771 2129 Oe
794 2072 885 2127 icium
914 2065 1093 2128 abundarit
1114 2067 1257 2143 malitia,

96 2174 115 2228 *t
136 2169 252 2245 licique
282 2175 340 2229 tuo
370 2170 589 2231 coricinnabai
618 2169 722 2232 dolor.
772 2169 898 2231 Sedens
921 2170 1080 2232 οοοονοιιο
1108 2170 1256 2247 fratrem

96 2290 172 2334 uuio
190 2273 392 2351 loquebaris,
403 2279 436 2334 el
448 2274 519 2350 filio
536 2278 656 2336 mairie
672 2280 750 2335 iriae
760 2274 910 2354 ponebas
926 2275 1087 2353 Ιοοοονιοι.
1112 2272 1141 2336 9.
1166 2275 1256 2336 Haec
1269 2288 1295 2327 1⁶

96 2379 195 2440 ’τιν’τιν’
219 2384 252 2439 ei
275 2382 383 2455 lucrm
416 2382 640 2455 ecieiinmeii,
670 2383 801 2457 inique,
835 2397 888 2441 me
916 2382 966 2440 tui
996 2379 1140 2440 similem
1166 2378 1255 2455 fore.

96 2481 130 2544 0.
157 2481 302 2559 Arquom
326 2490 376 2559 ie,
408 2489 440 2544 ei
462 2488 608 2544 statuam
633 2489 665 2544 ie
687 2490 804 2545 contra
831 2483 957 2559 faciem
980 2489 1081 2544 [carn.
1128 2481 1178 2545 11.
1201 2483 1256 2544 In·

97 2588 231 2665 elicuite
253 2592 366 2666 utique
387 2588 478 2663 tace,
502 2593 558 2666 qui
579 2589 813 2650 obliviscimini
834 2588 947 2665 deum,
980 2604 1023 2648 ne
1045 2587 1175 2664 quando
1198 2605 1255 2648 ra·

96 2697 152 2754 iat
176 2711 233 2753 coe
256 2699 424 2770 tanlquam
449 2693 499 2753 leo
516 2709 620 2771 ireque
642 2696 698 2770 cil,
722 2696 777 2770 qui
797 2696 927 2772 eripiat.
975 2688 1024 2752 12.
1050 2691 1256 2769 Sacrificium

96 2797 194 2858 audie
217 2795 448 2873 horrorificotii
470 2813 531 2872 me,
555 2802 588 2857 ei
609 2797 681 2858 illic
703 2800 787 2874 iter,
811 2813 873 2874 quo
896 2795 1068 2858 ostendam
1090 2796 1145 2858 ilii
1166 2797 1256 2857 coiu-
1270 2810 1296 2850 ec

96 2917 145 2962 em
169 2900 232 2961 dci.

167 3001 315 3065 XXXVI.
341 3002 430 3066 Haec
453 3007 501 3066 est
523 3003 585 3081 via,
610 3003 725 3077 dilecti,
748 3002 782 3065 in
806 3022 869 3085 qus
891 3001 1027 3067 salutem
1042 3006 1185 3066 nostram
1205 3001 1256 3065 in·

96 3105 237 3183 enimus,
266 3106 371 3170 Iesum
406 3106 582 3183 Christum,
623 3107 820 3172 oblationum
853 3110 1033 3171 nostrarum
1064 3106 1255 3191 pontificem,

96 3210 273 3274 nfirmitatis
296 3217 422 3275 nostrae
437 3215 606 3294 patronum
630 3216 663 3276 st
677 3212 907 3276 auxiliatorem.
953 3213 983 3275 2.
1007 3210 1070 3275 Per
1084 3209 1169 3274 hunc
1184 3231 1255 3274 ees·

96 3337 184 3378 orum
208 3313 408 3378 altitudinem
431 3316 639 3400 adspicimus3
670 3339 728 3400 per
749 3317 834 3381 hunc
855 3317 981 3381 vultum
1012 3317 1080 3381 eius
1101 3315 1255 3379 immacu-
1269 3327 1296 3366 ²⁸

96 3423 181 3482 atum
213 3423 245 3482 et
268 3419 428 3483 excelsum
460 3421 677 3504 speculamur;
712 3442 769 3505 per
798 3420 883 3485 hunc
913 3420 997 3485 oculi
1028 3420 1132 3484 cordis
1154 3418 1256 3484 nostri

96 3523 182 3606 ‚perti
207 3527 302 3598 sunt,
333 3546 391 3607 per
413 3523 497 3589 hunc
526 3525 678 3609 insipiens
701 3531 732 3589 et
763 3526 933 3590 obscurata
964 3546 1052 3589 mens
1084 3528 1195 3589 nostra
1221 3523 1255 3587 in

96 3648 183 3692 ocem
217 3626 402 3703 efflorescit;
438 3650 495 3711 per
530 3628 614 3693 hunc
642 3629 744 3693 voluit
777 3629 921 3693 dominus
954 3650 1013 3692 nos
1044 3628 1256 3694 immortalem

149 3764 167 3818 9
186 3763 232 3816 Pe.
249 3762 292 3825 49,
313 3764 425 3818 16-23.

114 3887 139 3939 6.
159 3885 193 3944 οὐ
210 3887 300 3955 μόνον
319 3884 389 3953 κτλ]
409 3884 450 3937 Cf.
471 3883 550 3937 Rom.
572 3885 594 3945 l,
613 3883 655 3937 32.
682 3882 732 3950 τὰς
744 3887 968 3956 θεοπρεπεῖςκαὶ
980 3882 1153 3958 ὑψηλοτέρας
1165 3881 1255 3955 ἀφῆκε

116 3972 243 4033 XXXVI,
265 3975 286 4027 1.
318 3969 447 4043 ἀρχιερέα
475 4009 508 4022 ..
535 3970 655 4042 προοτά-
682 3974 745 4043 περὶ
763 3969 849 4026 αὐτοῦ
868 3973 970 4043 φωνάς.

97 4059 138 4131 ην]
158 4058 201 4113 Cf.
222 4060 263 4122 61,
285 4059 314 4122 3;
334 4059 375 4111 64.
413 4056 605 4120 Hebr.2,17;
630 4057 654 4120 3,
717 4056 741 4109 2.
760 4055 845 4110 (ilem.
874 4058 917 4111 Al.
946 4056 1185 4122 Strom.IV,17,
1207 4055 1256 4112 112

103 4165 109 4207 ;
127 4148 152 4209 4,
174 4147 214 4200 14.
236 4147 282 4208 15;
301 4147 360 4209 5,1.
379 4147 395 4198 5
415 4147 467 4197 etc.
503 4142 597 4197 Habes
610 4143 656 4196 hic
682 4160 709 4211 p.
723 4144 773 4198 613
793 4146 821 4215 (ἡ
839 4143 1017 4211 ἀσύνετος-
1035 4143 1208 4217 γεύσασθαι).
1222 4172 1255 4180 -

96 4234 195 4287 ertium
213 4231 306 4287 locum
329 4232 375 4297 (cf.
395 4231 437 4292 20,
456 4231 487 4292 8;
506 4230 547 4292 25,
567 4229 654 4299 2-5),
682 4226 828 4301 ὀφθαλμοὶ
838 4243 886 4301 τῆς
894 4229 1018 4304 καρδίας]
1030 4230 1071 4284 Cf.
1083 4229 1164 4293 59‚3;
1183 4227 1255 4298 Epln

96 4320 128 4386 ¹ni
159 4318 279 4373 offendit
317 4318 457 4372 Photium.
506 4317 656 4386 Vituperat
685 4320 706 4380 1,
727 4317 773 4378 18;
792 4317 883 4385 Polyc
904 4317 986 4370 Mart.
1005 4319 1029 4380 2,
1049 4319 1073 4372 3.
1098 4348 1133 4356 —
1157 4315 1256 4388 ἡάοἴν

96 4406 311 4473 unimores)
330 4405 510 4466 Clementem,
529 4401 571 4460 ὅτι
591 4403 654 4476 ἀρχ-
683 4403 839 4473 νετοςκτλ.]
859 4403 978 4457 Videtur
987 4403 1116 4458 Clemens
1133 4403 1257 4457 alludere

96 4493 153 4569 ερέα
190 4496 236 4549 καὶ
271 4492 432 4566 προστάτην
471 4492 521 4548 τὸν
559 4491 655 4562 κύριον
682 4490 718 4544 sd
738 4489 751 4542 I
768 4491 842 4544 Petr.
861 4491 884 4555 2,
903 4491 927 4544 9.
948 4490 989 4545 uf.
1001 4492 1080 4545 Rom.
1091 4493 1113 4554 l,
1124 4490 1165 4547 21.
1184 4489 1255 4560 spu

96 4587 158 4648 μῶν
180 4583 212 4637 ’1.
238 4580 363 4650 Χριστὸν
389 4577 566 4648 ἐξονομάζων
592 4576 655 4635 οὐδὲ
681 4580 705 4641 4,
728 4576 769 4631 18.

132 4684 241 4734 Funk,
260 4685 341 4724 Patres
356 4688 432 4733 apost
448 4683 483 4724 ed.
494 4684 527 4724 11.
1008 4669 1050 4736 m
