2834 5018
166 326 216 392 cn
598 323 885 380 raonusouuua

157 503 442 586 manuscriptorum
465 502 499 566 in
513 503 712 567 monasteriis
727 503 843 567 montis
859 502 996 567 Athonis
1013 508 1242 568 asservatorum
1259 525 1337 568 con·

157 608 275 684 ficeret,
307 607 341 670 in
372 608 562 671 monasterio
585 606 730 692 Gregorii
759 629 815 672 sex
845 608 924 673 folia
946 608 1025 672 vidit
1048 613 1171 692 partem
1192 609 1337 673 Pastoris

158 711 359 789 continentia,
382 715 414 775 et
436 733 508 776 cum
528 711 626 795 paulo
648 717 722 795 post
743 712 823 777 folia
845 713 1050 778 describenda
1072 717 1204 789 curaret,
1229 713 1334 777 auim-

159 816 310 892 adverffit,
343 837 381 880 ea
410 816 525 879 codicis
557 815 709 880 Simonidi
740 817 896 900 propositi
930 823 963 882 et
1001 817 1124 899 fontem
1155 816 1337 902 apographi

157 919 329 1004 Lipsiensis
352 941 429 984 esse.
476 918 570 984 Arme
595 921 677 984 1887
701 919 726 983 Ι.
750 919 789 984 A.
814 921 978 1007 Robinson
1001 922 1119 986 codicis
1144 922 1260 986 detecti
1274 942 1334 985 no-

157 1025 262 1089 titiam
284 1031 397 1090 nactus
419 1028 477 1100 est,
501 1029 533 1088 et
556 1047 583 1088 a.
611 1026 694 1090 1888
718 1026 784 1090 eius
807 1026 956 1091 lectiones
978 1027 1011 1090 in
1025 1027 1108 1091 libro
1122 1027 1186 1090 iam
1208 1025 1336 1108 saepius

157 1127 288 1193 laudato
318 1128 502 1212 publicavit
547 1127 598 1191 Ita
629 1129 726 1192 codex
754 1129 928 1212 pretiosus,
963 1131 1013 1194 cui
1045 1131 1234 1213 scripturam
1267 1129 1336 1194 fere

158 1238 260 1298 totam
282 1254 394 1317 graece
410 1234 568 1309 debemus,
591 1237 761 1317 postquam
777 1235 831 1297 diu
845 1234 974 1298 maioris
989 1235 1089 1318 partis
1112 1233 1335 1319 apographum

158 1338 262 1404 solum
285 1337 462 1414 habuimus,
485 1339 553 1421 ipse
575 1339 609 1401 in
630 1337 734 1402 lucem
756 1339 884 1422 prodiit.
930 1338 1023 1404 Folia
1047 1339 1149 1404 adhuc
1170 1339 1204 1402 in
1225 1343 1336 1402 monte

159 1440 247 1506 Atho
271 1448 432 1507 asservata
455 1446 529 1507 sunt
553 1445 580 1520 1,
605 1443 634 1520 2,
659 1443 689 1519 3,
714 1445 744 1520 4,
770 1445 800 1519 7,
825 1443 854 1521 8,
879 1443 959 1508 folia
980 1443 1121 1526 Lipsiam
1142 1442 1241 1507 allata
1257 1443 1287 1517 5,
1304 1443 1334 1520 6,

159 1548 211 1610 9¹.
257 1546 393 1611 Harmer
419 1547 531 1611 Patres
555 1547 745 1630 apostolicos
770 1570 797 1611 a.
824 1549 905 1612 1891
930 1549 1025 1612 edens
1039 1547 1159 1631 primus
1175 1547 1334 1621 subsidiis,

158 1672 239 1734 quae
261 1649 412 1715 lambros
435 1657 467 1716 et
488 1651 652 1717 Robinson
668 1653 760 1717 nobis
774 1657 972 1736 paraverant,
995 1653 1043 1717 uti
1058 1652 1173 1736 potuit.
1212 1652 1335 1716 Eodem

158 1756 292 1839 denique
327 1777 419 1833 anne,
454 1778 516 1841 quo
547 1757 605 1842 illa
636 1756 732 1821 editio
762 1757 920 1839 apparuit,
951 1756 992 1823 U.
1018 1753 1189 1820 Wilcken²
1219 1755 1334 1820 folium

158 1880 370 1942 papyraceum
393 1860 646 1943 antiquissimum
671 1859 764 1941 (saec.
787 1860 835 1924 IV
857 1865 893 1924 ut
907 1858 1043 1941 videtur)
1067 1860 1145 1923 duas
1159 1858 1334 1942 particulas

159 1963 301 2028 Pastoris
334 1965 506 2042 continens,
540 1989 582 2031 sc.
619 1965 695 2030 Sim.
724 1964 765 2043 ΙΙ,
792 1966 916 2039 7-1(1;
949 1964 1005 2043 IV,
1030 1965 1124 2041 2—5,
1148 1964 1333 2048 publicavit.

159 2067 293 2147 Folium,
325 2067 449 2133 Faiumi
479 2069 642 2133 inventum
665 2073 697 2133 et
719 2092 738 2133 a
761 2069 873 2133 Museo
896 2069 1093 2134 Berolinensi
1115 2074 1335 2152 comparatum

159 2177 255 2257 atque
278 2195 314 2237 eo
337 2173 480 2256 inprimis
501 2173 685 2257 pretiosum,
710 2173 795 2256 quod
816 2172 1005 2236 versiculum
1019 2171 1126 2249 tradit,
1152 2174 1207 2255 qui
1229 2174 1262 2237 in
1279 2196 1333 2239 co·

159 2277 226 2340 dice
249 2276 385 2341 Athensi
407 2277 574 2352 exciderat,
599 2278 632 2341 in
654 2277 714 2341 huc
737 2277 872 2341 editione
894 2276 1031 2361 primum
1055 2278 1095 2341 ad
1117 2281 1241 2341 textum
1256 2300 1333 2342 con·

159 2381 351 2445 stituendum
375 2380 551 2445 adhibetur.

247 2483 398 2548 Clausala
426 2483 600 2566 scripturae
621 2484 673 2547 vel
695 2484 769 2548 Sim.
794 2485 848 2562 IX,
878 2486 929 2561 30,
954 2484 1059 2563 3—X,
1091 2508 1163 2550 cum
1183 2490 1334 2550 textusa

160 2587 319 2653 Simonide
349 2588 499 2672 vulgatus
530 2609 594 2652 non
628 2589 734 2652 codice
764 2589 871 2672 aliquo
902 2589 1037 2653 traditus
1068 2591 1118 2669 sit,
1152 2591 1334 2655 etiamnunc

159 2715 270 2778 graece
297 2695 393 2758 deest.
411 2692 597 2776 Hilgenfeld
611 2693 645 2756 in
660 2693 796 2758 editione
812 2693 953 2757 Pastoris
968 2695 1062 2758 tertia
1085 2694 1128 2779 (p.
1148 2694 1333 2776 126-130)

159 2799 349 2882 particulam
372 2820 485 2882 graece
507 2798 671 2861 restituere
694 2803 825 2862 conatus
855 2801 911 2861 est.
957 2799 1020 2862 Pro
1042 2821 1112 2864 meo
1135 2800 1217 2864 libro
1240 2800 1333 2863 suffi-

160 2925 229 2968 cere
251 2904 383 2981 videtur,
409 2905 555 2968 lacunam
577 2902 771 2965 versionibus
794 2901 951 2965 veteribus
980 2903 1116 2986 explere.
1162 2904 1334 2968 Versiones

159 3009 254 3073 etiam
285 3009 324 3072 ad
357 3013 480 3072 textum
511 3008 743 3084 recensendum,
778 3007 965 3089 praesertim
995 3009 1028 3071 in
1060 3029 1098 3072 ea
1119 3013 1219 3092 parte,
1251 3029 1334 3091 quae

159 3133 270 3196 graece
293 3112 399 3175 codice
421 3110 557 3174 Athensi
579 3116 702 3175 tantum
724 3112 869 3189 traditur,
899 3112 1094 3194 permultum
1118 3113 1331 3178 contriburmt.

159 3216 351 3300 Saepissime
367 3221 473 3279 autem
486 3220 602 3292 textus,
620 3237 682 3299 quo
697 3215 850 3289 nituntur,
868 3216 921 3279 vix
939 3217 1060 3281 definiri
1074 3221 1190 3301 potest.
1228 3216 1332 3293 Quare

159 3344 266 3387 earum
288 3321 438 3385 lectiones
460 3340 524 3383 non
545 3341 652 3383 omnes
675 3323 834 3396 notantur,
859 3321 914 3383 sed
935 3320 1062 3384 nonnisi
1076 3342 1142 3397 ese,
1167 3343 1247 3404 quae
1263 3342 1332 3384 cer-

158 3431 211 3491 tae
239 3427 291 3492 vel
319 3425 449 3490 maioris
478 3423 629 3487 momenti
658 3426 740 3485 sunt.
788 3421 851 3487 Ubi
879 3423 1014 3487 testibus
1038 3423 1271 3488 discedentibus
1299 3425 1332 3487 in

96 3578 101 3587 ·
159 3536 315 3616 apparatu
338 3530 445 3594 critico
467 3550 531 3591 una
553 3526 603 3591 vel
626 3526 726 3591 altera
741 3526 842 3590 versio
859 3527 1060 3606 desideratur,
1084 3529 1117 3593 id
1139 3529 1211 3592 inde
1227 3528 1332 3612 expli·

159 3640 257 3711 caten,
282 3634 366 3719 quod
389 3633 456 3697 eius
478 3631 573 3695 lectio
587 3652 650 3694 non
665 3630 775 3714 liquet.
821 3630 966 3714 Denique
980 3631 1059 3696 haec
1074 3632 1231 3696 monenda
1247 3638 1332 3697 sunt.

230 3844 241 3894 1
262 3840 341 3894 Pelia
360 3841 389 3892 l'
408 3842 437 3893 et
454 3838 482 3893 9Ι
501 3839 561 3891 arte
577 3836 806 3906 photographica
818 3836 929 3890 reddita
949 3837 1062 3891 exstant
1080 3836 1334 3906 inByaantinischc

158 3929 314 3997 Zeitsclrrift
331 3928 365 3989 11,
386 3927 461 3981 1893.

228 4016 245 4067 2
266 4014 361 4082 Tafcln
378 4031 428 4067 sur
444 4014 546 4068 r'r'ltcrcn
570 4011 749 4082 griechischen
769 4011 996 4080 Palaeoprapttc,
1024 4008 1139 4077 Lipsiae
1158 4013 1186 4063 et
1205 4009 1332 4063 Berolini

161 4102 235 4156 1891.
256 4100 324 4154 Tab.
340 4101 388 4156 III.
426 4100 625 4172 Fragmentum
638 4098 811 4167 repetierunt
829 4101 858 4151 et
871 4095 1049 4150 illustrarunt
1061 4095 1139 4150 Diels
1158 4097 1187 4148 et
1198 4095 1332 4149 Harnack

159 4189 189 4241 in
209 4188 447 4257 Sdaacpsbcricttc
473 4188 520 4243 der
547 4189 671 4242 Berlincr
696 4185 842 4239 Akadcmr'c
867 4185 915 4239 der
941 4184 1020 4239 Wiss.
1043 4183 1107 4237 1891
1128 4201 1155 4251 p.
1173 4183 1332 4247 427-431;

159 4274 289 4330 Ehrhard
307 4275 336 4328 in
358 4275 480 4346 Tlrcoloq.
502 4274 713 4345 Qrcartalecbrift
733 4272 800 4327 1892
817 4290 844 4341 p.
863 4271 1010 4326 aee-303.
