2834 5018
518 631 696 687 EPISTULA
713 631 772 697 XV,
790 632 867 686 4-9.
1239 640 1280 704 85

102 811 192 875 mille
216 833 325 876 annos.
370 810 444 895 Ipse
468 816 573 874 autern
595 812 674 875 mihi
696 816 833 876 testatur
856 813 978 876 diceus:
1013 814 1281 893 111111111εά0-

102 923 185 981 mim·
208 923 457 996 1111111111111
481 919 574 981 mille
590 924 678 980 unni.
724 917 845 999 Itaque,
862 917 929 992 filii,
952 917 986 981 in
1002 938 1056 982 sex
1077 919 1196 993 diebus,
1221 918 1282 983 hoc

103 1029 160 1093 est,
184 1022 218 1086 in
241 1043 297 1086 sex
321 1044 475 1086 annorum
504 1023 631 1087 milibus
655 1023 955 1087 consummabuntur
982 1023 1136 1087 universa.
1184 1025 1212 1087 5.
1238 1026 1284 1088 Et

103 1134 265 1208 requievit
287 1129 342 1191 dic
364 1134 522 1209 septicam
543 1128 604 1191 hoc
627 1129 686 1191 ait:
712 1129 837 1211 quando
852 1129 979 1192 venians
1002 1128 1069 1192 eius
1090 1128 1176 1193 filius
1198 1134 1279 1195 1111-

102 1254 162 1315 pus
193 1232 296 1316 iniqui
330 1232 470 1296 abolebit
502 1237 534 1296 et
566 1233 719 1297 iudicabit
746 1232 862 1316 impios
895 1255 931 1297 ac
958 1233 1097 1296 mutabit
1126 1233 1226 1297 solem
1249 1239 1307 1298 et⁶

104 1338 212 1401 lunam
235 1336 417 1420 stellasque,
442 1342 519 1400 tunc
542 1336 651 1420 pulcre
673 1337 848 1420 requiescet
871 1337 920 1401 die
936 1336 1079 1419 septima.
1126 1338 1155 1400 6.
1180 1338 1279 1402 Deni-

104 1462 163 1526 que
187 1442 250 1506 ait:
286 1444 518 1521 Sarwtificobis
550 1462 623 1506 eum
655 1444 807 1506 mortibus
838 1444 1026 1505 1111111111
1056 1444 1156 1505 corde
1182 1461 1280 1523 puro.

104 1545 136 1609 Si
152 1568 230 1632 ergo
254 1569 349 1630 quam
366 1547 449 1610 diem
472 1548 550 1611 deus
566 1546 782 1621 sanctificarit,
808 1546 924 1630 aliquis
940 1568 1023 1610 nunc
1038 1550 1146 1629 potest
1161 1547 1280 1611 sancti·

102 1652 196 1715 ficare
211 1652 348 1716 mundus
371 1652 475 1728 corde,
501 1652 533 1714 in
549 1653 693 1716 omnibus
710 1652 890 1715 erravimus.
939 1652 968 1714 7.
992 1650 1089 1715 Vide:
1113 1672 1189 1735 ergo
1205 1655 1280 1715 tunc

102 1756 210 1838 pulcre
228 1756 424 1839 quiescentes
440 1757 707 1822 sanctificabimus
723 1779 801 1833 eam,
820 1779 891 1820 cum
906 1757 1080 1839 poterimus
1102 1757 1165 1840 ipsi
1186 1756 1280 1819 iusti-
1294 1762 1319 1798 ¹⁰

101 1861 185 1924 ficati
209 1866 242 1925 et
264 1861 505 1944 promissionem
530 1863 706 1937 consecuti,
732 1862 836 1925 deleta
858 1861 1035 1944 iniquitate,
1059 1861 1184 1925 novatis
1206 1881 1281 1924 vero

104 1966 224 2030 cunctis
248 1987 267 2028 a
290 1966 433 2041 domin03
459 1970 534 2030 tunc
556 1968 730 2049 poterimus
754 1990 824 2031 eam
848 1966 1053 2041 sanctificare,
1078 1967 1105 2029 si
1128 1966 1280 2031 fuerimus

102 2070 160 2153 ipsi
184 2071 274 2153 prius
298 2071 495 2134 sanctificati.
543 2073 572 2135 8.
597 2071 732 2135 Demum
755 2072 820 2134 illis
844 2071 935 2134 dicit:
968 2073 1146 2134 Nouilum'u
1170 2079 1281 2134 oestro

103 2185 134 2238 el
155 2178 298 2238 sabbata
321 2195 386 2239 non
406 2178 496 2253 fero.
542 2174 685 2251 Gemite,
715 2176 871 2260 quomodo
898 2174 1066 2258 loquatur:
1098 2197 1162 2238 non
1185 2194 1279 2257 prae-

103 2281 202 2344 sentis
224 2281 360 2344 sabbata
383 2280 462 2343 mihi
484 2284 616 2364 accepta
638 2287 722 2358 sunt,
746 2281 800 2345 sed
816 2280 905 2357 illud,
930 2280 1013 2365 quod
1037 2300 1096 2363 ego
1119 2279 1190 2353 feci,
1215 2298 1278 2362 quo
1295 2293 1321 2333 1⁶

103 2385 253 2448 universis
285 2384 379 2448 finem
409 2385 574 2469 imponens
604 2387 707 2450 octavi
730 2386 790 2450 diei
822 2386 937 2450 faciam
967 2385 1109 2461 initiam,
1141 2384 1201 2447 hoc
1230 2387 1279 2446 est

103 2486 231 2550 alterius
254 2489 363 2551 mundi
387 2488 521 2552 initium.
569 2490 597 2552 9.
622 2489 742 2555 Idcirco
765 2495 797 2553 et
820 2491 902 2554 diem
927 2495 1072 2554 octavum
1101 2489 1134 2552 in
1156 2487 1279 2552 laetitia

172 2641 249 2696 lPa.
269 2641 317 2704 89,
336 2642 366 2705 4;
394 2643 421 2695 Il
440 2644 515 2697 Petr.
537 2646 564 2707 3,
584 2644 608 2697 8.
635 2675 670 2682 -
698 2644 801 2699 3Gen.
822 2645 852 2706 2,
871 2645 895 2696 2.
922 2674 956 2682 —
986 2641 1105 2698 7Exod.
1125 2643 1216 2705 118.
1244 2672 1278 2680 —

106 2728 204 2782 14111.
227 2732 249 2791 l,
272 2731 310 2784 13.

102 2850 214 2906 ficatum
232 2854 323 2921 possit
342 2871 406 2907 vere
420 2853 603 2908 sanctificare.
628 2855 675 2908 Sin
703 2855 780 2917 nica,
800 2856 836 2908 ad
855 2855 949 2909 caelos
973 2853 1160 2908 adscendisse.
1198 2852 1277 2906 Simi-

103 2939 183 2993 alitor
201 2956 245 2992 res
265 2957 295 2993 se
307 2939 433 2999 haberet.
454 2939 538 3008 plana
557 2958 675 2996 errasse-
702 2942 767 2996 liter
791 2941 926 2997 Doctrina
949 2941 1142 3011 apostolorum
1168 2940 1278 3008 syriaca

103 3044 170 3079 mus.
208 3026 242 3081 Id
260 3031 329 3081 tunc
350 3027 461 3080 demum
480 3026 541 3080 fieri
560 3031 674 3097 poterit,
704 3031 761 3083 c.2
788 3030 934 3099 (Cureton,
953 3030 1070 3083 Aucimt
1088 3028 1277 3097 1111101011-

101 3131 161 3167 cum
181 3116 274 3184 figura
285 3114 368 3167 huius
381 3115 477 3167 mundi
498 3117 676 3183 praeterierit
703 3123 787 3171 ments
805 3135 832 3186 p.
852 3118 896 3186 26)
915 3116 997 3178 dicit,
1017 3113 1167 3168 Dominum
1185 3113 1279 3182 prima

101 3206 128 3255 11
147 3203 244 3255 omnia
268 3218 342 3255 nova
360 3202 438 3255 facta
460 3202 567 3256 fuerint
585 3206 621 3272 (v.
640 3204 675 3272 7).
703 3203 937 3258 hebdomadisdie
945 3200 1080 3257 adcaelos
1089 3200 1277 3265 adscendisse,

101 3289 187 3342 Audis
208 3289 384 3343 chiliastam.
704 3295 732 3344 11
751 3308 771 3343 1.
787 3293 804 3344 9
822 3290 976 3360 praecipit,
999 3292 1031 3342 ut
1049 3286 1277 3342 commemoratio

133 3377 156 3429 7.
178 3377 221 3430 cf.
242 3376 400 3431 Altcrcatio
420 3376 485 3431 Sim.
506 3381 535 3431 ct
548 3377 673 3446 Theoph.
704 3378 895 3432 adscensionis
916 3375 1029 3431 Domini
1048 3375 1092 3429 die
1112 3375 1134 3428 L
1152 3377 1218 3444 post
1236 3391 1277 3428 re·

101 3462 219 3526 11118·
703 3465 904 3520 surrectionem
935 3464 1104 3523 celebratum
1140 3462 1277 3517 Eusebius

134 3551 158 3604 8.
177 3548 265 3622 ἀρχὴν
282 3551 353 3620 xri]
367 3550 384 3603 i.
399 3567 421 3604 1.
436 3550 588 3619 septimum
601 3549 675 3603 diem
702 3552 771 3605 Vita
789 3552 934 3606 Constant.
953 3552 999 3613 IV,
1019 3550 1054 3604 64
1072 3551 1102 3604 11
1120 3550 1277 3603 adscensio·

101 3636 142 3689 rel
159 3637 332 3698 millenium,
359 3655 414 3704 quo
434 3638 577 3691 saeculum
594 3652 673 3706 prae·
702 3656 766 3691 nom
785 3638 898 3692 Domini
917 3642 946 3692 et
964 3637 1142 3692 onrissionem
1161 3638 1278 3707 spiritus

101 3740 162 3776 sens
184 3724 438 3787 consummabitur,
467 3724 595 3791 sequitur
614 3723 673 3776 dies
702 3726 795 3779 sancti
814 3724 851 3777 ad
879 3725 953 3778 diem
971 3725 1154 3779 Pentecosten
1183 3725 1276 3777 refert.

100 3814 214 3864 octavus
234 3810 278 3863 vel
298 3811 440 3864 saeculum
458 3828 568 3865 novum.
702 3811 837 3866 Nonnulli
849 3811 1006 3881 (Schubert,
1026 3812 1080 3866 Die
1095 3809 1278 3878 Conrpositiou

132 3898 157 3951 9.
177 3895 216 3964 εἰς
234 3899 417 3973 εὐφροσύνην]
437 3900 477 3953 of.
498 3899 574 3953 Tert.
592 3897 673 3967 Apol.
702 3900 749 3954 des
780 3900 1067 3967 pseudopatriaiscten
1099 3897 1276 3966 anaqam„-

99 4000 121 4036 c.
143 3985 188 4039 16:
214 3985 290 4038 diem
315 3986 383 4039 solis
402 3985 529 4039 laetitiae
548 3985 673 4055 indulge·
700 3988 848 4056 fraymeuts
868 3987 934 4040 1893
959 3983 1277 4054 p.13o-140)Buma

100 4087 168 4124 mus.
188 4071 285 4126 Const.
305 4088 350 4141 ap.
363 4072 396 4134 V,
410 4073 450 4126 20.
470 4104 506 4111 -
521 4071 551 4128 ἐν
569 4065 586 4144 ᾗ
603 4073 673 4142 xri]
701 4073 767 4126 bam
778 4074 881 4128 sentire
894 4075 1005 4142 putant,
1016 4069 1167 4124 Dominum
1178 4070 1278 4125 eadem

99 4157 167 4211 Cum
184 4176 240 4212 non
260 4159 351 4212 solum
363 4159 479 4213 verbum
497 4159 604 4230 ἀνέστη,
624 4161 674 4214 sed
702 4160 748 4214 die
766 4160 917 4222 dominica,
938 4175 995 4226 qua
1014 4176 1031 4211 1
1048 4158 1168 4212 mortuis
1187 4175 1278 4211 resur·

100 4245 185 4298 etiam
203 4244 286 4318 ἀνέβη
305 4262 368 4299 curn
392 4247 507 4300 vocibus
526 4245 556 4302 ἐν
573 4241 590 4318 ᾗ
610 4263 674 4300 con·
702 4247 788 4310 rexit,
814 4247 852 4299 ad
870 4247 963 4299 caelos
989 4245 1114 4298 rediisse.
1152 4245 1279 4300 Revera

99 4329 270 4402 iungendum
290 4333 335 4394 sit,
354 4332 499 4386 Barnabas
518 4334 600 4397 dicit,
619 4335 673 4388 Do·
703 4333 788 4386 etiarn
807 4332 855 4386 alii
874 4336 982 4387 veteres
1009 4332 1084 4386 idem
1103 4333 1207 4386 dicunt.
1244 4334 1278 4386 In

99 4418 203 4473 minum
229 4418 274 4472 die
301 4419 442 4474 dominica
467 4424 532 4474 eta
556 4421 674 4474 mortuis
701 4419 854 4490 Evangelio
882 4419 960 4474 Petri
983 4420 1017 4473 56
1043 4418 1152 4472 iuvenis
1179 4419 1209 4472 in
1236 4436 1277 4473 so·

100 4507 283 4560 resurrexisse
302 4510 344 4569 11,
363 4509 517 4575 postquam
536 4525 565 4562 se
587 4508 673 4561 mani·
701 4506 798 4576 pulcro
817 4505 917 4559 sedens
936 4505 1100 4560 mulieribus
1125 4507 1170 4560 die
1189 4507 1276 4561 domi·

101 4590 221 4657 feriavit,
242 4593 319 4646 haud
339 4593 422 4647 dubie
442 4594 500 4647 alia
522 4593 567 4647 die
587 4593 674 4647 domi·
702 4594 765 4647 nica
776 4598 899 4649 mortem
913 4598 1049 4663 sequente
1062 4593 1277 4649 advenientibus
