2834 5018
171 325 235 390 262
591 321 733 379 IGNATII
750 322 930 379 EPISTULA

259 500 346 565 VIII.
371 497 484 563 Οὐκέτι
516 499 604 566 θέλω
634 501 716 563 κατὰ
745 499 933 582 ἀνθρώπους
961 501 1027 585 ζην.
1072 509 1164 563 τοῦτο
1193 500 1229 563 δέ
1251 500 1350 577 ἔσται,

171 603 227 666 ἐὰν
250 603 335 687 ὑμεῖς
358 603 527 689 θελήσητε.
572 603 748 688 θελήσατε,
779 607 830 669 ἵνα
852 607 905 668 καὶ
929 605 1014 687 ὑμεῖς
1037 604 1211 689 θεληθήτε.
1258 606 1288 669 2.
1313 601 1352 668 δι’

171 708 285 793 ὀλίγων
316 711 507 793 γραμμάτων
538 711 681 794 αἰτοῦμαι
712 711 808 795 ὑμᾶς·
839 709 1025 774 πιστεῦσατὲ
1057 731 1118 793 μοι.
1164 708 1287 794 Ἰησοῦς
1316 707 1351 771 δὲ

172 811 306 895 Χριστὸς
338 814 408 897 ὑμῖν
438 824 536 878 ταῦτα
566 814 758 898 φανερώσει,
789 818 836 879 ὅτι
859 814 991 899 άληθῶς
1024 813 1125 898 λέγω·
1157 815 1193 877 τὸ
1215 813 1351 896 ἀψευδὲς

146 918 284 1002 εστόμα,
309 916 382 1003 ἐνώ
406 919 542 1003 ὁπατηρ
565 918 718 1004 ἐλάλησεν
735 918 876 1004 ἀληθῶς.
922 924 952 987 3.
977 919 1154 1002 αἰτήσασθε
1177 920 1246 1001 περὶ
1262 917 1349 1002 ἐμοῦ,

173 1023 223 1085 ἵνα
246 1022 393 1105 ἐπιτύχω.
439 1025 475 1086 οὐ
498 1025 581 1086 κατὰ
611 1025 715 1106 σάρκα
737 1025 807 1108 ὑμῖν
837 1024 979 1109 ἔγραψα,
1012 1023 1095 1086 ἀλλὰ
1117 1025 1200 1086 κατὰ
1222 1021 1349 1108 γνώμην

171 1129 261 1192 θεοῦ.
308 1127 362 1191 ἐάν
385 1128 493 1207 πάθω,
516 1127 717 1212 ἠθελήσατε·
741 1128 796 1192 ἐὰν
820 1128 1081 1211 ἀποδοκιμασθώ,
1105 1126 1284 1211 ἐμισήσατε.

259 1285 316 1352 ΙΧ.
339 1283 556 1369 Μνημονεώετε
580 1286 612 1351 ἐν
635 1297 673 1371 τη
695 1296 854 1370 προσευχή
878 1287 964 1370 ὑμῶν
986 1296 1041 1370 τής
1064 1285 1096 1349 ἐν
1116 1284 1214 1370 Συρίᾳ
1237 1282 1349 1368 ἐκκλη-

171 1390 257 1469 σίας,
290 1390 355 1472 ήτις
378 1391 445 1454 ἀντὶ
478 1389 554 1474 ἐμοῦ
576 1391 697 1475 ποιμένι
720 1399 764 1475 τῷ
788 1395 856 1475 θεῷ
887 1401 1007 1475 χρήται.
1054 1391 1147 1475 μόνος
1170 1392 1267 1473 αὐτὴν
1289 1387 1348 1472 Ἰη-

134 1514 159 1553 ιο
173 1502 247 1568 σοῦς
269 1491 404 1576 Χριστὸς
427 1494 632 1578 ἐπισκοπήσει
655 1497 709 1558 καί
732 1494 752 1578 η
775 1495 861 1578 ὑμῶν
886 1495 1003 1579 ἀγάπη.
1049 1498 1079 1560 2.
1105 1493 1168 1578 ἐγώ
1191 1495 1226 1557 δέ
1242 1492 1348 1575 αἰσχῦ-

172 1620 262 1682 νομαι
287 1597 320 1676 ἐξ
343 1601 446 1663 αὐτῶν
471 1599 639 1686 λέγεσθαι·
675 1600 748 1663 οὐδὲ
769 1601 830 1684 γάρ
854 1599 937 1676 άξιάς
961 1599 1038 1682 εἰμι,
1068 1599 1112 1661 ών
1135 1599 1270 1680 ἔσχατος
1292 1598 1347 1659 αῦ-

171 1712 233 1767 τών
265 1706 318 1767 καὶ
350 1705 510 1788 ἔκτριμμα·
545 1703 618 1767 ἀλλ’
650 1703 784 1789 ηλέημαί
813 1725 858 1779 τις
881 1701 977 1782 εἶναι,
1011 1702 1065 1766 ἐάν
1099 1705 1178 1769 θεοῦ
1202 1700 1347 1784 ἐπιτύχω.

172 1812 201 1875 3.
224 1809 397 1887 ἀσπάζεται
419 1809 499 1893 ὑμᾶς
522 1810 556 1872 τὸ
580 1808 654 1893 ἐμὸν
685 1818 807 1890 πνεῦμα
829 1809 882 1870 καί
905 1806 926 1890 ή
949 1806 1056 1891 ἀγάπη
1079 1814 1141 1869 τών
1174 1804 1348 1890 ἐκκλησιῶν

171 1921 233 1976 τῶν
256 1913 432 1997 δεξαμένων
454 1934 494 1997 με
516 1913 559 1988 εἰς
582 1915 681 1996 ὄνομα
697 1910 801 1996 Ἰησοῦ
816 1910 965 1994 Χριστοῦ,
988 1912 1047 1993 οὐχ
1070 1910 1112 1986 ὡς
1127 1910 1348 1992 παροδεύοντα.

132 2040 157 2078 τι
171 2019 225 2080 καί
247 2019 308 2101 γὰρ
331 2018 363 2081 αἱ
385 2021 427 2102 μὴ
459 2017 674 2102 προσήκουσαί
696 2038 748 2101 μοι
777 2026 815 2101 τή
838 2016 919 2100 ὁδῷ,
950 2024 989 2099 τη
1011 2017 1094 2078 κατὰ
1117 2016 1238 2097 σάρκα,
1268 2015 1349 2077 κατὰ

170 2121 260 2186 πάλιν
285 2143 324 2205 με
345 2132 492 2207 προήγον.

258 2281 297 2346 X.
322 2278 437 2361 Γράφω
469 2280 503 2343 δέ
534 2279 604 2362 ὑμῖν
636 2287 735 2342 ταῦτα
766 2278 828 2340 ἀπὸ
861 2275 1002 2360 Σμύρνης
1031 2274 1072 2339 δι’
1102 2273 1258 2357 Ἐφεσίων
1289 2283 1349 2338 τῶν

170 2383 450 2468 ἀξιομακαρίστων.
496 2385 579 2447 ἐστιν
601 2384 636 2447 δέ
667 2385 721 2446 καὶ
744 2385 810 2465 ἅμα
833 2381 901 2465 ἐμοὶ
932 2385 988 2444 σὺν
1010 2380 1118 2455 ἄλλοις
1145 2378 1275 2454 πολλοῖς
1297 2377 1349 2440 καί

170 2487 311 2569 Κράκος,
343 2490 378 2551 τὸ
401 2488 542 2572 ποθητάν
572 2509 623 2572 μοι
658 2489 766 2571 ὄνομα.
811 2490 841 2552 2.
865 2487 934 2567 περὶ
966 2492 1027 2548 τῶν
1059 2482 1283 2565 προελθόντων
1312 2501 1349 2565 με

130 2611 157 2651 ω
171 2594 234 2655 ἀπὸ
256 2591 370 2673 Συρίας
393 2592 436 2668 εἰς
459 2591 583 2678 Ῥώμην
607 2593 649 2668 εἰς
665 2591 758 2669 δόξαν
781 2601 835 2655 τοῦ
859 2594 938 2657 θεοῦ
953 2589 1089 2653 πιστεύω
1112 2589 1193 2671 ὑμᾶς
1214 2587 1349 2672 ἐπεγνω-

169 2696 268 2776 κέναι,
298 2694 343 2772 οἷς
365 2697 418 2759 καὶ
447 2695 611 2781 δηλώσατε
642 2696 735 2780 ἐγγώς
757 2716 796 2779 με
819 2697 903 2760 ὄντα.
949 2694 1062 2769 πάντες
1084 2693 1145 2777 γάρ
1169 2692 1246 2756 εἰσιν
1272 2690 1350 2769 ἄξιοι

170 2811 225 2865 τοῦ
241 2804 320 2867 θεοῦ
343 2803 396 2864 καὶ
413 2802 518 2884 ὑμῶν·
542 2803 595 2876 οὓς
618 2800 736 2883 πρέπον
751 2800 822 2882 ὑμῖν
838 2798 922 2862 ἐστὶν
936 2799 1019 2861 κατὰ
1041 2798 1144 2861 πάντα
1160 2798 1349 2860 ἀναπαῦσαι.

240 3037 256 3090 5
275 3034 388 3106 άληθῶς
407 3036 480 3091 GLA
494 3054 500 3088 ε
514 3040 549 3103 >
562 3035 608 3088 Sm
621 3036 674 3089 Am
690 3035 694 3105 Ι
710 3035 727 3088 6
745 3032 864 3105 ἐπιτύχω
877 3032 924 3088 GL
937 3032 984 3087 Sm
996 3032 1050 3085 Am
1062 3031 1091 3083 Μ
1105 3050 1111 3084 :
1124 3031 1158 3097 ή-
1171 3027 1202 3086 ἐν
1214 3028 1350 3098 πνεύματι

169 3122 239 3199 ἁγίῳ
253 3125 298 3192 gA
310 3124 416 3192 Lightf.
431 3124 436 3192 Ι
454 3123 485 3177 15
498 3126 532 3194 τῇ
543 3122 615 3179 κατὰ
626 3123 717 3194 σάρκα
729 3120 795 3176 GLS
810 3120 857 3175 Sni
869 3121 923 3175 Am
936 3121 966 3175 M
980 3139 986 3172 ι
999 3124 1034 3187 >
1045 3121 1089 3190 Ag
1104 3119 1109 3188 Ι
1127 3118 1159 3173 18
1177 3121 1224 3174 καὶ
1236 3135 1271 3186 pr
1285 3116 1331 3172 GL
1343 3134 1349 3168 :

170 3214 206 3277 >
215 3211 265 3281 Mg
276 3211 312 3277 (A
320 3210 438 3281 AmSm)
453 3211 457 3282 i
473 3215 518 3267 καὶ
527 3227 573 3264 see
584 3210 635 3263 LM
644 3210 711 3263 Am:
722 3209 802 3279 >Gg
818 3210 821 3278 i
840 3210 872 3263 19
881 3229 929 3278 μοι
942 3206 988 3262 GL
997 3207 1064 3260 Am:
1074 3205 1158 3271 >Sin
1167 3205 1218 3273 Mg
1233 3205 1237 3275 Ι
1253 3208 1351 3277 προελ-

170 3298 284 3355 θόντων
303 3297 352 3352 GA
365 3316 371 3350 :
384 3302 520 3370 προσελθ.
542 3296 625 3350 tAm
635 3313 667 3365 g,
693 3301 804 3353 συνελθ.
825 3297 854 3349 Μ
878 3296 882 3366 Ι
906 3316 942 3365 με
961 3295 1011 3349 GA
1024 3313 1031 3347 ι
1043 3314 1092 3362 μοι
1111 3291 1171 3355 LM,
1189 3295 1226 3359 >
1238 3294 1294 3347 Am
1307 3309 1326 3360 g
1345 3291 1349 3357 1

171 3385 205 3437 20
223 3387 275 3440 τοῦ
293 3382 514 3453 G2>t13122
533 3388 584 3440 τοῦ
603 3382 726 3454 Gz>g

206 3582 279 3646 VIII,
292 3583 313 3636 l.
332 3583 404 3640 κατὰ
414 3581 593 3657 ἀνθρώπους]
606 3582 648 3637 cf.
660 3581 864 3653 Tre11.3eseem
882 3597 954 3634 unus
973 3596 1007 3633 ex
1025 3577 1103 3647 ipsis.
1131 3607 1166 3616 -
1192 3581 1231 3648 μή
1248 3580 1350 3650 προσή

171 3670 195 3733 2,
217 3673 238 3724 1.
758 3662 869 3726 'novam
887 3667 959 3735 κτλ]
979 3667 995 3718 i.
1017 3682 1040 3718 e.
1062 3664 1199 3718 ecelesiae
1224 3666 1351 3718 remotae

205 3755 229 3809 2.
248 3755 283 3812 δι’
300 3755 403 3829 ὀλίγων
421 3756 537 3827 γραμμή
556 3756 574 3809 i.
588 3773 611 3810 e.
623 3755 746 3824 epistula
773 3756 869 3818 avia,
895 3771 952 3822 qua
968 3751 1029 3822 Igu.
1048 3753 1167 3806 Romam
1192 3749 1352 3819 proficisce-

171 3842 256 3896 brevi.
293 3843 334 3896 ef.
354 3843 448 3911 Polyc.
467 3846 491 3906 7,
511 3843 535 3896 3.
772 3844 862 3896 batur.
899 3840 1022 3896 Vocibus
1041 3841 1075 3910 τῇ
1092 3837 1164 3895 κατὰ
1182 3838 1275 3910 σάρκα
1293 3839 1352 3907 Igu

207 3930 251 3992 lx,
271 3930 294 3983 2.
314 3929 374 3986 ἀλλ’
391 3930 515 4003 ήλέημαι]
536 3930 578 3986 cf.
600 3930 614 3984 1
633 3928 703 3982 Tim.
722 3932 743 3991 1,
773 3928 888 3991 indicet,
918 3925 1104 3997 spiritualiter
1129 3925 1194 3978 illas
1215 3924 1351 3979 ecelesiae

174 4015 218 4077 13;
237 4016 250 4068 1
269 4016 330 4070 Cor.
351 4019 391 4081 15,
410 4018 434 4072 8.
454 4019 479 4072 9.
773 4015 810 4068 ed
829 4032 858 4068 se
885 4015 1028 4086 pertinere
1055 4016 1083 4067 et
1111 4028 1171 4066 sese
1200 4012 1238 4064 ed
1266 4013 1353 4081 ipsae.

206 4100 230 4153 3.
248 4104 448 4175 παροδεύοντα]
467 4105 586 4157 i.e.n0n
600 4104 746 4167 tamquam
773 4102 815 4155 cf.
835 4102 906 4171 Eph.
928 4104 948 4163 1.
968 4102 992 4154 3.
1011 4131 1046 4139 -
1064 4098 1201 4170 προῆγον]
1228 4097 1355 4152 Pearson

172 4185 309 4241 advenam
327 4189 430 4243 festino
448 4186 744 4259 praetergredientem,
772 4189 902 4257 putavit,
929 4188 1004 4241 hane
1031 4202 1129 4240 vocem
1148 4184 1226 4238 idem
1244 4184 1352 4256 signifi·

173 4271 223 4324 sed
240 4277 321 4327 tanto
341 4292 404 4329 cum
422 4293 517 4330 amore
536 4274 651 4338 etzelo,
670 4290 704 4328 οο
721 4275 747 4328 ei
773 4290 837 4329 care
856 4293 889 4329 πο
915 4274 1090 4348 προπέμπειν
1108 4272 1215 4342 (Polyc.
1234 4270 1306 4326 Phil.
1331 4275 1354 4335 1,
