2834 5018
116 338 281 406 LXXXVI
558 334 844 392 monacorum.

116 537 209 600 quem
231 517 265 580 in
279 515 454 599 exemplari
476 536 590 598 graeco
605 514 800 591 obtinebant,
824 514 858 578 in
873 514 1008 578 latinum
1030 514 1186 578 translata
1207 519 1290 589 sunt,

116 622 162 685 ita
183 625 304 684 utnon
326 623 394 684 tam
408 620 593 698 versionem,
618 641 714 703 quam
737 620 877 684 codicem
892 641 1042 705 graecum
1064 620 1168 684 verbis
1183 619 1293 683 latinis

114 725 356 808 transscriptum
388 724 570 790 habeamus.
623 722 673 787 Ne
702 722 894 809 particulam
925 723 962 783 ἄν
994 722 1131 806 (ulique)
1165 724 1293 808 quidem

115 830 271 914 interpres
293 829 409 905 omisit,
433 831 466 892 et
487 830 584 894 verba
607 827 649 901 εἰς
672 828 708 889 τὸ
731 825 900 908 εὑρεθῆναί
923 846 962 908 με
983 828 1092 911 Polyc.
1118 829 1147 902 7,
1174 828 1190 890 1
1216 850 1242 892 e.
1261 849 1292 912 g.

115 935 210 1000 vertit
232 941 268 999 in
290 939 433 998 inueniri·
455 953 518 1015 me,
533 932 575 1006 εἰς
598 933 634 994 τὸ
656 933 699 1014 μὴ
715 928 954 1012 παραδέξασθαι
971 932 1055 1016 Eph.
1069 932 1132 1008 9,1
1158 935 1206 996 ad
1226 952 1292 996 noo

115 1046 275 1122 recepere,
298 1037 382 1099 οὖσιν
405 1035 588 1118 ἀχαρίστοις
611 1038 691 1101 θεοῦ
714 1036 812 1101 Trall.
839 1038 867 1113 7,
893 1038 909 1100 1
940 1040 1179 1102 exsistentibus
1201 1044 1292 1101 inse·

112 1145 326 1225 parabilibaa
347 1163 369 1205 a
391 1144 472 1206 Deo.
519 1140 631 1206 Versio
654 1163 726 1206 cum
747 1163 905 1225 nusquam
926 1142 988 1205 nisi
1010 1141 1044 1206 in
1060 1141 1181 1225 Anglia
1204 1143 1291 1206 codi-

114 1247 203 1312 cibus
240 1247 386 1312 tradatur
422 1247 473 1311 vel
508 1247 636 1331 cognita
670 1245 786 1324 fuerit,
824 1246 857 1308 in
892 1244 1013 1330 Anglia
1048 1247 1193 1312 confecta
1223 1269 1291 1311 esse

113 1352 247 1428 videtur,
275 1356 307 1416 et
337 1353 464 1437 quidem
495 1355 638 1434 tompore
659 1350 791 1416 Roberti
816 1350 1028 1426 Grosseteste,
1053 1352 1195 1436 episcopi
1217 1352 1291 1417 Lin-

116 1456 284 1521 colniensis
306 1456 439 1535 †1253,
462 1456 519 1540 qni
540 1456 661 1540 primus
677 1456 744 1519 eius
766 1456 913 1520 notitiam
927 1456 1034 1539 prodit
1056 1460 1088 1520 et
1109 1478 1174 1521 non
1189 1457 1292 1521 solum

114 1561 182 1645 ipse
210 1561 450 1625 Testamentum
472 1559 534 1624 XII
562 1558 816 1643 patriarcharum
845 1559 945 1625 latine
975 1561 1202 1644 interpretatus
1234 1568 1291 1635 est,

116 1666 171 1729 sed
194 1665 289 1729 etiam
318 1665 457 1742 curavit,
491 1668 529 1728 ut
558 1663 613 1728 alii
641 1663 741 1728 libros
771 1685 901 1749 graecos
930 1666 964 1730 in
985 1665 1130 1749 linguam
1158 1667 1292 1732 latinam

114 1772 305 1836 verterent¹.

203 1874 351 1941 Alterum
373 1875 478 1938 locum
500 1874 646 1939 obtinent
666 1874 878 1939 versiones
901 1875 1147 1952 orientales,
1172 1875 1293 1940 scilicet

117 1981 240 2064 syriaca
264 1979 318 2062 (Ξ
335 1979 371 2060 S)
395 1983 427 2044 et
442 1979 619 2043 armeniaca
635 1977 690 2059 l:
702 1977 755 2060 A).
801 1978 862 2043 Illa
877 1980 960 2044 circa
982 1980 1144 2045 saeculum
1155 1980 1203 2045 IV
1224 2001 1291 2044 me·

117 2087 204 2150 dium
226 2083 371 2149 confecta
386 2088 449 2157 est3
472 2106 609 2168 namque
632 2085 696 2148 iam
710 2084 904 2169 Ephraemio
922 2084 1000 2168 Syro
1015 2086 1038 2165 †
1054 2087 1117 2151 373
1141 2091 1174 2151 et
1189 2083 1291 2170 Cyril-

116 2190 207 2255 lonae
222 2194 335 2274 poetae
350 2194 426 2254 nota
448 2188 546 2252 fuisse
560 2190 686 2253 videtur
695 2187 717 2265 ²,
742 2211 779 2253 ao
793 2189 919 2253 saeculo
938 2190 1049 2273 quinto
1071 2190 1207 2256 fortasse
1229 2191 1294 2254 iam

115 2316 154 2358 ex
177 2316 215 2358 ea
236 2294 328 2357 fluxit
349 2293 452 2358 versio
468 2293 678 2359 armeniaca⁸.
724 2294 866 2360 Primum
888 2300 1010 2380 septem
1028 2295 1149 2380 Ignatii
1171 2297 1292 2381 epistu-

114 2399 163 2463 las
186 2400 340 2484 genuinas
369 2399 536 2482 complexa
559 2403 624 2473 est;
655 2421 730 2463 mox
753 2421 808 2463 sex
828 2399 904 2463 illae
934 2401 1088 2484 epistulae
1111 2400 1238 2486 Ignatio
1262 2405 1294 2465 et

116 2504 236 2568 Mariae
253 2500 471 2567 Cassobolitae
494 2505 679 2587 suppositae
693 2504 835 2569 adiectae
858 2509 952 2589 atque
968 2528 1077 2570 omnes
1100 2507 1134 2570 in
1148 2506 1295 2590 linguam

116 2608 325 2673 armeniacum
347 2608 521 2672 translatae
543 2613 618 2673 sunt
629 2609 652 2674 ⁴.
698 2607 845 2673 Ceterum
866 2610 1019 2674 versionis
1039 2610 1178 2694 syriacae
1201 2609 1293 2695 frag·

116 2716 222 2776 menta
244 2715 369 2775 tantum
392 2717 576 2777 conservata
599 2717 674 2777 sunt
696 2733 795 2796 eaque
817 2713 851 2776 in
873 2714 951 2778 duas
970 2719 1078 2798 partes
1101 2715 1292 2780 dividuntur.

114 2817 152 2881 ln
176 2817 276 2881 altera
299 2820 373 2880 sunt
401 2817 555 2900 epistulae
578 2819 618 2881 ad
640 2817 813 2902 Ephesios,
837 2817 1049 2902 Polycarpum
1077 2823 1109 2884 et
1131 2819 1294 2885 Romanos

116 2922 306 2998 decurtatae,
331 2943 410 3005 quas
432 2920 577 2985 nonnulli
600 2921 753 3004 epistulas
774 2921 893 3006 Ignatii
926 2925 1080 3005 genuinas
1102 2925 1293 2990 habuerimt.

116 3026 293 3090 Ediderunt
315 3046 369 3089 eas
392 3024 544 3102 Cureton,
568 3024 706 3101 Buusen,
730 3025 856 3109 Lipsius
866 3025 888 3102 ⁶,
913 3025 1080 3111 Wn'ghtl.
1127 3028 1164 3093 In
1192 3029 1295 3093 altera

116 3130 326 3139 ——-—

189 3163 201 3214 l
223 3157 265 3212 Ot'.
284 3157 365 3212 Funlr
383 3159 401 3211 l.
422 3176 444 3212 o.
463 3177 490 3228 p.
511 3159 662 3221 142—1443
682 3158 831 3229 Lightloot
848 3159 867 3213 l.
887 3176 910 3213 c.
928 3161 949 3224 I,
969 3161 1002 3216 76
1016 3178 1057 3228 sq.
1093 3160 1192 3216 Versio
1206 3164 1295 3217 etiam

117 3247 213 3302 codice
231 3246 282 3300 247
309 3245 490 3300 miscellaneo
517 3245 708 3300 bibliothecae
735 3245 905 3302 Turonensis
933 3248 1045 3304 saeculo
1070 3249 1136 3302 XIII
1163 3250 1294 3304 confecto

116 3335 136 3387 f.
155 3334 208 3388 483
226 3332 350 3387 traditur
368 3336 397 3387 et
415 3332 538 3388 Roberto
558 3332 735 3389 Grosseteste
754 3334 809 3403 ipsi
828 3334 1007 3399 attribuitur,
1026 3335 1142 3391 librario
1164 3336 1295 3405 epistulis

118 3422 189 3476 haec
202 3419 416 3490 praemIttente:
436 3421 494 3474 Has
507 3420 643 3489 epistolas
662 3422 809 3476 transtulit
823 3421 857 3477 de
876 3439 960 3493 greco
974 3423 1004 3476 in
1021 3423 1143 3478 latinum
1156 3424 1295 3494 magister

120 3513 224 3564 Grossa
241 3506 342 3570 Testa,
371 3505 563 3560 Linconiensis
592 3506 654 3577 (sic)
682 3506 838 3576 episcopus.
877 3509 918 3562 Ct'.
942 3508 1086 3578 Cataleptoe
1111 3511 1221 3578 peierat
1248 3512 1295 3566 das

116 3596 289 3652 Manuscrits
316 3594 362 3648 dra
390 3594 590 3663 Bibliotbtqucs
612 3595 757 3664 ptcbliqum
784 3596 816 3649 de
839 3595 948 3649 Franco
966 3594 1095 3649 XXXVII
1113 3596 1214 3665 (1900),
1236 3597 1294 3651 180.

117 3683 268 3748 Quaeritur
285 3684 397 3743 autem,
424 3696 491 3732 num
509 3678 556 3732 hic
576 3680 664 3735 codex
690 3681 848 3736 versionem
867 3685 959 3737 totam
987 3681 1126 3737 exhibeat
1165 3681 1223 3738 Fol.
1242 3684 1295 3739 484

118 3770 220 3824 saltem
237 3769 294 3822 iam
313 3767 372 3820 alia
390 3766 529 3835 scriptura
546 3765 654 3836 incipit

187 3856 265 3910 acf.
284 3854 369 3916 Zahn,
389 3853 516 3923 Ipuutius
534 3870 557 3906 o.
577 3855 611 3906 A.
630 3873 657 3923 p.
677 3854 745 3917 213;
766 3853 834 3917 1av;
854 3853 905 3910 183
922 3871 964 3921 sq.

187 3940 393 3996 3Petermann
411 3939 427 3993 I
448 3956 470 3993 o
489 3956 517 4008 p.
536 3939 634 3994 XXVI.
673 3940 714 3994 ef.
735 3944 830 3994 autem
848 3939 1004 4009 Lightfoot
1023 3940 1043 4001 I,
1062 3940 1096 3994 85
1115 3957 1156 4007 sq.

186 4027 204 4080 4
223 4027 265 4082 cf.
284 4026 369 4090 Zahn,
389 4025 517 4096 Ipnotiue
534 4042 558 4079 v.
575 4026 611 4080 A.
631 4043 658 4094 p.
680 4026 825 4080 lov-240.
861 4025 1018 4096 Prolegom.
1036 4045 1063 4096 p.
1084 4026 1169 4082 XXX.

76 4117 78 4120 ’
186 4115 203 4166 5
227 4113 309 4168 Uebcr
336 4114 387 4168 das
411 4113 579 4167 Verbbltniss
607 4114 655 4168 der
672 4115 730 4169 drai
757 4114 897 4183 syriscben
915 4116 1009 4182 Bricfe
1035 4115 1217 4185 desipuere
1243 4119 1295 4173 den

116 4202 230 4270 abripis
248 4201 430 4255 masmim
454 4201 502 4254 der
519 4200 609 4270 Ipnoi.
628 4201 781 4255 Izittcrotur
798 4219 826 4270 p.
847 4201 997 4267 184—203,
1025 4202 1055 4256 in
1074 4202 1297 4274 Abboodluopeu

114 4290 164 4354 fiir
181 4289 207 4342 d.
226 4287 328 4342 Kuuda
347 4288 394 4341 des
411 4287 621 4356 Morpenlondes
641 4288 714 4342 1859.
