2834 5018
187 310 250 373 494
616 300 771 355 ΗΕΗΜΑΕ
789 299 930 354 PASTOR

188 486 215 547 5.
241 479 310 542 Ἔτι
332 478 403 562 γάρ,
420 477 506 560 φημί,
523 476 619 558 κύριε,
643 477 763 560 πονηρά
785 476 862 558 ἔργα
884 474 966 554 ἐστί;
991 473 1056 539 Καί
1071 498 1110 561 γε
1127 479 1255 562 πολλοί,
1282 483 1380 568 φησίν,

186 587 283 663 ἐστιν,
314 582 370 665 ἀφ’
399 580 442 646 ὧν
466 582 513 646 δεῖ
535 584 588 645 τόν
611 580 724 644 δοῦλον
748 590 801 643 τού
826 583 905 646 θεοῦ
929 578 1211 662 ἐγκρατεύεσθαι·
1246 586 1380 671 κλέμμα,

187 689 308 771 ψεῦδος,
332 686 546 771 ἀποστέρησις,
572 683 830 766 ψευδομαρτυρία,
855 682 1028 762 πλεονεξία,
1054 685 1221 770 ἐπιθυμία
1250 691 1378 776 πονηρά,

190 794 304 879 ἀπάτη,
327 792 499 872 κενοδοξία,
523 789 690 868 ἀλαζονεία
718 791 771 851 καί
801 790 861 851 όσα
883 788 1002 864 τούτοις
1026 791 1122 872 όμοιά
1145 792 1243 857 εἰσιν.
1293 799 1324 862 6.
1347 797 1378 859 ού

160 899 273 962 ιδοκεῖ
296 916 344 962 σοι
367 907 465 960 ταῦτα
487 897 607 980 πονηρὰ
631 892 707 957 είναι
723 895 776 957 καί
800 892 869 955 λίαν
891 895 1020 978 πονηρά,
1046 896 1136 979 φησί,
1160 907 1234 974 τοῖς
1259 900 1377 976 δούλοις

184 1012 238 1065 τού
262 1005 357 1081 θεού;
389 1001 507 1064 τούτων
530 1000 654 1062 πάντων
678 998 724 1061 δεῖ
748 997 996 1080 ἐγκρατεύεσθαι
1019 1000 1072 1062 τόν
1107 1001 1315 1068 δουλεύοντα
1336 1013 1375 1087 τῷ

184 1109 262 1188 θεῷ.
309 1105 514 1189 ἐγκράτευσαι
537 1105 591 1166 ούν
615 1104 677 1164 ἀπό
692 1102 817 1165 πάντων
833 1103 960 1181 τούτων,
984 1105 1037 1167 ίνα
1053 1104 1138 1188 ζήσῃ
1161 1115 1213 1190 τῷ
1240 1112 1312 1192 θεῷ
1326 1111 1373 1173 καί

184 1209 367 1293 ἐγγραφὴση
390 1210 468 1292 μετὰ
491 1216 552 1271 τῶν
576 1206 849 1291 ἐγκρατευομένων
874 1208 963 1272 αὐτά.
1011 1205 1054 1272 ὧν
1084 1210 1144 1291 μέν
1180 1214 1242 1277 ούν
1274 1215 1321 1277 δεῖ
1342 1235 1373 1276 σε

88 1370 91 1377 ,
184 1312 440 1396 ἐγκρατεύεσθαι,
463 1313 561 1375 ταῦτά
584 1311 676 1376 ἐστιν.
725 1315 753 1377 7.
787 1313 808 1373 ἃ
837 1311 871 1375 δέ
903 1311 948 1375 δεῖ
976 1333 1013 1375 σε
1036 1315 1077 1395 μὴ
1103 1314 1370 1397 ἐγκρατεύεσθιι,

145 1440 169 1476 10
184 1417 286 1500 φησίν,
316 1415 399 1479 ἀλλά
427 1425 541 1493 ποιεῖν,
579 1419 684 1482 ἄκουε.
738 1417 772 1477 τό
812 1416 937 1499 ἀγαθόν
969 1418 1012 1499 μὴ
1043 1416 1265 1501 ἐγκρατεύσυ,
1293 1422 1370 1488 ἀλλὰ

182 1521 262 1585 ποίει
286 1522 371 1586 αύτό.
417 1525 446 1587 8.
472 1520 534 1583 Καὶ
557 1530 619 1584 τῶν
643 1522 776 1604 ἀγαθῶν
800 1540 861 1602 μοι,
885 1518 979 1603 φημί,
1003 1521 1105 1602 κύριε,
1137 1523 1294 1607 δήλωσον
1321 1531 1368 1608 τὴν

182 1627 320 1709 δύναμιν,
343 1627 395 1688 ίνα
418 1627 566 1707 πορευθῶ
589 1624 622 1688 ἐν
646 1626 817 1699 αὐτοῖςκαὶ
834 1624 992 1688 δουλεύσω
1015 1628 1132 1708 αὐτοῖς,
1157 1631 1215 1694 ίνα
1242 1631 1368 1717 ἐργασά-

182 1752 271 1814 μενος
295 1731 375 1793 αύτόι
397 1730 525 1812 δυνηθῶ
542 1732 694 1813 σωθηναι.
740 1728 868 1807 Ἀκουε,
894 1729 977 1814 φησί,
1000 1733 1055 1793 καί
1078 1740 1144 1795 τῶν
1169 1735 1313 1818 ἀγαθῶν
1334 1739 1366 1799 τὰ

182 1837 271 1919 ἔργα,
301 1837 380 1897 ἀσε
411 1835 457 1897 δεῖ
487 1833 678 1917 ἐργάζεσθαι
710 1835 763 1895 καί
795 1835 837 1916 μὴ
867 1832 1128 1917 ἐγκρατεύεσθαι.
1190 1842 1224 1905 9,
1251 1851 1365 1924 πρῶτον

144 1961 169 1998 ιι
183 1940 309 2003 πάντων
332 1939 442 2018 πίστις,
466 1937 561 2022 φόβος
583 1936 701 2020 κυρίου,
717 1936 835 2021 ἀγάπη,
852 1937 987 2020 ὁμόνοια,
1005 1937 1132 2022 ῥήματα
1156 1942 1364 2028 δικαιοσύνης,

181 2042 328 2126 ἀλήθεια,
361 2043 518 2126 ύπομονὴ·
564 2042 682 2105 τούτων
706 2040 911 2124 ἀγαθὼτερον
946 2040 1035 2105 οὐδέν
1069 2042 1157 2108 ἐστιν
1182 2046 1220 2111 ἐν
1245 2059 1285 2132 τῇ
1306 2051 1364 2130 ζυη

180 2155 242 2210 τῶν
274 2146 462 2228 ἀνθρώπων.
516 2157 614 2210 ταῦτα
643 2145 697 2210 ἐάν
726 2166 770 2221 τις
799 2145 945 2230 φυλάσση
973 2147 1027 2208 καί
1062 2150 1104 2230 μὴ
1139 2148 1362 2238 ἐγκρατεύηται

181 2249 236 2313 ἀπ’
259 2253 372 2329 αὐτῶν,
396 2251 547 2334 μακάριος
569 2250 685 2334 γίνεται
717 2250 749 2314 ἐν
772 2260 810 2333 τῇ
833 2251 899 2333 ζωη
922 2251 1027 2312 αὐτού.
1076 2255 1128 2318 10.
1155 2252 1229 2319 είτα
1253 2259 1362 2321 τούτων

181 2357 220 2416 τά
244 2354 411 2421 ἀκόλουθα
433 2358 588 2419 ἀκουσον·
622 2356 732 2438 χήραις
755 2356 936 2438 ὑπηρετεῖν,
960 2355 1116 2436 ὀρφανούς
1141 2361 1199 2422 καί
1225 2362 1362 2444 ύστερου

141 2480 166 2517 ιο
181 2458 290 2542 μένους
314 2458 579 2539 ἐπισκέπτεσθαι,
603 2460 635 2537 ἐξ
659 2461 806 2544 ἀναγκῶν
830 2458 1023 2540 λυτροῦσθαι
1047 2464 1119 2537 τούς
1145 2463 1285 2543 δούλους
1314 2476 1361 2530 τοῦ

181 2565 269 2642 θεοῦ,
294 2561 453 2646 φιλόξενον
476 2563 553 2628 είναι
577 2565 623 2649 Ιέν
646 2566 705 2648 γόιρ
728 2573 766 2648 τη
789 2562 947 2646 φιλοξενίᾳ
969 2563 1149 2646 εὑρίσκεται
1166 2568 1361 2654 ἀγαθοποίη-

180 2667 225 2743 σίς
250 2668 349 2752 ποτε),
373 2669 478 2752 μηδενί
502 2669 757 2748 ἀντιτάσσεσθαι,
780 2668 910 2752 ἡσύχιον
926 2666 1013 2749 είναι,
1040 2668 1247 2757 ἐνδεέστερον
1269 2677 1361 2762 γίνεσ·

179 2776 236 2838 θαι
260 2773 384 2836 πάντων
408 2771 597 2853 ἀνθρώπων,
620 2772 794 2857 πρεσβύτας
818 2772 979 2858 σέβεσθαι,
1008 2774 1218 2863 δικαιοσύνην
1249 2783 1360 2857 ἀσκεῖν,

178 2877 376 2961 ἀδελφότητα
399 2886 568 2961 συντηρεῖν,
591 2877 676 2961 ύβριν
699 2876 875 2959 ὑποφέρειν,
900 2877 1108 2963 μακρόθυμον
1134 2881 1236 2964 εἰναι,
1261 2907 1359 2970 μνησι-

140 3004 164 3042 ιε
178 2982 292 3044 κακίαν
308 2983 350 3064 μὴ
366 2982 458 3064 ἐχειν,
483 2981 658 3063 κάμνοντας
674 2990 712 3065 τη
728 2991 812 3065 φυχη
833 2981 1037 3064 παρακαλεῖν,
1054 2982 1361 3073 ἐσκανδαλισμένους

178 3087 241 3148 ἀπό
264 3095 317 3169 της
340 3085 473 3159 πίστεως
496 3087 538 3167 μὴ
555 3084 805 3170 ἀποβάλλεσθαι,
822 3085 893 3148 ἀλλ’
908 3085 1103 3169 ἐπιστρέφειν
1124 3093 1183 3154 καί
1208 3095 1360 3179 εύθύμους

177 3199 295 3268 ποιεῖν,
320 3189 553 3272 ἁμαρτάνοντας
576 3191 747 3267 νουθετεῖν,
770 3188 930 3270 χρεώστας
954 3192 995 3272 μὴ
1019 3189 1147 3277 θλίβειν
1172 3199 1230 3260 καί
1255 3198 1361 3272 ἐνδεεῖς

177 3295 230 3355 καί
254 3295 281 3357 εἴ
303 3314 372 3356 τινα
395 3292 513 3366 τούτοις
536 3293 628 3374 όμοιά
651 3291 724 3355 ἐστι.
774 3297 824 3358 11.
848 3293 933 3356 δοκεῖ
950 3315 1008 3371 σοι,
1026 3296 1113 3378 φησί,
1131 3310 1239 3365 ταῦτα
1256 3303 1360 3388 ἀγαθέ

246 3481 262 3534 3
282 3487 383 3552 ψεῦδος
402 3482 459 3535 Αῖίι
473 3501 479 3534 ι
494 3490 604 3552 ψεῦσμα
625 3480 656 3542 G,
669 3484 704 3548 >
716 3483 773 3535 Ant
798 3485 801 3551 Ι
826 3487 972 3552 πλεονεξία
991 3484 1049 3537 Ath
1058 3487 1084 3539 A
1100 3488 1175 3556 (Ant
1185 3490 1233 3561 11²)
1248 3511 1254 3545 :
1268 3495 1303 3558 >
1315 3494 1338 3546 G
1354 3492 1358 3558 Ι

176 3568 191 3619 5
211 3572 275 3637 φησί
295 3568 353 3622 GL⁹
367 3586 373 3618 ι
387 3572 420 3634 >
434 3568 492 3620 L¹A
508 3569 512 3634 Ι
529 3571 543 3622 7
563 3572 642 3638 ζὴσης
661 3567 685 3623 G
710 3568 713 3637 Ι
740 3570 772 3623 12
789 3574 836 3624 καί
849 3571 885 3639 τῆ
903 3570 927 3625 G
943 3572 947 3637 Ι
969 3572 1000 3624 15
1018 3577 1118 3645 κυρίου
1138 3575 1202 3631 L¹A
1216 3580 1277 3634 Ath
1289 3582 1359 3634 Ant:

178 3657 246 3709 θεοῦ
265 3653 324 3707 GL’
347 3658 350 3724 Ι
371 3656 404 3707 24
423 3654 596 3725 ἀδελφότητα
610 3673 616 3706 :
630 3650 794 3726 ἀγαθότητα
814 3655 837 3709 G
860 3658 864 3722 Ι
887 3657 965 3721 24Ι25
982 3664 1172 3728 μνησικακίαν
1189 3671 1231 3736 μὴ
1249 3663 1322 3738 ἔχειν
1338 3667 1358 3719 G

176 3741 233 3792 Ant
246 3743 293 3807 (A)
308 3759 314 3792 :
327 3740 516 3811 ἀμνησύιακσν
535 3741 598 3802 Αύίι,
608 3742 672 3808 >L
688 3743 692 3812 Ι
715 3741 748 3795 26
768 3754 815 3811 τῆς
835 3744 881 3810 Ι>
895 3744 962 3812 Ant)
983 3747 1105 3814 πίστεως
1124 3750 1201 3804 Λύδι’
1214 3755 1275 3808 Ant
1288 3754 1309 3808 L
1319 3754 1341 3805 A
1351 3771 1357 3803 :

176 3833 231 3880 τῶν
249 3828 389 3882 πιστῶνθ
405 3829 409 3896 Ι
425 3829 458 3882 27
477 3831 521 3884 καὶ
541 3826 674 3894 ἐνδεεῖςύί
689 3848 695 3881 2
708 3826 809 3896 ἐνδεεῖς
819 3831 883 3891 Ant,
894 3828 993 3898 ἐνδεεῖς
1001 3837 1040 3903 μιΙ
1050 3838 1151 3892 λυπεῖν
1161 3838 1359 3910 Ath(A1,>L

209 3979 232 4032 9.
253 4002 276 4036 τ.
295 3981 479 4056 ἀγαθώτερον
496 3985 565 4055 κτλ]
589 3985 652 4055 Sap.
672 3984 695 4048 8,
717 3988 747 4041 7:
774 3989 841 4041 rach
861 3990 901 4052 25,
923 3991 968 4052 11;
986 3990 1029 4052 40,
1049 3990 1092 4044 27.

174 4056 279 4134 ὠνίου.
299 4071 492 4141 σωφροσύνης,
518 4077 691 4145 φρονήσεως,
711 4078 746 4129 δι·
811 4075 850 4129 10.
870 4096 893 4130 τ.
920 4075 1075 4148 ἀκόλουθα]
1103 4079 1266 4139 lachmann
1293 4085 1359 4150 (Der

173 4154 324 4223 καισσύνης,
343 4155 465 4229 ἀνδρίας)
482 4157 691 4232 χρησιμώτερον
703 4159 746 4215 ού·
773 4161 854 4216 Hine
882 4163 907 4216 d.
936 4167 969 4218 Η.
997 4182 1024 4233 p.
1053 4165 1088 4220 82
1117 4173 1175 4237 sq.)
1206 4171 1357 4232 contendit,

174 4234 219 4291 δέν
237 4236 311 4295 ἐστιν
329 4240 359 4298 ἐν
376 4247 427 4318 βίη)
439 4243 608 4317 ἀνθρώποις.
645 4245 686 4300 Cf.
705 4245 745 4299 Si·
772 4251 915 4315 pastorem
933 4249 980 4304 hic
998 4250 1033 4304 de
1052 4255 1183 4312 consiliio
1201 4259 1357 4315 σεσίεεῖσυῖί·
