2834 5018
386 672 437 728 AI)
457 672 538 729 COR.
557 671 709 737 XXXVIII,
721 672 899 737 2-XXXIX,
911 672 936 728 9.
1184 678 1246 744 149

72 854 160 936 piens
189 876 254 918 non
285 854 320 919 in
347 856 469 933 verbis,
502 856 558 921 sed
586 857 619 920 in
651 856 743 920 bonis
773 855 922 939 operibus
945 854 1135 939 sapientiam
1157 875 1247 918 suam

72 959 269 1036 manifestet;
301 960 431 1026 humilis
456 983 521 1026 non
552 962 614 1028 sibi
636 960 853 1028 testimonium
874 959 975 1036 ferat,
1005 958 1061 1023 sed
1084 958 1123 1023 ab
1146 958 1246 1023 altero

72 1063 131 1128 sibi
154 1063 231 1129 ferri
253 1065 346 1129 sinat.
394 1065 457 1142 Qui
480 1088 573 1131 carne
597 1072 702 1131 castus
725 1071 788 1142 est,
821 1086 861 1129 ne
883 1064 1047 1149 glorietur,
1071 1084 1143 1127 cum
1166 1064 1247 1128 sciat

72 1167 169 1232 alium
185 1190 264 1247 esse,
290 1170 345 1253 qui
360 1172 573 1236 continentiae
589 1173 705 1236 donum
719 1171 781 1255 ipsi
797 1170 926 1234 tribuat.
951 1170 981 1233 3.
1007 1167 1246 1232 Consideremus

72 1293 157 1356 ergo,
182 1272 315 1350 fratres,
349 1297 387 1338 ex
410 1297 473 1358 qua
495 1276 629 1340 materia
651 1276 728 1341 facti
751 1275 865 1349 simus,
890 1273 944 1357 qui
966 1276 998 1338 et
1020 1271 1130 1356 quales
1152 1288 1272 1335 mun-⁶

72 1374 145 1440 dum
167 1376 304 1460 ingressi
330 1379 444 1453 simus;
477 1400 601 1463 exque
631 1379 776 1462 sepulcro
799 1379 977 1462 quibusque
1007 1375 1161 1453 tenebris,
1192 1375 1248 1460 qui

72 1500 128 1543 nos
152 1478 229 1544 fecit
251 1485 284 1545 et
299 1482 448 1561 condidit,
472 1486 669 1568 praeparatis
691 1485 867 1550 benefactis
882 1484 957 1561 suis,
981 1487 1151 1567 antequam
1172 1504 1246 1547 nas·

73 1605 232 1662 ceremur,
264 1586 298 1650 in
326 1589 479 1652 mundum
508 1613 600 1654 suurn
628 1612 685 1655 nos
717 1589 936 1654 introduxerit.
983 1590 1013 1651 4.
1037 1586 1127 1651 Haeo
1148 1586 1248 1670 igitur

72 1689 178 1752 omnia
202 1712 273 1754 cum
298 1693 337 1757 ab
362 1713 398 1756 eo
420 1691 610 1770 habeamus,
639 1698 770 1777 propter
791 1693 897 1757 omnia
919 1691 1040 1776 gratias
1067 1690 1131 1774 ipsi
1152 1709 1247 1774 agere

73 1793 231 1870 debemus,
256 1796 308 1859 cui
331 1801 379 1860 est
402 1797 506 1880 gloria
528 1798 561 1862 in
584 1798 711 1862 saecula
734 1796 940 1862 saeculorum.
986 1794 1099 1860 Amen.
1262 1818 1286 1856 n

157 1897 306 1964 XXXIX.
340 1900 439 1965 Stulti
471 1901 562 1966 unice
594 1905 625 1966 et
653 1902 838 1985 insipientes
870 1905 903 1965 et
931 1900 1013 1964 fatui
1043 1904 1075 1963 et
1108 1897 1248 1982 imperiti

73 2002 215 2068 derident
237 2026 295 2069 nos
318 2027 355 2071 ac
371 2006 576 2085 subsannant,
601 2007 676 2070 dum
692 2004 942 2090 cogitationibus
957 2004 1022 2068 suis
1045 2025 1079 2067 se
1095 2001 1247 2067 extollere

73 2107 211 2191 cupiunt.
259 2111 289 2173 2.
313 2109 397 2186 Quid
419 2111 503 2174 enim
525 2113 632 2194 potest
653 2109 814 2185 mortalis,
840 2113 895 2173 aut
918 2107 1012 2189 quale
1034 2107 1132 2171 robur
1154 2105 1246 2170 terri·

72 2216 195 2294 genae?
234 2215 264 2278 3.
288 2213 448 2298 Scriptum
481 2215 565 2278 enim
596 2219 659 2278 est:
694 2217 768 2278 Non
798 2222 872 2278 erut
902 2216 1012 2293 ficum
1034 2219 1112 2275 ante
1134 2212 1248 2274 oeulos

73 2335 173 2396 meos,
196 2320 390 2382 aeduorum
415 2328 447 2383 et
461 2339 570 2384 nocem
586 2321 761 2383 audiebam
776 2320 957 2382 dleeruem:
979 2317 1009 2379 4.
1038 2317 1124 2392 Ouid
1137 2320 1223 2378 enim
1233 2319 1250 2377 ?
1261 2335 1286 2374 n

72 2424 233 2502 numquid
257 2425 353 2487 tomo
376 2444 489 2487 coram
521 2426 653 2488 domino
677 2425 924 2502 manducem,
956 2423 1009 2486 nel
1029 2422 1071 2484 de
1092 2421 1248 2500 operibus

72 2531 143 2589 auia
166 2530 381 2608 incapabilia
404 2535 464 2609 eir,
487 2535 519 2592 ce·
540 2534 648 2592 seren
670 2534 743 2592 arria
764 2548 829 2593 non
853 2530 987 2607 confidit
1010 2536 1042 2591 et
1064 2532 1099 2589 e'n
1119 2527 1249 2604 anneto

72 2635 142 2692 suis
159 2649 269 2711 praee
292 2634 555 2696 anteradeertit?
576 2634 605 2695 5.
633 2633 767 2697 Caelum
784 2651 911 2713 quomee
932 2650 997 2694 non
1020 2639 1071 2694 est
1093 2631 1248 2694 mundum

73 2743 150 2797 ante
173 2753 265 2798 mm:
297 2739 400 2799 curello
424 2742 533 2801 tainus
563 2739 752 2801 hebetantes
775 2739 892 2800 domne
914 2739 1038 2813 luteas,
1064 2736 1249 2816 exquibus

73 2846 105 2901 et
127 2844 196 2919 ipsi
217 2841 259 2903 de
274 2842 387 2904 eodem
411 2843 480 2905 luto
495 2860 620 2904 snmus.
667 2844 845 2905 Ileooronit
858 2843 937 2904 e'llos
960 2848 1126 2921 tamqnam
1147 2847 1248 2920 tinea,
1261 2859 1287 2897 πο

73 2950 105 3005 et
127 2963 149 3006 a
172 2962 270 3007 mune
291 2963 395 3024 nsque
417 2947 654 3027 decerperem
685 2948 776 3010 ultra
798 2966 864 3009 non
884 2954 982 3025 eun&
1014 2965 1051 3010 eo
1075 2947 1163 3026 qnod
1182 2965 1248 3009 non

68 3055 212 3127 possiunt
239 3051 306 3112 siti
335 3055 419 3131 ipsis
448 3053 634 3132 subuenire,
661 3058 843 3133 perierunt.
890 3051 918 3114 6.
943 3051 1084 3133 Adfleee't
1109 3069 1186 3130 eoa,
1216 3058 1248 3113 et

72 3156 283 3232 interierunt,
307 3159 384 3233 quie
408 3174 474 3219 non
496 3158 661 3221 hebebant
683 3163 891 3238 supinatione.
939 3157 966 3219 7.
991 3159 1111 3219 Inuoco
1126 3161 1247 3233 autera,

72 3262 103 3319 si
125 3262 201 3336 qnia
224 3260 287 3321 tibi
301 3262 510 3339 respoudeat,
532 3264 585 3325 nel
604 3267 636 3325 ai
658 3281 752 3342 prtem
767 3268 957 3324 sanctorum
980 3260 1173 3338 cnqelomm
1190 3260 1247 3321 ad·

72 3366 216 3441 spiciam
248 3369 368 3426 etenim
392 3369 604 3444 iruipientern
622 3371 761 3447 perimit
782 3371 847 3443 ira,
870 3366 1007 3427 cerellum
1031 3370 1141 3427 aulem
1163 3368 1247 3427 ocel-
1261 3382 1287 3419 2⁶

72 3467 121 3529 dit
143 3468 247 3530 selue.
293 3469 322 3531 8.
348 3471 416 3548 Epo
441 3477 550 3533 orclem
581 3473 648 3534 redi
670 3472 791 3533 strclloe
820 3470 952 3532 radices
974 3474 1159 3547 mittentem
1189 3470 1251 3532 sed

72 3576 187 3634 stetim
220 3573 394 3654 aocennpra
425 3582 475 3637 est
506 3577 641 3639 illorum
672 3577 843 3639 hebetatio.
889 3573 918 3636 9.
943 3575 1055 3653 Lonye
1080 3576 1165 3652 fiunt
1183 3576 1249 3653 filu·

142 3722 287 3783 1510b4‚
309 3723 424 3786 16-18;
446 3726 484 3787 15,
507 3725 538 3778 15
546 3744 553 3787 ;
571 3726 596 3787 4,
618 3726 708 3789 19-5,
727 3727 750 3779 5.

72 3844 91 3908 I,
113 3845 144 3899 12
163 3843 289 3898 tradunt.
327 3845 382 3899 Sed
399 3845 459 3899 viro
485 3845 646 3900 doctissimo
674 3848 712 3902 IX
739 3848 935 3916 depromptum
965 3846 1081 3900 tradunt
1112 3851 1141 3901 et
1171 3846 1246 3919 frag·

72 3930 211 3999 epistulae
225 3931 259 3984 de
272 3931 437 4001 virginitate
452 3932 589 3987 Clementi
604 3949 645 3985 us·
673 3937 768 3987 mento
781 3932 822 3997 33,
833 3936 849 3988 2
861 3937 1077 3988 commemorato
1088 3933 1247 4004 adiungimt

71 4018 209 4087 signatae,
227 4035 301 4085 quae
312 4018 424 4074 saeculo
436 4019 548 4073 demum
557 4019 646 4074 XVIII
674 4021 819 4092 (Lighfoot
837 4021 862 4084 1,
884 4021 948 4083 189;
976 4020 1056 4082 Holl,
1084 4021 1247 4091 Frapmente

72 4105 203 4160 inlucern
214 4107 307 4160 adltae
318 4107 647 4171 sunt,nondumfuerunt
674 4125 701 4176 p.
724 4108 777 4176 13),
797 4107 919 4161 sednon
937 4108 1019 4170 adeo,
1044 4112 1077 4162 ut
1095 4125 1193 4163 revera
1211 4110 1248 4164 ad

72 4192 210 4263 cognitae.
675 4212 738 4249 eum
756 4194 855 4248 referri
873 4195 971 4263 possit.

105 4279 129 4333 3.
149 4278 180 4337 ἐκ
200 4300 228 4336 π.
248 4280 350 4350 τάφου]
371 4281 411 4335 cf.
426 4281 468 4334 Pe.
485 4281 541 4343 138,
562 4283 600 4336 15.
615 4312 648 4321 -
708 4281 733 4334 4.
753 4280 795 4334 of.
815 4281 827 4333 l
845 4281 941 4335 Thess.
960 4281 985 4346 5,
1007 4280 1046 4337 18.

70 4367 277 4439 προετοιμάσας
294 4368 364 4437 κτλ]
390 4368 435 4421 Ad
461 4369 536 4422 hunc
554 4368 648 4422 locum
709 4366 832 4429 XXXIX,
848 4369 870 4421 1.
889 4364 1011 4440 ἄφρονες
1020 4368 1089 4438 κτλ]
1101 4370 1142 4424 cf.
1153 4369 1246 4425 Herm.

72 4454 183 4508 accedit
200 4454 398 4525 fragmentum,
419 4456 495 4523 quod
513 4455 648 4510 Leontius
676 4455 741 4507 Sim.
761 4455 806 4517 IX,
829 4456 868 4516 14,
886 4456 912 4508 4.

72 4545 100 4595 et
117 4540 237 4596 Ioannes
256 4542 342 4608 atque
365 4542 483 4595 loannes
501 4541 648 4595 Damasce-
710 4544 734 4595 5.
761 4540 856 4595 Verba
881 4540 1000 4616 οὐρανὸς
1025 4573 1060 4581 -
1085 4540 1172 4601 αὐτοῦ
1198 4544 1249 4598 Iob

71 4641 123 4680 nus
149 4632 289 4695 tanquam
307 4643 322 4682 e
342 4626 495 4683 Clementis
524 4628 650 4698 epistula
678 4629 717 4691 15,
739 4629 770 4682 15
788 4628 929 4698 leguntur,
947 4629 1059 4698 reliqua
1075 4631 1100 4695 4,
1121 4631 1161 4685 19.
1179 4633 1222 4689 20.
