2834 5018
136 342 199 407 236
565 334 706 392 ΙθΝΔΤΠ
724 334 902 390 EPISTULA

135 514 293 600 ἡνωμένος
316 515 381 591 ὢν,
415 516 487 578 οὔτε
509 511 548 576 δι’
570 513 683 576 ἑαυτοῦ
715 515 786 575 οὔτε
809 511 860 574 διά
891 521 953 576 τῶν
985 511 1188 575 ἀποστόλων·
1222 513 1325 586 οῦτως

137 620 214 704 μηδὲ
237 621 328 703 ὑμεῖς
352 621 426 683 ἀνευ
451 629 506 683 τοῦ
523 618 695 682 ἐπισκόπου
717 620 771 681 καί
794 626 856 681 τῶν
872 616 1088 703 πρεσβυτέρων
1111 617 1207 702 μηδὲν
1223 617 1323 699 πράσ-

140 746 229 789 σετε·
255 724 332 809 μηδὲ
355 724 523 808 πειράσητε
545 723 675 807 εὔλογόν
699 744 727 786 τι
744 722 913 805 φαίνεσθαι
937 721 998 806 ἰδίᾳ
1014 722 1094 806 ὑμῖν,
1118 721 1189 785 ἀλλ’
1212 721 1262 785 ἐπὶ
1286 723 1324 785 τὸ

138 831 214 893 αὐτό
241 828 296 912 μία
319 828 489 912 προσευχὴ,
514 828 569 913 μία
591 828 704 914 δέησις,
729 826 772 904 ε1ς
795 838 876 906 νοῦς,
900 828 955 911 μία
978 827 1064 903 ἐλπὶς
1088 829 1120 892 ἐν
1144 829 1262 912 ἀγάπη,
1288 827 1323 891 ἐν

111 944 179 1018 ντη
201 943 285 1018 χαρᾷ
307 944 346 1018 τῇ
369 933 505 1019 ἀμώμῳ,
541 933 664 998 όέστιν
688 933 809 1019 Ἰησοῦς
832 933 983 1016 Χριστός,
1014 932 1050 996 οὗ
1074 936 1199 1016 ἄμεινον
1222 932 1323 999 οὐθέν

140 1039 232 1103 ἐστιν.
279 1043 310 1106 2.
333 1039 446 1113 πάντες
480 1040 522 1115 ὡς
545 1040 588 1115 εἰς
620 1040 676 1102 ἕνα
706 1041 780 1102 ναόν
811 1038 993 1121 συντρέχετε
1017 1041 1112 1116 θεοῦ,
1146 1037 1188 1113 ὡς
1212 1037 1262 1100 ἐπὶ
1287 1037 1337 1100 ἓν·

140 1144 374 1228 θυσιαστήριον,
400 1145 449 1208 ἐπὶ
473 1145 528 1208 ἕνα
551 1143 672 1229 Ἰησοῦν
696 1142 844 1227 Χριστόν,
868 1145 920 1207 τόν
944 1141 998 1225 ἀφ’
1023 1143 1091 1217 ἑνός
1107 1143 1222 1224 πατρός
1246 1161 1322 1223 προ-

140 1247 278 1314 ελθόντα
301 1250 354 1312 καὶ
377 1248 420 1324 εἰς
443 1250 499 1312 ἕνα
522 1251 597 1313 ὄντα
619 1250 673 1311 καὶ
696 1247 894 1332 χωρήσαντα.

227 1354 316 1420 VIII.
341 1352 393 1437 Μὴ
417 1353 586 1420 πλανᾶσθε
614 1362 681 1429 ταῖς
704 1351 906 1435 ἑτεροδοξίαις
936 1351 1014 1436 μηδὲ
1036 1350 1235 1434 μυθεύμασιν
1258 1356 1323 1422 τοῖς

99 1472 125 1510 1⁰
140 1456 285 1532 παλαιοῖς
314 1458 507 1541 ἀνωφελέσιν
540 1456 636 1523 οὖσιν.
683 1459 709 1522 εἰ
731 1460 792 1541 γάρ
814 1456 904 1541 μέχρι
934 1466 987 1521 νῦν
1019 1458 1101 1518 κατὰ
1125 1453 1322 1536 Ἰουδαϊσμόν

137 1561 259 1645 ζῶμεν,
297 1562 511 1647 ὁμολογοῦμεν
542 1563 633 1646 χάριν
664 1565 706 1647 μὴ
739 1560 908 1646 εἰληφέναι.
955 1564 984 1626 2.
1009 1560 1038 1622 οἱ
1069 1561 1129 1643 γὰρ
1161 1558 1322 1624 θειότατοι

140 1677 296 1750 προφῆται
326 1669 408 1730 κατὰ
431 1666 567 1750 Χριστόν
591 1667 713 1752 Ἰησοῦν
745 1668 871 1752 ἔζησαν.
922 1666 973 1729 διὰ
1004 1675 1095 1729 τοῦτο
1126 1667 1179 1728 καὶ
1212 1660 1322 1744 ἐδιώχ-

143 1772 258 1855 θησαν,
283 1770 480 1856 ἐνπνεόμενοι
496 1774 556 1836 ὑπό
572 1783 626 1857 τῆς
650 1774 776 1856 χάριτος
792 1774 898 1851 αὐτοῦ,
923 1771 965 1846 εἰς
988 1772 1023 1833 τό
1038 1768 1323 1854 πληροφορηθηναι

141 1877 213 1951 τοὺς
243 1877 470 1957 ἀπειθοῦντας,
504 1880 551 1941 ότι
574 1876 617 1953 εἷς
651 1878 726 1954 θεός
756 1877 856 1958 ἐστιν,
887 1873 1112 1961 όρανερόσας
1136 1874 1247 1937 ἑαυτόν
1270 1872 1321 1935 διὰ

101 1996 126 2034 1⁶
140 1977 244 2065 Ἰησοῦ
267 1978 405 2063 Χριστοῦ
430 1990 484 2045 τοῦ
507 1982 575 2046 υἱοῦ
599 1983 711 2062 αὐτοῦ,
744 1984 777 2057 ός
800 1981 883 2045 ἐστιν
906 1984 1001 2045 αὑτοῦ
1031 1979 1124 2063 λόγος
1148 1980 1210 2042 ἀπὸ
1233 1986 1323 2061 σιγης

140 2084 319 2167 προελθών,
344 2088 377 2161 ὃς
400 2089 482 2150 κατά
505 2087 609 2150 πάντα
632 2085 837 2171 εόηρὲστησεν
860 2095 904 2170 τῷ
928 2085 1083 2170 πέμψαντι
1107 2084 1210 2148 αὐτόν.

228 2192 283 2256 IX.
308 2190 347 2254 Εἰ
369 2189 424 2255 οὖν
449 2191 479 2254 οἱ
502 2191 535 2255 ἐν
558 2191 702 2267 παλαιοῖς
718 2192 895 2276 πράγμασιν
919 2188 1168 2272 ἀναστραφέντες
1184 2187 1226 2263 εἰς
1250 2208 1321 2249 και-

140 2295 255 2380 νότητα
272 2294 395 2371 ἐλπίδος
411 2294 525 2380 ἦλθον,
549 2296 658 2381 μηκέτι
682 2296 930 2382 σαββατίζοντες,
954 2294 1038 2358 ἀλλὰ
1065 2297 1148 2358 κατά
1170 2293 1323 2375 κυριακὴν

212 2477 225 2529 1
247 2475 387 2547 ἡνωμένος
407 2474 450 2534 ὢν
470 2477 516 2532 GL
530 2496 537 2531 ι
549 2480 584 2546 >
596 2477 697 2548 SfA(g)
715 2477 788 2532 Dam
804 2478 808 2547 Ι
830 2480 846 2532 5
865 2475 881 2536 ό
900 2478 921 2531 L
939 2479 997 2532 Ant
1011 2497 1017 2530 :
1030 2472 1069 2543 εἷς
1088 2475 1119 2539 G,
1139 2471 1171 2542 ὅς
1188 2473 1295 2544 Lightf.
1318 2474 1321 2541 Ι

141 2562 370 2634 όπάντεςΙιΑρι
385 2559 515 2632 -Ι-οὗνῢ
531 2569 536 2634 Ι
552 2560 756 2632 &annos
773 2566 777 2636 Ι
793 2567 944 2633 θεσῦ>λ
960 2568 964 2632 Ι
981 2558 1321 2629 Ἱέπὶῦλεὼςέπὶθμξ

143 2650 175 2706 10
193 2650 369 2719 Ἰουδαϊσμόν
387 2650 530 2719 Ιιτνόμον
548 2651 710 2720 ἰσυδαϊσμόν
729 2651 760 2714 G,
780 2653 869 2720 νόμον
886 2651 1027 2708 ἰουδαὶκόν
1046 2652 1090 2720 gA
1112 2650 1116 2719 Ι
1140 2648 1172 2701 13
1190 2645 1324 2713 αὐτοῦ)

141 2739 187 2808 Ag
201 2739 206 2805 Ι
224 2739 256 2792 15
277 2740 362 2810 λόγος
373 2740 398 2791 A
412 2737 466 2792 Sev
479 2757 484 2791 :
498 2739 533 2810 -Ι-
546 2737 632 2806 ἀΐδιος
644 2739 695 2797 οὐκ
707 2739 753 2794 GL
767 2740 830 2793 Tim
846 2752 850 2808 Ι
868 2742 899 2795 17
917 2740 1079 2813 πράγμασιν
1092 2756 1098 2789 :
1114 2737 1273 2811 γράμμασιν
1286 2752 1305 2802 g
1316 2739 1320 2803 Ι

144 2823 176 2878 18
193 2830 327 2899 κυριαιαΙν
345 2825 436 2896 L(Ag)
450 2843 456 2878 :
469 2827 503 2897 -Ι-
516 2831 588 2897 ζωην
606 2826 631 2882 G

143 2994 231 3048 verba
248 2993 362 3046 habent,
377 3024 409 3032 -
423 2990 558 3059 οότως-
571 2994 721 3066 πράσσετε]
750 2998 817 3049 erat.
855 2994 896 3049 cf.
915 2992 1027 3048 NIrschl
1047 2991 1129 3045 adh.
1149 2989 1167 3042 l.

142 3080 220 3135 Idem
251 3080 310 3134 fere
345 3078 510 3134 Didascalia
540 3083 569 3135 et
602 3082 720 3137 Constit.
784 3083 857 3145 VIII,
879 3084 900 3136 1.
920 3079 1107 3151 μυθεύμασιν]
1128 3077 1169 3133 ef.
1189 3075 1286 3131 ITim.
1302 3076 1325 3138 1,

143 3170 233 3238 apost.
252 3168 286 3230 ΙΙ,
306 3169 339 3222 27
369 3167 475 3221 dicunt.
503 3199 536 3208 -
564 3168 631 3246 ἰδία]
660 3169 677 3222 i.
697 3186 720 3224 e.
748 3172 779 3231 4;
797 3170 822 3233 4,
844 3173 875 3231 7;
903 3168 958 3222 Tit.
979 3170 1001 3231 1,
1023 3168 1062 3220 14.
1081 3197 1117 3206 -
1136 3160 1324 3231 Ἰουδαϊσμόν]

143 3254 456 3311 extrscommunionem
465 3254 591 3326 episcopi
603 3260 632 3311 et
643 3274 720 3326 prss-
750 3257 791 3311 cf.
812 3256 852 3315 10,
872 3256 903 3319 3;
923 3255 983 3310 Gal.
1005 3256 1028 3318 l,
1049 3254 1098 3315 133
1117 3256 1140 3316 ⁶2,
1162 3254 1201 3307 14.

142 3345 321 3413 byterorum,
352 3343 382 3396 in
410 3343 620 3398 conventiculis.
645 3376 680 3384 -
705 3342 721 3402 ό
784 3346 806 3397 2.
845 3346 962 3397 Severus
993 3341 1123 3396 Antioch.
1156 3340 1225 3392 Adv.
1257 3338 1326 3407 imp.

143 3430 218 3489 ἐστιν
245 3430 276 3488 Ἰ.
305 3431 370 3504 Χρ]
397 3432 415 3485 i.
441 3447 463 3485 e.
492 3432 567 3498 qnod
595 3436 643 3498 (το.
671 3436 721 3502 μία
750 3432 874 3485 Gramm.
893 3430 987 3485 Curet.
1006 3431 1066 3492 213,
1078 3428 1138 3481 245.
1158 3426 1325 3480 Timotheus

142 3524 282 3592 προσευχὴ
299 3518 370 3588 κτλ.)
390 3521 422 3572 ut
440 3517 497 3583 fist,
517 3517 593 3573 Iesus
612 3520 674 3574 vult
692 3522 721 3574 et
748 3518 842 3572 Aelur.
862 3518 924 3572 Cur.
946 3518 1005 3578 211,
1025 3516 1084 3569 244.
1110 3546 1144 3554 —
1167 3514 1233 3580 τοὺς
1251 3511 1327 3569 ἀπει-

144 3606 240 3660 efficit.
749 3605 882 3674 θοῦντας]
901 3605 919 3658 1.
939 3621 961 3658 e.
990 3620 1065 3658 nunc
1093 3602 1175 3656 fidem
1194 3616 1326 3654 recusan-

179 3693 203 3746 2.
222 3695 412 3766 προελθόντα]
428 3709 465 3746 sc.
480 3693 509 3745 in
521 3694 663 3748 mundum.
678 3695 719 3750 cf.
748 3696 800 3757 tes,
821 3698 853 3747 ut
872 3709 905 3745 ex
915 3691 1099 3758 sequentibus
1108 3692 1196 3759 patet.
1216 3687 1258 3742 Cf.
1271 3686 1325 3740 Sm.

144 3778 240 3834 Ioann.
260 3780 283 3843 8,
302 3782 352 3842 42;
382 3780 422 3841 13,
442 3780 472 3842 3;
503 3780 543 3843 16,
563 3780 604 3834 28.
630 3813 665 3821 -
683 3781 721 3850 εἰς
733 3736 736 3831 Ι
748 3783 772 3844 5,
794 3784 815 3836 1.
835 3812 870 3820 -
888 3781 973 3852 λόγος
991 3776 1047 3836 ἀπό
1066 3789 1144 3850 σιγῆς
1162 3774 1326 3848 προελθών]

146 3862 193 3923 ἕνα
212 3864 279 3924 όντα
297 3867 368 3936 κτλ]
389 3867 430 3921 Cf.
449 3867 545 3920 Ionnn.
561 3870 583 3931 1,
599 3868 621 3920 l.
641 3869 664 3922 2.
680 3869 720 3922 18.
734 3868 737 3949 ,⁵
750 3870 898 3924 Lectiones
908 3866 1043 3928 indicant,
1056 3864 1162 3936 Ignatii
1170 3863 1259 3916 verba
1268 3861 1327 3915 iarn

145 3953 214 4007 Cum
232 3971 286 4007 vox
309 3951 377 4011 όντα
400 3957 467 4023 post
494 3956 673 4027 προελθόντα
692 3959 721 4010 ετ
733 3956 736 4029 ξ
749 3957 847 4026 quinto
858 3955 970 4009 saeculo
980 3955 1131 4008 immutata
1140 3952 1235 4006 fuisse.
1256 3951 1327 4004 Con·

145 4041 211 4094 ante
236 4045 400 4113 χωρήσαντα
428 4040 525 4110 posita
543 4041 594 4106 sit,
624 4034 1327 4107 sensuritraversionemamreniacametSevemm

145 4130 202 4181 est:
222 4129 300 4182 Iesus
313 4128 389 4197 apud
407 4132 527 4198 patrem,
547 4129 623 4198 apud
637 4112 735 4245 quem}
749 4134 807 4184 stat
825 4131 988 4185 Timotheus
1008 4129 1134 4183 Aelurns.
1159 4126 1207 4181 Sin
1231 4128 1327 4179 nutem

145 4219 208 4268 erat
227 4219 293 4269 ante
313 4216 426 4270 sneculn
444 4218 479 4286 (6,
501 4219 535 4286 1),
556 4233 589 4271 eo
608 4232 721 4285 quoque
750 4218 876 4284 qnaeris,
903 4218 948 4272 cni
965 4234 998 4271 ex
1018 4218 1063 4271 his
1080 4217 1189 4271 duobus
1203 4214 1327 4269 testibus

146 4305 275 4371 tempore
293 4304 473 4367 versabatur,
494 4322 549 4372 qno
569 4304 599 4357 in
617 4304 722 4358 mundo
734 4257 738 4362 Ι
750 4304 841 4359 maior
851 4304 920 4358 fides
930 4305 1062 4358 habenda
1072 4304 1121 4356 sit:
1136 4302 1326 4362 considerans,
