2834 5018
193 296 256 360 498
624 293 779 348 HERMAE
797 293 938 349 PASTOR

191 466 346 549 διψυχίας,
370 467 494 531 ἔνδυσαι
517 469 552 532 δὲ
575 471 631 552 τὴν
653 468 765 547 πίστιν,
789 471 835 532 ότι
860 469 970 552 ἰσχυρά
994 467 1081 546 ἐστι,
1105 469 1163 531 καί
1187 467 1324 533 πίστευε
1345 477 1383 553 τῷ

191 575 271 654 θεῷ,
296 573 342 635 ότι
365 573 467 636 πάντα
500 575 539 636 τά
563 572 719 657 αίτήματά
743 595 800 637 σου
823 575 844 637 ἃ
867 574 960 648 αἰτεῖς
983 572 1081 657 λήψῃ.
1130 575 1187 636 καί
1216 573 1277 639 ἐὰν
1301 576 1382 659 αἰτη-

192 674 325 759 σάμενός
347 697 424 741 ποτε
455 680 541 760 παρὰ
564 686 618 740 τοῦ
648 677 756 759 κυρίου
785 678 903 763 αἴτημά
925 699 952 741 τι
983 677 1175 763 βραδύτερον
1211 678 1381 767 λαμβάνῃς,

192 785 234 866 μὴ
258 781 447 867 διψυχησης,
480 784 526 845 ότι
548 784 629 865 ταχύ
661 783 719 845 ούκ
743 781 854 867 ἔλαβες
876 784 912 845 τό
943 783 1060 867 αίτημα
1092 793 1149 867 τῆς
1174 783 1288 869 ψυχῆς
1317 806 1381 849 σου·

166 888 316 962 ῡπάντως
339 889 400 971 γάρ
426 887 477 951 διὰ
500 886 670 970 πειρασμόν
701 907 769 950 τινα
791 887 811 970 ῆ
834 887 1034 971 παράπτωμά
1056 909 1103 967 τι,
1137 888 1155 951 δ
1180 892 1226 952 σὺ
1254 890 1380 974 ἀγνοεῖς

191 992 377 1077 βραδύτερον
409 991 577 1076 λαμβάνεις
607 992 642 1053 τό
674 991 790 1075 αἴτημά
821 1012 888 1056 σου.
941 995 970 1058 8.
1002 995 1041 1054 σὺ
1073 993 1129 1057 σύν
1161 996 1209 1077 μὴ
1242 994 1380 1079 διαλίπης

192 1096 371 1179 αἰτούμενος
401 1096 436 1157 τό
468 1096 584 1179 αἴτημα
614 1104 668 1178 τῆς
699 1095 802 1179 ψυχῆς
825 1116 898 1176 σου,
931 1097 985 1158 καί
1018 1095 1106 1181 λήψῃ
1138 1098 1242 1162 αὐτό·
1276 1099 1379 1164 ἐὰνδὲ

192 1200 372 1285 ἐκκακήσης
395 1203 448 1263 καί
476 1200 651 1285 διψυχήοης
673 1200 869 1284 αἰτούμενος,
902 1203 1033 1264 σεαυτόν
1057 1202 1148 1265 αἰτιῶ
1183 1206 1245 1268 καὶ
1269 1209 1313 1289 μὴ
1334 1208 1378 1268 τόν

191 1304 315 1368 διδόντα
346 1326 404 1370 σοι.
451 1307 480 1370 9.
506 1304 602 1390 βλέπε
635 1308 690 1388 τὴν
718 1305 865 1388 ὃιψυχίαν
893 1305 1027 1389 ταύτην·
1063 1310 1192 1392 πονηρὰ
1228 1311 1293 1395 γάρ
1324 1311 1378 1373 ἐστ.

153 1436 177 1476 ιο
192 1411 246 1472 καί
269 1409 417 1484 ἀσύνετος
445 1412 498 1472 καί
522 1409 658 1485 πολλούς
687 1409 804 1491 ἐκριζοῖ
833 1411 895 1473 ἀπὸ
924 1420 978 1493 τῆς
1001 1409 1138 1487 πίστεως
1168 1413 1231 1476 καί
1258 1436 1298 1498 γε
1319 1414 1376 1477 λίαν

191 1516 318 1588 πιστοὺς
340 1515 393 1576 καί
418 1513 572 1596 ἰσχυρούς.
618 1516 755 1599 καὶγὰρ
778 1517 856 1600 αῦτη
879 1514 1052 1608 ηδιψυχία
1069 1517 1226 1603 θυγάτηρ
1253 1519 1318 1584 ἐστί
1333 1530 1376 1584 τοῦ

191 1617 338 1703 διαβόλου
353 1622 406 1683 καί
422 1619 492 1684 λίαν
508 1620 711 1704 πονηρεύεται
726 1621 770 1696 είς
785 1623 856 1696 τοὺς
871 1619 1001 1695 δούλους
1017 1629 1072 1683 τοῦ
1087 1623 1185 1688 θεοῦ.
1223 1628 1276 1693 10.
1292 1647 1376 1688 κατα·

191 1724 345 1808 φρόνησον
375 1721 429 1788 ούν
459 1733 513 1808 τῆς
546 1725 691 1809 διψυχίας
722 1729 776 1790 καί
810 1726 1057 1808 κατακυρίευσον
1085 1728 1190 1813 αὐτῆς
1231 1730 1266 1795 ἐν
1297 1732 1374 1795 παντὶ

190 1829 358 1913 πράγματι,
382 1828 588 1912 ἐνδυσάμενος
603 1832 659 1912 τὴν
682 1829 783 1893 πίστιν
798 1833 854 1913 την
878 1831 1007 1913 ἰσχυράν
1022 1831 1077 1892 καί
1102 1831 1268 1919 δυνατήν·
1292 1834 1373 1918 ἡγὰρ

152 1959 177 1996 ιι
192 1933 292 2008 πίστις
314 1933 417 1997 πάντα
440 1932 678 2017 ἐπαγγέλλεται,
701 1933 804 1997 πάντα
819 1932 941 2012 τελειοῖ,
964 1933 985 2016 ἡ
1008 1934 1043 1997 δὲ
1066 1935 1209 2021 διψυχία
1233 1943 1278 2024 μὴ
1293 1960 1373 2003 κατα·

191 2039 381 2101 πιστεύουσα
404 2037 499 2121 ἑαυτῇ
521 2038 646 2102 πάντων
663 2039 873 2121 ἀποτυγχάνει
896 2046 957 2101 τῶν
980 2038 1081 2120 ἔργων
1099 2041 1205 2126 αὐτῆς
1230 2041 1276 2108 ὧν
1291 2043 1373 2125 πράο

192 2164 248 2207 σει.
296 2147 345 2210 11.
371 2142 493 2227 βλέπεις
517 2140 581 2220 σύν,
606 2143 709 2227 φησίν,
732 2145 778 2205 ότι
801 2142 821 2226 ἡ
844 2142 944 2217 πίστις
967 2141 1098 2207 ἄνωθέν
1125 2143 1197 2210 ἐστι
1223 2152 1311 2231 παρὰ
1329 2156 1372 2210 τοῦ

191 2247 298 2330 κυρίου
321 2248 375 2309 καί
397 2248 463 2329 ἔχει
486 2247 614 2330 δύναμιν
638 2245 794 2330 μεγάλην·
825 2245 845 2329 ἡ
869 2247 903 2310 δὲ
925 2244 1054 2328 διψυχία
1084 2246 1235 2333 ἐπίγειον
1266 2250 1372 2335 πνεῦμά

191 2351 257 2414 ἐστι
279 2354 365 2434 παρὰ
388 2362 442 2414 τοῦ
465 2351 624 2437 διαβόλου,
640 2351 769 2435 δύναμιν
792 2354 834 2435 μὴ
857 2352 983 2434 ἔχουσα.
1035 2353 1086 2416 12.
1114 2355 1155 2415 σῦ
1173 2353 1235 2420 ούν
1259 2356 1371 2421 δούλευε

151 2480 177 2516 ιο
191 2465 229 2538 τῇ
251 2455 367 2541 ἐχούσῃ
391 2455 519 2540 δύναμιν
542 2466 580 2540 τῇ
608 2456 707 2519 πίστει
730 2458 783 2520 καί
807 2459 870 2520 άπδ
893 2466 947 2540 τῆς
979 2455 1132 2538 διψυχίας
1157 2460 1310 2546 ἀπόσχου
1330 2471 1370 2543 τίς

191 2562 232 2643 μὴ
257 2558 389 2645 ἐχούσης
412 2561 557 2644 δύναμιν,
588 2563 641 2624 καί
665 2561 744 2646 ζήση
768 2569 812 2645 τῷ
837 2566 918 2645 θεῷ,
942 2562 995 2623 καί
1018 2560 1138 2638 πάντες
1163 2564 1317 2649 ζήσονται
1336 2571 1369 2645 τῷ

191 2667 260 2748 θεῷ
283 2665 312 2727 οἱ
335 2675 433 2728 ταῦτα
457 2675 651 2748 φρονοῦντες.

686 2839 817 2924 Ἐντολὴ
842 2840 872 2904 ι’.

281 2979 314 3046 1.
339 2979 437 3062 Ἀρον
453 2981 515 3043 ἀπό
532 2988 675 3057 σεαυτοῦ,
694 2978 779 3063 φησί,
795 2981 850 3062 τὴν
867 2979 984 3063 λύπην·
1009 2982 1064 3043 καί
1080 2984 1146 3067 γάρ
1163 2989 1249 3072 αῦτη
1266 2982 1369 3066 ἀδελςί,

150 3110 175 3147 νο
191 3084 255 3147 ἐστι
279 3093 333 3168 τῆς
356 3083 501 3166 διψυχίας
524 3084 577 3145 καί
601 3091 655 3165 τῆς
672 3081 846 3165 δξυχολίας.
892 3088 921 3149 2.
947 3081 1029 3162 Πῶς,
1055 3087 1150 3170 φημί,
1176 3090 1279 3173 κύριε,
1295 3087 1369 3153 ἀδελ·

190 3187 232 3271 φη
263 3187 327 3250 ἐστι
357 3187 491 3265 τούτους
528 3185 607 3249 άλλο
638 3186 699 3269 γάρ
728 3207 778 3269 μοι
807 3188 894 3251 δοκεῖ
924 3184 1000 3250 είναι
1031 3187 1192 3273 ὀξυχολία
1222 3197 1278 3258 καί
1304 3192 1368 3256 ἄλλο

188 3292 318 3375 διψυχία
339 3295 393 3355 καί
417 3292 496 3355 ἀλλο
525 3290 617 3375 λύπη.
666 3290 831 3365 Ἀσύνετος
854 3290 881 3354 εί
906 3291 1111 3377 [άνύρυπος,
1148 3298 1248 3385 φησί]
1271 3301 1321 3362 καί
1340 3296 1368 3359 ού

188 3406 287 3473 νοεῖς,
320 3395 409 3478 ότιή
440 3395 521 3480 λύπη
552 3398 677 3458 πάντων
701 3404 762 3459 τῶν
793 3398 976 3480 πνευμάτων
1006 3400 1213 3484 πονηροτέρα
1243 3403 1307 3468 ἐστὶ
1326 3400 1367 3464 κά

188 3501 348 3584 δεινοτάτη
383 3510 445 3576 τοῖς
468 3500 590 3577 δούλοις
620 3510 674 3564 τοῦ
704 3504 784 3567 θεοῦ
813 3503 866 3563 καί
896 3502 980 3583 παρὰ
1013 3501 1121 3566 πάντα
1148 3509 1192 3569 τά
1222 3509 1368 3592 πνεύματα

150 3624 175 3661 ιο
188 3605 395 3688 καταφθείρει
423 3608 476 3669 τόν
500 3608 745 3688 ἄνθρωπονκαὶ
776 3606 908 3691 ἐκτρίβει
931 3607 966 3668 τό
995 3617 1121 3690 πνεῦμα
1152 3613 1192 3675 τὸ
1217 3616 1306 3698 ἅγιον
1326 3609 1367 3673 κά

259 3779 275 3833 8
295 3779 438 3850 ἐκκακίσης
458 3780 482 3835 G
506 3780 510 3849 Ι
536 3781 682 3852 tert-4151
710 3781 741 3833 L¹
753 3781 823 3834 Ath’
849 3783 852 3850 Ι
881 3781 954 3846 10s11
975 3799 1007 3851 γε
1026 3819 1053 3832 ..
1073 3784 1200 3852 πιστούς
1223 3790 1312 3853 καί)
1328 3786 1348 3838 G

192 3867 220 3918 ll
242 3868 367 3941 θυγάτηρ
381 3887 388 3920 2
401 3867 505 3940 ἀδελφὴ
525 3866 549 3921 G
574 3871 578 3935 Ι
602 3869 635 3921 22
655 3877 825 3941 φρονοῦντες
844 3870 891 3935 (es.
911 3865 1005 3921 Mand.
1025 3865 1061 3927 11,
1080 3867 1114 3927 ῦς
1142 3869 1223 3934 vm,
1245 3875 1289 3941 12²)
1311 3868 1365 3925 Ate

190 3953 259 4011 11²(A
269 3954 348 4022 Ath'2)
363 3974 369 4006 ι
383 3960 573 4029 φρονήσαντες
592 3954 623 4018 G,
644 3955 753 4024 egerint
770 3955 802 4009 L¹
820 3956 824 4025 ί
840 3956 874 4008 24
892 3952 959 4024 αὕτη
980 3952 1001 4005 L
1012 3954 1084 4008 Ath¹
1101 3974 1108 4009 ι
1122 3956 1197 4031 αῦτη
1217 3960 1242 4016 G
1253 3956 1346 4015 Mtte

189 4034 1234 4115 υῖάνυρωποςυι...ῦ.>Ι,111ψησιΙιΑι..ῦικαῑῦι>ῦλ

224 4184 248 4230 8.
267 4178 427 4253 ἐκκακὴσης]
448 4183 488 4236 cf.
499 4181 525 4234 11
536 4181 622 4235 clem.
632 4184 655 4244 2,
669 4182 686 4235 2
703 4184 762 4235 not.
775 4188 777 4199 '
790 4183 817 4235 h.
831 4182 849 4234 l.
870 4178 1043 4236 Athanasius
1058 4181 1102 4237 De
1113 4183 1225 4240 decret.
1244 4185 1303 4240 Nic.
1319 4199 1364 4251 ερυ

224 4265 247 4316 9.
267 4268 392 4340 θυγάτηρ
412 4268 432 4326 ἐ.
451 4291 475 4325 τ.
494 4270 633 4342 διαβόλου]
653 4268 762 4323 Laudat
790 4286 811 4322 e.
830 4270 856 4322 4.
