2834 5018
516 718 582 773 VIS.
602 718 648 783 111,
667 720 692 781 9,
711 720 804 784 3-10,
825 721 847 772 1.
1204 727 1268 792 453

90 897 262 980 adquirunt
284 919 321 961 ac
337 902 544 980 corrumpunt
567 920 692 962 carnem
707 921 816 971 suam;
841 898 976 963 aliorum
996 904 1111 976 autem,
1136 901 1190 985 qui
1203 922 1267 966 non

89 1000 211 1065 habent
233 1023 330 1076 escas,
355 1004 568 1086 corrumpitur
590 1025 681 1079 caro,
718 1006 878 1088 quianon
908 1004 1027 1068 habent
1056 1005 1267 1070 sufficientem
1305 1017 1307 1021 '

90 1105 206 1182 cibum,
231 1111 263 1169 et
278 1107 475 1171 consumitur
489 1128 601 1191 corpus
618 1128 734 1172 eorum.
781 1110 810 1171 4.
837 1107 925 1173 Haec
939 1108 1039 1193 igitur
1052 1109 1266 1193 intemperan-

88 1210 136 1273 tia
159 1232 274 1275 nocens
298 1216 346 1276 est
368 1212 466 1289 vobis,
492 1213 547 1294 qui
569 1212 695 1276 habetis
710 1234 812 1296 neque
835 1212 1073 1276 communicatis
1089 1216 1264 1297 egentibus.

90 1315 120 1377 5.
144 1314 258 1380 Videte
281 1316 431 1381 iudicium
455 1318 631 1381 adveniens.
678 1315 739 1393 Qui
762 1338 838 1401 ergo
861 1317 934 1400 plus
957 1316 1099 1391 habetis,
1125 1318 1292 1401 quaerites

88 1419 271 1496 esurientes,
296 1422 370 1485 dum
393 1422 488 1485 turris
511 1423 651 1486 nondum
674 1427 723 1486 est
738 1426 972 1497 consummata3
997 1423 1166 1486 cumcuim
1190 1444 1266 1487 con·

88 1528 247 1588 summata
268 1525 366 1590 fuerit
381 1526 485 1602 turris,
499 1526 612 1590 voletis
626 1527 822 1602 benefacere,
847 1531 879 1591 et
894 1548 958 1590 non
977 1526 1136 1592 habebitis
1150 1526 1265 1591 locum.

89 1627 119 1689 6.
144 1624 260 1692 Videte
283 1630 383 1714 igitur
404 1651 470 1706 vos,
496 1632 551 1714 qui
566 1631 769 1696 luxuriamini
792 1632 825 1696 in
848 1633 966 1696 divitiis
983 1632 1105 1709 vestris,
1129 1653 1168 1696 ne
1184 1631 1266 1695 forte

86 1730 297 1815 ingemiscant
319 1734 507 1818 indigentes,
533 1740 566 1798 et
587 1737 725 1819 gemitus
747 1758 856 1800 eorum
871 1737 1021 1801 ascendat
1044 1737 1084 1801 ad
1107 1736 1267 1801 dominum

87 1840 121 1898 et
143 1836 352 1902 excludamini
376 1861 447 1903 cum
470 1840 561 1904 bonis
576 1841 689 1904 vestris
712 1847 801 1905 extra
822 1843 950 1906 ianuam
965 1842 1071 1905 turris
1119 1842 1147 1904 7.
1172 1840 1266 1906 Nunc
1280 1861 1305 1897 1⁰

87 1939 194 2005 autem
216 1943 305 2006 vobis
338 1943 423 2018 dico,
461 1945 515 2028 qui
537 1946 689 2027 praeestis
720 1945 872 2010 ecclesiae
901 1950 933 2010 et
961 1946 1124 2029 occupatis
1145 1945 1265 2028 primas

86 2047 192 2110 sedes:
216 2046 316 2111 nolite
339 2047 459 2111 similes
482 2048 552 2112 fieri
575 2047 736 2113 maleficis.
783 2048 921 2113 Malefici
937 2071 1013 2135 ergo
1036 2048 1192 2112 maleficia
1207 2070 1265 2113 sua

86 2151 120 2214 in
143 2151 243 2216 thecis
266 2157 413 2235 portant,
444 2159 630 2218 vosautem
659 2153 848 2218 maleficium
878 2157 1018 2217 vestrum
1041 2175 1078 2217 ac
1108 2175 1264 2217 venenum

84 2255 120 2318 in
143 2257 242 2320 corde.
290 2258 318 2320 8.
344 2257 487 2321 Indurati
519 2259 594 2322 estis
616 2279 719 2340 neque
740 2257 836 2322 vultis
868 2259 1019 2322 mundare
1042 2258 1137 2322 corda
1159 2261 1264 2321 vestra

85 2365 318 2444 attemperare
341 2384 468 2426 sensum
489 2367 631 2426 vestrum
654 2362 687 2426 in
709 2384 805 2426 unum
828 2361 860 2425 in
882 2383 963 2444 puro
978 2361 1081 2438 corde,
1105 2365 1142 2424 ut
1163 2361 1262 2426 habe·
1278 2383 1303 2420 ιι

85 2465 149 2529 atis
179 2466 428 2530 misericordiam
461 2488 480 2529 a
508 2486 586 2547 repe
617 2487 745 2548 maeno.
792 2468 822 2530 9.
847 2467 961 2531 Videte
988 2468 1103 2551 igitur,
1127 2466 1202 2542 filii,
1223 2489 1263 2530 ne

84 2569 169 2633 forte
191 2571 250 2634 bae
267 2571 476 2635 dissensiones
499 2576 622 2635 vestrae
641 2572 778 2655 eripiant
800 2572 898 2635 vitam
913 2576 1060 2636 vestram.
1110 2571 1158 2636 10.
1177 2568 1263 2646 Quo·

84 2674 180 2737 modo
202 2695 258 2738 vos
282 2675 403 2738 erudire
425 2674 523 2738 vultis
545 2674 664 2740 electos
687 2675 820 2752 domini,
853 2697 925 2740 curn
947 2676 1009 2759 ipsi
1031 2696 1094 2740 non
1118 2675 1263 2740 habeatis

83 2779 310 2863 disciplinam?
345 2778 502 2863 Corripite
526 2800 603 2865 ergo
627 2780 816 2844 alterutrum
838 2784 871 2843 et
895 2799 1013 2862 pacem
1035 2782 1153 2844 latete
1175 2785 1264 2844 inter

83 2903 143 2947 vos
165 2890 268 2965 ipsos,
290 2889 327 2948 ut
349 2888 382 2947 et
404 2904 465 2967 ego
487 2905 593 2949 coram
615 2890 706 2968 patre
729 2885 840 2948 hilaris
863 2885 992 2949 adstans
1014 2885 1170 2949 rationem
1190 2885 1262 2948 red·
1277 2906 1303 2943 ιι

83 2989 158 3051 dam
181 3010 238 3072 pro
262 2988 352 3052 vobis
374 2988 521 3052 omnibus
544 2989 670 3052 domino
691 2993 804 3052 vestro.
1290 2989 1294 2996 “

176 3087 236 3155 10.
262 3091 340 3156 Cum
363 3093 462 3176 igitur
485 3091 628 3156 desiisset
651 3113 773 3157 mecum
795 3092 894 3177 loqui,
918 3097 1071 3156 venerunt
1095 3114 1150 3156 sex
1172 3093 1261 3157 iuve-

80 3219 155 3273 nes,
190 3197 244 3281 qui
276 3197 500 3272 aedificabant,
532 3200 565 3259 et
596 3197 796 3260 abstulerunt
826 3219 895 3260 eam
927 3197 966 3259 ad
989 3197 1120 3273 turrim,
1153 3196 1262 3260 etalii

82 3307 222 3385 quatuor
245 3301 440 3366 sustulerunt
462 3300 650 3364 subsellium
672 3306 704 3364 et
726 3300 926 3365 abstulerunt
949 3305 981 3363 et
1002 3300 1108 3383 ipsum
1131 3300 1171 3363 ad
1192 3305 1261 3363 tur·

154 3438 243 3492 9Iac.
263 3440 287 3502 5,
306 3439 331 3493 4.
350 3468 384 3476 -
404 3437 435 3492 18
453 3435 497 3490 Ps.
517 3436 559 3500 46,
578 3438 609 3498 3;
627 3437 669 3499 47,
689 3437 722 3498 33
741 3437 783 3499 94.
803 3437 819 3489 3
839 3439 891 3490 etc.
916 3466 949 3476 -
975 3434 1007 3489 21
1027 3435 1040 3488 Ι
1058 3434 1154 3487 Thess.
1174 3435 1198 3497 5,
1219 3435 1260 3489 13.

80 3544 135 3610 (Ill
153 3543 248 3597 Ioann.
267 3543 295 3608 9)
313 3541 470 3595 verterunt:
496 3542 545 3610 qui
561 3543 660 3596 amotis
686 3541 763 3595 int'ra
788 3559 814 3595 v.
832 3541 919 3596 8-10
948 3538 1201 3593 controversiarum
1228 3554 1261 3592 ac

74 3632 185 3701 primos
197 3646 339 3684 consessus
351 3630 407 3699 (11¹)
424 3629 470 3682 vel
483 3630 591 3697 primm
607 3644 659 3682 ses·
686 3628 893 3683 dissensionum
902 3627 1008 3682 mentio
1021 3625 1060 3689 fit,
1071 3624 1261 3694 colligendum

79 3719 171 3772 sionm
190 3717 259 3786 (12³),
285 3720 314 3770 et
337 3716 508 3770 recentiores
531 3715 659 3784 plerique
686 3731 747 3769 esse
765 3715 892 3779 videtur,
912 3714 1092 3785 presbyteros
1110 3715 1171 3767 tum
1190 3715 1261 3767 tem·

78 3806 262 3872 putaverunt,
276 3802 409 3857 Hermam
428 3804 454 3855 h.
468 3802 485 3855 1.
499 3802 659 3872 vituperare
685 3803 763 3873 poris
777 3804 811 3857 de
829 3803 1062 3877 πρωιοκαθεδρίᾳ
1075 3802 1259 3853 concertasse.

79 3889 302 3943 aemulationem
321 3890 510 3959 episcopatus,
530 3891 563 3946 τὸ
582 3895 658 3961 φιλο·
686 3888 945 3944 Controuersiarum
969 3887 1044 3940 enim
1062 3889 1128 3940 sunt
1154 3884 1260 3940 multae

76 3982 243 4050 καθεδρεῑν,
268 3978 301 4030 ut
316 3975 503 4031 Pa-Olemens
528 3976 557 4030 in
576 3977 658 4045 epist.
686 3993 786 4030 causae
806 3979 834 4030 et
853 3974 940 4028 verba
952 3971 1104 4048 εἰρηνεύετε
1122 3969 1153 4029 ἐν
1164 3969 1259 4040 αὑτοῖς

79 4063 119 4116 ad
138 4063 192 4116 Iac.
212 4077 235 4115 c.
255 4065 271 4117 3
288 4062 364 4116 dicit.
401 4061 457 4116 Sed
475 4080 529 4117 vox
555 4063 585 4117 id
602 4080 658 4117 non
684 4079 741 4116 non
768 4062 860 4116 solnm
886 4059 1072 4131 presbyteris,
1101 4059 1151 4111 sed
1175 4059 1262 4113 etiam

79 4149 162 4204 dicit.
207 4154 487 4221 Πρωτοκαθεδρῖται,
523 4152 555 4203 ut
586 4149 658 4204 vidit
685 4149 748 4202 aliis
766 4147 895 4203 fidelibus
914 4146 961 4217 (cf.
981 4165 1006 4201 v.
1025 4146 1052 4215 2)
1072 4144 1213 4200 dicuntur.

78 4238 160 4292 Zahn
179 4239 226 4303 (cf.
240 4237 373 4291 Harnaclr
385 4237 422 4290 ad
439 4237 517 4306 1ι.1.),
535 4253 592 4290 non
608 4236 657 4290 mi·
719 4236 743 4290 8.
762 4235 808 4292 ἐπὶ
820 4237 852 4292 τὸ
864 4234 945 4305 αὐτὸ]
964 4233 1094 4302 Respicit
1105 4233 1139 4287 11.
1153 4232 1259 4287 dissen-

77 4342 133 4379 nus
159 4329 224 4379 sunt
248 4327 480 4400 πρωτοκαθεδρίᾳ
506 4321 658 4392 τιμώμενοι
684 4322 785 4377 siones.

78 4411 180 4478 (Clem.
195 4409 411 4472 Atstrom.V1‚
426 4411 466 4472 13,
484 4408 535 4463 106
552 4426 580 4478 p.
593 4410 656 4475 793)
718 4411 743 4464 9.
762 4409 854 4479 τέκνα]
873 4410 890 4463 i
911 4426 933 4463 e.
952 4407 1120 4479 presbyteri.

77 4515 167 4568 quam
185 4482 418 4574 πρωτοκαθέδρίᾳ
442 4495 656 4567 πεφυσιωμένοι,
720 4497 760 4550 10.
779 4498 864 4568 λόγον
881 4494 940 4566 ἀπ.]
968 4495 1012 4550 cf.
1038 4494 1141 4549 Matth.
1161 4498 1205 4562 12,
1225 4497 1259 4552 36

71 4587 243 4657 principalis
267 4585 448 4640 ιοιιειιειοιιὲι
471 4588 572 4637 tumore
593 4584 657 4637 eluti
684 4585 737 4651 (18,
755 4584 797 4638 23.
816 4582 876 4650 24),
895 4583 960 4636 Luc.
982 4584 1021 4646 16,
1040 4585 1069 4646 2ς
1087 4584 1149 4638 Act.
1171 4584 1211 4648 19,
1223 4585 1258 4638 40

78 4671 164 4740 (Iren.
184 4670 230 4735 IV,
243 4671 285 4734 26,
299 4671 335 4740 3),
354 4683 447 4737 neque
466 4684 559 4732 exeo,
579 4669 656 4737 quod
684 4673 736 4725 etc.
