2834 5018
167 364 250 430 ‘470
620 353 774 411 Ηυιιιιιιυ
793 353 936 410 PASTOR

187 537 299 622 ἐνδύσῃ
322 547 425 601 πᾶσαν
449 538 560 620 ἀρετὴν
582 533 778 618 δικαιοσύνης
801 534 856 596 καί
879 531 959 616 ζήσῃ
981 537 1025 614 τῷ
1049 536 1129 616 θεῷ,
1156 532 1219 598 ἐάν
1244 533 1389 620 φυλάξῃς

186 646 240 726 τὴν
264 642 391 727 ἐντολὴν
417 642 540 728 ταύτην.

679 813 811 898 Ἐντολὴ
835 812 874 900 β’.

272 954 365 1040 Λέγει
388 975 457 1040 μοι·
488 953 667 1039 Ἃπλδτητα
689 954 744 1037 ἔχε
766 954 819 1016 καί
843 954 963 1028 ἄκακος
984 951 1081 1036 γίνου,
1104 953 1161 1015 καί
1187 953 1254 1038 ἔσῃ
1279 954 1325 1031 ὡς
1347 956 1384 1017 τά

159 1060 280 1143 ινήπια
302 1062 341 1123 τά
365 1061 407 1143 μὴ
429 1057 626 1143 γινώσκοντα
641 1060 696 1142 τὴν
718 1056 868 1142 πονηρίαν
891 1059 946 1140 τὴν
962 1056 1189 1120 ἀπολλύουσαν
1216 1061 1278 1142 τὴν
1300 1060 1384 1142 ζωὴν

185 1173 247 1229 τῶν
278 1163 466 1247 ἀνθρώπων.
512 1168 541 1231 2.
567 1175 689 1247 πρῶτον
719 1163 775 1247 μὲν
798 1163 927 1247 μηδενὸς
958 1160 1133 1225 καταλάλει
1165 1162 1256 1246 μηδὲ
1282 1163 1382 1247 ἡδέως

186 1271 283 1332 ἄκουε
305 1268 577 1344 καταλαλοῠντος·
602 1268 628 1332 εἰ
651 1268 685 1332 δὲ
708 1267 761 1351 μή,
784 1269 891 1330 καὶσὺ
914 1267 931 1330 δ
954 1266 1079 1330 ἀκούων
1102 1266 1222 1349 ἔνοχος
1244 1268 1305 1353 ἔσῃ
1329 1280 1381 1351 τῆς

186 1373 337 1456 ἁμαρτίας
367 1384 421 1437 τοῦ
444 1372 714 1452 καταλαλοῠντος,
747 1371 801 1435 ἐὰν
824 1371 989 1455 πιστεύσῃς
1018 1380 1057 1454 τῇ
1082 1370 1276 1458 καταλαλιᾷ
1300 1372 1321 1458 ᾖ
1344 1376 1380 1437 ἀν

186 1477 339 1562 ἀκούσῃς·
370 1478 538 1552 πιστεύσας
565 1479 626 1561 γάρ
657 1479 710 1540 καί
734 1480 772 1540 σύ
803 1477 895 1552 αὐτὸς
924 1474 1001 1552 ἕξεις
1029 1477 1112 1538 κατά
1143 1486 1205 1539 τοῦ
1239 1478 1377 1561 ἀδελφοῦ

148 1604 172 1641 ιι
187 1604 253 1646 σου.
300 1586 398 1660 οὕτως
429 1581 482 1648 ούν
515 1584 625 1665 ἔνοχος
657 1583 714 1666 ἔσῃ
748 1591 801 1665 τῆς
832 1580 982 1665 ἁμαρτίας
1013 1588 1068 1642 τού
1100 1579 1374 1656 καταλαλοῦντος.

188 1690 216 1754 3.
242 1689 362 1772 πονηρά
383 1686 404 1770 ἡ
426 1686 622 1766 καταλαλιαί,
654 1686 873 1750 ἀκατάστατον
902 1684 1059 1769 δαιμόνιόν
1082 1683 1186 1764 ἐστιν,
1220 1687 1374 1772 μηδέποτε

187 1791 359 1878 είρηνεῠον,
390 1791 474 1855 ἀλλά
496 1793 631 1855 πάντοτε
654 1790 686 1854 ἐν
709 1789 921 1875 διχοστασίαις
943 1796 1121 1853 κατοικούν.
1169 1790 1302 1874 ἀπέχου
1325 1789 1374 1854 ούν

187 1896 242 1959 ἀπ’
265 1898 370 1975 αὐτοῦ,
393 1897 448 1959 καί
472 1894 622 1981 εὐθηνίαν
646 1895 781 1959 πάντοτε
803 1894 880 1972 ἕξεις
904 1896 981 1978 μετά
1003 1893 1141 1958 πάντων.
1191 1900 1226 1961 4.
1252 1897 1372 1960 ἔνδυσαι

186 2002 220 2065 δὲ
242 2003 297 2085 τὴν
328 2000 517 2085 σεμνότητα,
549 2000 581 2065 ἐν
604 1997 624 2084 ᾖ
648 2000 736 2064 οὐδὲν
768 1998 955 2082 πρόσκομμα
985 1996 1067 2061 ἐστιν
1097 1999 1263 2084 πονηράν,
1295 1999 1372 2063 ἀλλὰ

148 2126 173 2163 ιι
185 2107 288 2169 πάντα
311 2103 415 2189 ὁμαλά
436 2105 489 2166 καί
521 2102 622 2186 ίλαρά.
669 2101 801 2187 ἐργάζου
824 2103 860 2164 τδ
883 2102 1007 2186 ἀγαύδν
1032 2102 1085 2164 καί
1111 2100 1149 2164 ἐκ
1177 2111 1246 2167 τῶν
1270 2103 1372 2167 κύπυν

185 2231 241 2273 σου
265 2207 308 2273 ὧν
332 2209 349 2271 δ
373 2211 449 2284 θεὸς
472 2207 597 2272 δίδωσίν
621 2229 669 2271 σοι
692 2216 786 2271 πᾶσιν
818 2204 1048 2290 ὑοτερουμένοις
1072 2205 1160 2269 δίδου
1185 2206 1313 2286 ἁπλῶς,
1334 2209 1370 2290 μὴ

187 2313 349 2393 διστάζων,
372 2312 429 2377 τίνι
453 2312 550 2396 δῷςή
573 2311 631 2376 τίνι
653 2313 695 2395 μὴ
712 2312 783 2394 δῷς.
829 2321 922 2375 πᾶσιν
939 2311 1042 2374 δίδου·
1065 2320 1163 2375 πᾶσιν
1178 2315 1247 2397 γάρ
1270 2313 1371 2386 wag

184 2416 329 2483 δίδοσθαι
354 2416 442 2483 ύὲλει
465 2416 503 2480 ἐκ
524 2425 586 2481 τῶν
610 2415 694 2480 ἰδίων
717 2416 919 2502 δωρημάτυν.
966 2420 995 2482 5.
1020 2415 1048 2478 οί
1072 2412 1127 2478 ούν
1157 2415 1371 2503 λαμβάνοντες

185 2519 401 2584 ἀποδώσουσιν
425 2519 519 2605 λόγον
543 2529 586 2604 τῷ
611 2524 690 2604 θεῷ,
714 2519 795 2584 διατί
818 2520 931 2607 ἔλαβον
954 2522 1007 2584 καί
1030 2521 1073 2596 εἰς
1096 2520 1142 2583 τί·
1179 2522 1213 2585 οί
1236 2523 1370 2607 μὲνγὰρ

147 2645 172 2681 ιο
186 2625 396 2712 λαμβάνοντες
420 2624 601 2712 θλιβδμενοι
625 2627 661 2689 ού
676 2624 933 2708 δικασθήσονται,
958 2624 986 2688 οἱ
1008 2624 1042 2687 δὲ
1058 2622 1090 2688 ἐν
1112 2624 1283 2708 ὑποκρίσει
1298 2627 1371 2709 λαμ-

186 2730 331 2816 βάνοντες
354 2729 490 2794 τίσουσιν
513 2729 612 2815 δίκην.
658 2733 687 2796 6.
712 2728 729 2791 δ
753 2726 807 2793 ούν
840 2729 942 2804 διδούς
974 2727 1083 2811 ἀύῷός
1106 2727 1213 2793 ἐστιν·
1251 2730 1295 2807 ὡς
1316 2732 1373 2816 γάρ

185 2833 296 2921 ἔλαβεν
318 2836 404 2917 παρά
427 2843 481 2898 τοῦ
502 2832 609 2916 κυρίου
632 2835 687 2917 τὴν
710 2831 871 2896 διακονίαν
895 2831 1029 2912 τελέσαι,
1053 2830 1165 2909 ἁπλῶς
1182 2836 1286 2920 αὐτὴν
1310 2833 1372 2898 ἐτὲ·

267 2994 280 3048 1
300 2997 349 3049 δικ.
369 2991 410 3046 SL
425 2995 489 3047 :ml
507 2990 679 3062 δικαιοσύνην
698 2990 747 3046 GA
770 2992 774 3060 Ι
795 2995 878 3062 ζηοησ
896 2990 914 3045 S
938 2991 942 3060 Ι
967 2989 1075 3061 φυλάξῃ
1093 2990 1119 3045 G
1145 2990 1149 3060 Ι
1174 2993 1194 3045 4
1212 2988 1260 3051 Ex.
1279 2997 1373 3066 γίνσυι

184 3076 289 3137 ίίκιικον
308 3080 359 3135 τὸν
377 3087 443 3136 νοῦν
461 3078 486 3133 G
501 3079 505 3147 Ι
522 3073 569 3135 ίοο
589 3077 614 3132 G
640 3078 645 3148 Ι
670 3079 686 3132 5
705 3083 755 3148 τὴν
773 3098 834 3136 πον.
845 3080 880 3145 >
899 3077 991 3132 GAth
1015 3076 1019 3148 Ι
1042 3072 1229 3136 ύυιύλλονσαν
1248 3081 1274 3136 G
1292 3080 1349 3135 Ath
1367 3083 1370 3117 ἕ

184 3170 200 3222 6
219 3165 404 3238 Ιόέιοςιμηδὲ
423 3166 447 3220 G
464 3166 468 3235 Ι
485 3165 500 3217 7
519 3164 580 3232 ὁ>
598 3164 693 3220 GAth
709 3165 713 3235 Ι
730 3160 835 3236 ἔορτει
855 3163 926 3223 818
944 3162 1128 3237 ἐάνεΙ-γάρ
1141 3165 1199 3219 SL'
1216 3167 1221 3237 Ι
1238 3170 1375 3233 πιστεύεις

185 3253 208 3309 G
225 3256 229 3321 Ι
245 3258 280 3325 τῇ
297 3275 322 3309 κ.
336 3246 353 3324 ᾗ
366 3271 371 3304 :
386 3273 436 3323 τησ
454 3257 623 3308 καταλαλιασ
635 3251 700 3323 ησ8
716 3253 720 3319 Ι
736 3251 752 3305 9
771 3250 868 3324 γάρ>
881 3250 935 3304 SL'
950 3253 955 3318 Ι
973 3251 1004 3305 10
1019 3255 1053 3322 τῇ
1065 3249 1192 3329 ἁμαρτίᾳ
1205 3252 1233 3309 G
1249 3257 1254 3325 Ι
1272 3255 1304 3308 11
1319 3258 1374 3326 ἡ)

185 3340 202 3394 S
219 3344 223 3408 Ι
239 3340 282 3398 άκ.
292 3346 314 3397 δ.
326 3339 401 3397 ἐστιν
416 3338 467 3394 SL¹
483 3340 563 3409 (Ant)
574 3357 580 3391 :
593 3343 638 3396 καὶ
651 3337 693 3395 άκ.
705 3344 728 3395 δ.
738 3338 823 3393 GL'A
833 3339 890 3393 Ath
906 3341 910 3407 Ι
929 3341 961 3393 14
969 3339 1127 3408 σεμνότητα
1142 3356 1148 3390 :
1162 3339 1262 3411 ὀσφύν
1273 3340 1372 3399 moi

186 3431 218 3483 15
237 3427 328 3498 ὁμαλά
347 3468 373 3481 ..
392 3421 1013 3500 ίλαράεΝὸμΙ-τάίργαίλΙ16υου>8
1035 3425 1039 3495 Ι
1063 3426 1094 3481 18
1113 3424 1375 3486 ἐκθλιιίιαποὸ

186 3549 256 3613 VIII,
284 3549 333 3603 ubi
351 3547 379 3605 αί
406 3546 539 3622 ἐνέργειαι
564 3560 612 3618 τῆς
635 3547 889 3651 πίστεωςῐὶλαρά).
909 3580 937 3588 -
962 3544 1011 3620 ἔσῃ
1028 3546 1068 3616 ὼς
1086 3568 1108 3604 τ.
1129 3548 1166 3618 ν.]
1187 3548 1232 3603 ef.
1248 3550 1316 3605 Sim.
1330 3550 1374 3609 IX.

187 3644 237 3692 τοῦ
255 3638 346 3709 φόβου
363 3639 469 3705 καὶτῆς
487 3633 647 3709 ἐγκρατείας
659 3635 761 3689 descn'·
788 3637 829 3699 29,
851 3636 873 3688 1.
893 3638 923 3697 3;
942 3635 983 3697 31,
1003 3633 1033 3695 3;
1053 3633 1156 3687 Μειδία
1178 3634 1222 3699 18,
1237 3637 1270 3699 3;
1287 3637 1374 3693 IGor.

185 3720 297 3776 buntur.
326 3756 360 3763 —
389 3722 486 3794 ἐνδίυρ
516 3755 549 3762 -
579 3723 760 3794 δικαιοσύνης]
790 3723 829 3785 14,
850 3722 899 3785 2ος
917 3721 930 3775 I
948 3720 1022 3774 Petr.
1042 3719 1066 3781 2,
1086 3721 1110 3773 2.

186 3807 357 3874 (1110329,
379 3812 423 3873 14;
452 3810 496 3864 Ps.
517 3810 573 3873 131,
592 3810 623 3873 9;
652 3810 715 3879 Sap.
735 3811 759 3872 5,
823 3809 899 3862 2-3.
918 3807 1048 3863 Antioch
1067 3806 1145 3860 Mon.
1164 3808 1252 3865 Hom.
1272 3811 1315 3874 29,
1328 3808 1372 3866 PG

185 3897 214 3955 9;
234 3894 306 3965 Eph.
325 3897 348 3959 6,
371 3898 410 3950 14.
431 3928 465 3936 -
483 3902 550 3968 ζιΙοῃ
568 3919 591 3954 τ.
612 3897 681 3972 θεῷ]
701 3897 718 3950 i.
737 3915 759 3951 e.
787 3896 829 3959 89,
851 3897 918 3951 1530
936 3913 977 3962 sq.
997 3896 1042 3963 (-
1059 3901 1237 3968 κατοικοῦν).
1255 3930 1292 3939 -
1313 3904 1373 3970 μηδ.

185 3981 214 4033 in
234 3999 352 4052 regnum
366 3983 418 4037 Dei
431 3982 550 4036 intrabis
564 3982 608 4036 vel
622 3982 761 4038 advitam
787 3982 945 4052 καταλάλει]
965 3982 1006 4036 cf.
1027 3981 1080 4035 lac„
1100 3983 1127 4045 4,
1150 3983 1192 4038 11.

185 4068 358 4138 ingredIeris.
388 4069 776 4133 os.Matth.10‚17;Pr0v.¹
823 4069 846 4122 3.
866 4069 1018 4139 δαιμόνιον]
1048 4068 1092 4122 ef.
1121 4068 1189 4125 Sim.
1211 4071 1260 4136 IX,
1280 4074 1323 4133 22.
1344 4075 1372 4128 3;

187 4157 225 4219 14,
245 4157 287 4212 27.
334 4157 448 4211 Phrasis
478 4156 507 4209 in
534 4157 675 4211 Mandatis
702 4120 834 4220 sae-¹23,
854 4157 877 4210 5.
924 4156 998 4226 Orig.
1028 4154 1061 4208 In
1089 4155 1187 4211 Ioann.
1218 4162 1250 4221 8,
1269 4163 1306 4216 49
1333 4159 1372 4214 ed.

184 4243 299 4313 pissime
318 4246 477 4312 usurpatur.
787 4242 891 4297 Bened.
905 4243 951 4305 IV,
965 4242 1015 4297 355
1034 4259 1089 4311 και
1109 4242 1163 4303 οἶα
1179 4239 1373 4319 ὤκνησανοὶν

220 4330 253 4392 11,
275 4330 348 4385 1-4.
376 4328 538 4383 Ps.-Athan.
557 4328 574 4381 l.
594 4345 616 4383 υ.
637 4347 659 4384 c.
678 4331 695 4385 2
714 4330 760 4400 Ι-
786 4334 832 4388 καί
851 4330 885 4386 τὰ
903 4327 1076 4399 νομισθέντα
1093 4326 1131 4389 ἀν
1153 4329 1289 4405 ἐλάχιστα
1306 4330 1371 4392 εἶναι
