2834 5018
456 637 505 692 AD
525 638 607 694 COR.
631 637 758 704 XXVIII,
777 638 913 703 3-ΧΧΧ,
933 639 957 692 7.
1229 646 1289 710 137

117 815 229 880 alicubi
251 817 426 900 scriptura:
464 820 493 880 3.
523 819 589 893 Orio
614 820 667 881 ibo
692 826 724 881 ei
756 820 812 881 ubi
835 839 856 881 a
876 820 970 896 socie
992 827 1050 882 triu
1078 821 1294 883 occultator?

117 923 151 984 Si
173 924 354 986 ascendero
385 928 420 986 ia
452 925 598 1001 caelum,
629 931 665 986 iu
688 926 760 986 illic
783 944 837 1002 ea;
869 930 900 987 si
930 926 976 987 ud
1003 933 1116 988 terrae
1139 932 1290 988 ostreum

116 1028 238 1107 obiero,
260 1029 402 1091 desiero
426 1035 484 1090 ino
507 1030 597 1106 illic;
619 1033 651 1091 si
674 1036 817 1091 sirmium
835 1047 981 1109 possiem
1004 1035 1039 1092 ia
1062 1031 1196 1111 abysso,
1218 1031 1291 1092 illic

116 1138 163 1193 cai
184 1137 326 1212 spiritua
350 1140 435 1195 iuris.
481 1133 510 1194 4.
537 1129 606 1207 Quo
629 1132 727 1215 igitur
762 1132 862 1196 abibit
885 1133 1043 1217 quispiam
1073 1134 1123 1198 vel
1146 1155 1208 1217 quo
1231 1156 1288 1198 au-

116 1235 214 1320 fugiet
237 1237 277 1300 ab
301 1259 347 1314 eo,
373 1237 427 1319 qui
449 1236 556 1300 omnia
578 1237 825 1320 complectitur?
1303 1252 1316 1291 ⁶

198 1341 316 1405 XXIX.
340 1341 538 1406 Accedamus
554 1362 630 1425 ergo
653 1343 693 1405 ad
709 1363 781 1405 eum
796 1343 829 1406 in
844 1343 1014 1406 sanctitate
1030 1342 1160 1417 animae,
1186 1346 1289 1405 castas

115 1451 143 1509 et
164 1446 351 1528 impollutas
381 1469 491 1510 manus
522 1446 680 1510 elevantes
711 1446 752 1510 ad
774 1445 883 1521 illum,
918 1446 1085 1531 diligentes
1118 1445 1290 1528 benignum

115 1555 143 1614 et
164 1551 398 1615 misericordem
429 1555 554 1634 patrem
586 1555 745 1626 nostrum,
782 1550 916 1632 quinos
945 1550 1006 1614 sibi
1034 1550 1096 1633 ipsi
1128 1549 1290 1614 electionis

115 1660 236 1737 partem
259 1655 345 1719 fecit.
392 1658 421 1717 2.
447 1654 499 1718 Sic
521 1654 604 1717 enim
628 1654 870 1737 scriptumest:
899 1656 1091 1718 Alie'saimus
1113 1674 1185 1718 crini
1209 1656 1289 1718 diri·

114 1766 156 1823 aii
175 1769 314 1839 uenies,
346 1780 418 1823 curn
442 1761 671 1822 disseminavit
690 1762 781 1838 lilios
803 1760 913 1838 Adae,
936 1766 1108 1823 corratiiuii
1131 1766 1290 1824 terrainoa
1304 1778 1329 1816 ιο

112 1871 256 1943 ceretium
289 1867 467 1929 secundum
497 1883 668 1927 reviruerunt
701 1867 894 1942 oriqelorum
924 1867 986 1927 dei.
1034 1867 1077 1929 Ei
1100 1866 1216 1942 focius
1240 1871 1291 1927 eci

110 1989 191 2049 pora
220 1972 347 2033 rioririni
375 1972 519 2050 popalus
551 1975 623 2031 eiua
655 1971 772 2047 Iacob,
798 1970 972 2046 fricticulas
998 1973 1195 2034 hereditatis
1218 1975 1290 2032 eius

114 2075 230 2137 lsrael.
278 2077 307 2138 3.
331 2064 375 2139 Et
398 2075 432 2137 in
455 2073 516 2136 alio
540 2072 608 2136 loco
631 2072 722 2135 dicit:
747 2075 830 2137 Ecce
852 2074 1005 2137 (laurinus
1021 2077 1110 2137 {ollii
1131 2076 1198 2137 sibi
1209 2092 1288 2152 oea·

115 2186 176 2242 iero
201 2199 219 2242 e
242 2181 349 2242 aredio
363 2184 523 2257 centium,
542 2185 645 2258 prout
659 2179 754 2240 torreo
774 2183 947 2259 primitias
963 2198 1064 2242 oreae
1085 2197 1168 2241 ariae
1183 2180 1290 2256 tallia

115 2291 145 2346 et
166 2304 210 2348 ea
230 2292 329 2362 quale
352 2285 414 2346 illo
439 2291 557 2345 saracin
580 2291 771 2344 anniciorum
796 2284 1015 2361 eqredicaiur.
1303 2304 1329 2342 n

197 2387 299 2452 XXX.
325 2387 403 2451 Cum
419 2386 520 2469 igitur
533 2385 639 2468 portio
656 2391 767 2449 sancta
782 2387 889 2462 simne,
904 2387 1057 2450 faciamus
1072 2387 1188 2459 omnia,
1207 2409 1287 2471 quae

114 2492 151 2553 ad
172 2492 375 2554 sanctitatem
398 2489 577 2572 pertinent,
612 2489 858 2553 obtrectationes
881 2491 1064 2567 devitantes,
1088 2492 1229 2575 impuros
1252 2514 1289 2556 nc

113 2595 286 2679 impudicos
310 2593 514 2676 complexus,
539 2593 725 2670 ebrietates,
758 2616 909 2658 novarum
931 2618 1036 2660 rernm
1067 2597 1186 2674 studia,
1212 2618 1287 2661 con·
1353 2596 1357 2601 ’

114 2699 320 2783 cupiscentias
336 2699 572 2772 abominandas,
591 2699 810 2763 detestandum
831 2701 1027 2779 adulterium,
1045 2702 1288 2767 abominandam

113 2804 300 2887 superbiam.
348 2806 377 2866 2.
404 2807 495 2867 Deua
520 2810 618 2883 euim,
640 2804 754 2888 inquit,
779 2809 932 2886 sarperdia
948 2813 1088 2886 resistit,
1109 2808 1289 2870 tribulibus
1302 2827 1328 2865 aa

113 2919 220 2973 antem
244 2912 303 2973 dot
322 2915 481 2989 qratiam.
528 2910 557 2973 3.
583 2909 832 2993 Adglutinemnr
854 2910 953 2994 igitur
974 2910 1023 2988 iis,
1049 2911 1162 2994 quibus
1186 2910 1291 2995 gratia

113 3035 130 3076 a
153 3015 212 3077 deo
228 3034 378 3077 concessa
400 3018 457 3077 est.
504 3013 674 3077 Induamus
694 3015 904 3091 concordiam,
921 3015 1065 3092 humiles,
1082 3017 1288 3091 continentes,

112 3120 150 3184 ab
179 3119 266 3182 omni
298 3141 427 3182 susurro
462 3123 494 3182 et
518 3119 748 3183 obtrectatione
771 3120 883 3204 procul
906 3121 1102 3195 recedentes,
1131 3119 1287 3203 operibus,

111 3245 172 3287 non
196 3227 302 3286 autem
325 3222 430 3287 verbis
452 3245 510 3286 nos
540 3223 756 3288 iustificantes.
804 3227 834 3288 4.
859 3225 945 3289 Dicit
967 3226 1064 3289 enim:
1101 3227 1161 3301 0215
1184 3227 1289 3287 iruulta

111 3330 200 3407 (licit,
225 3336 258 3392 ei
280 3333 426 3391 vicissim
451 3331 584 3407 uudiei,·
611 3338 670 3392 ani
693 3336 743 3392 cir
766 3333 923 3394 verbosus
941 3339 1040 3412 pariat
1061 3348 1099 3392 sc
1121 3348 1195 3392 esse
1220 3334 1288 3391 iue-
1302 3352 1327 3390 aa

111 3439 206 3496 iiiia?
235 3434 264 3496 5.
289 3434 489 3496 Benedictus
512 3442 612 3497 uiolare
635 3438 808 3514 mulieris,
836 3437 944 3498 breuis
967 3441 1071 3515 cilae;
1100 3453 1142 3496 ae
1164 3436 1288 3496 aralius
1315 3437 1319 3444 ’

110 3545 157 3602 ais
180 3546 216 3602 in
239 3541 357 3603 serbis.
404 3540 433 3602 6.
459 3538 507 3602 Sit
530 3539 599 3602 lans
621 3544 730 3602 nostra
753 3539 785 3601 in
815 3540 872 3601 deo
896 3543 926 3602 et
949 3559 1012 3602 non
1036 3537 1167 3602 anobis
1190 3537 1286 3619 ipsis;

110 3643 174 3706 odit
197 3642 281 3706 enim
306 3643 381 3706 deus
413 3664 484 3721 eos,
518 3644 572 3726 qui
596 3644 784 3726 semetipsos
817 3643 956 3707 laudant.
1004 3645 1032 3708 7.
1058 3642 1288 3707 Testimonium

179 3831 191 3883 l
212 3832 257 3885 Ps.
279 3831 336 3893 138,
356 3832 449 3886 7-10.
469 3865 502 3872 -
522 3833 538 3886 9
556 3833 638 3887 Dent.
658 3833 699 3896 32,
719 3833 744 3886 8.
764 3834 789 3886 9.
818 3862 852 3871 -
882 3831 913 3885 13
931 3831 1014 3885 Dent.
1032 3832 1056 3892 4,
1076 3829 1124 3891 34;
1143 3828 1223 3882 Num.
1246 3827 1286 3895 18,

109 3920 155 3980 27;
175 3918 200 3971 ΙΙ
218 3917 310 3970 Parnl.
330 3920 371 3981 31,
394 3920 439 3983 14;
457 3921 556 3975 Ezech.
576 3922 618 3984 48,
640 3922 688 3983 12;
709 3919 791 3974 Dent.
813 3921 853 3982 14,
872 3921 896 3972 2.
915 3949 949 3958 -
976 3918 1007 3971 19
1025 3916 1103 3971 Prov.
1123 3917 1146 3978 3,
1167 3917 1213 3977 34,
1232 3917 1286 3971 Iac.

108 4008 131 4069 4,
151 4008 181 4069 6;
202 4008 214 4060 I
233 4007 307 4060 Petr.
327 4008 351 4070 5,
371 4008 395 4060 5.
414 4039 446 4048 -
466 4008 568 4064 2410b
589 4010 629 4072 11,
649 4010 672 4062 2.
692 4009 716 4062 3.

108 4162 131 4225 2,
153 4162 181 4224 8;
202 4163 257 4216 Iac.
276 4162 300 4225 4,
320 4162 344 4215 8.
713 4166 738 4227 2,
760 4165 869 4218 14-26.

142 4251 165 4304 3.
186 4251 316 4317 Quinque
334 4249 391 4304 loci
411 4252 605 4305 consarcinati.
749 4251 773 4304 6.
794 4252 834 4305 01.
855 4252 934 4305 Rom.
954 4250 978 4312 2,
998 4251 1044 4312 29;
1063 4250 1076 4302 I
1095 4251 1156 4304 Gor.
1170 4250 1194 4313 4,
1214 4249 1286 4311 5;11

143 4338 228 4400 XXX,
251 4341 272 4391 1.
292 4335 357 4408 ἁγία
374 4338 445 4407 art]
475 4338 515 4391 01.
535 4337 640 4391 IPetr.
662 4341 684 4402 l,
713 4337 774 4391 Cor.
795 4337 835 4401 10,
856 4338 895 4391 17.
917 4337 956 4389 18.
984 4366 1020 4376 -
1045 4334 1148 4405 αὐτῶν]
1172 4352 1223 4405 pro
1241 4334 1287 4393 αὖ·

110 4426 148 4479 15.
171 4426 209 4479 16.
712 4433 769 4480 τῶν
794 4424 828 4477 ef.
848 4424 1015 4486 Buttmann,
1046 4423 1216 4479 Grammatit·
1240 4425 1287 4479 dcc

143 4512 167 4565 3.
186 4507 278 4582 ἔργοις
301 4512 372 4581 κτλ]
402 4511 442 4565 01.
465 4510 566 4565 Matth.
587 4513 614 4574 7,
635 4513 683 4574 21;
711 4510 1082 4579 vauteraspraciqeoraacia
1098 4510 1188 4580 (1859)
1207 4511 1286 4580 p.97.

108 4596 186 4652 Rom.
205 4600 229 4663 2,
253 4598 299 4660 13;
320 4597 333 4650 I
352 4599 413 4653 Gor.
427 4599 453 4661 4,
463 4597 497 4651 20
504 4617 511 4660 ;
531 4597 585 4651 lac.
600 4599 623 4661 1,
635 4600 683 4662 22;
747 4599 771 4653 7.
790 4598 832 4653 01.
850 4597 930 4651 Pron.
950 4599 991 4661 27,
1010 4598 1035 4656 2.
