2834 5018
193 322 258 387 304
558 317 584 371 S.
603 314 809 372 POLYCARPI
826 314 1003 370 EPISTULA

194 493 280 576 ὑπὲρ
310 494 415 556 αὐτοῦ
446 491 549 575 λόγον
582 491 708 556 δοῦναι.
760 495 789 557 3.
818 492 917 565 σύτοις
949 487 1003 553 σύν
1035 489 1252 574 δουλεύσομεν
1284 493 1373 575 αὐτῷ

196 599 274 680 μετὰ
296 595 394 681 φόβου
417 597 470 658 καί
494 596 596 679 πάσης
619 595 791 681 εὐλαβείας,
815 595 927 668 καθὼς
951 595 1042 668 αὐτὸς
1066 594 1240 659 ἐνετείλατο
1264 599 1318 659 καὶ
1343 597 1373 660 σί

195 701 469 786 εὐαγγελισάμενοι
500 700 582 784 ἡμᾶς
611 699 781 763 ἀπόστολοι
811 700 864 761 καί
894 699 922 761 οἱ
952 708 1123 782 προφῆται,
1155 700 1183 763 οἱ
1216 701 1373 785 προκηρύ·

196 806 302 884 ξαντες
332 808 388 889 τὴν
419 804 540 868 ἔλευσιν
567 815 621 868 τοῦ
651 804 758 885 κυρίου
789 802 895 886 ἡμῶν·
930 802 1067 887 ζηλωταί
1096 807 1164 886 περί
1192 807 1227 868 τό
1260 805 1372 884 καλόν,

170 911 384 994 τάπεχόμενοι
415 919 477 973 τῶν
506 910 691 973 σκανδάλων
723 911 776 972 καί
807 918 869 972 τῶν
903 907 1128 991 ψευδαδέλροιν
1161 911 1214 972 καί
1245 918 1308 972 τῶν
1340 910 1372 973 ἐν

197 1015 356 1098 ὑποκρίσει
380 1014 536 1097 φερόντων
558 1016 594 1077 τό
617 1017 715 1099 όνομα
737 1023 791 1077 τοῦ
816 1013 934 1095 κυρίου,
959 1015 1068 1088 οίτινες
1090 1013 1297 1078 ἀποπλανῶσι
1319 1036 1372 1078 κε-

196 1123 267 1195 νοὺς
290 1117 486 1200 ἀνθρώπους.

285 1222 460 1304 1111Πᾶς
488 1223 564 1306 γάρ,
595 1228 632 1304 og
655 1227 699 1288 ἂν
724 1226 772 1308 μὴ
804 1224 967 1310 ὁμολογῇ,
990 1223 1129 1307 Ἰησοῦν
1151 1222 1305 1308 Χριστόν
1337 1224 1374 1288 ἑν

200 1328 299 1411 σαρκί
323 1325 537 1409 ἐληλυθέναι,
561 1328 772 1413 ἀντίχριοτός
788 1330 892 1393 ἐστιν·
917 1329 969 1390 καί
994 1328 1027 1402 ός
1050 1327 1088 1388 ἂν
1110 1330 1152 1410 μὴ
1176 1327 1317 1412 ὁμολογῇ
1339 1329 1372 1390 τό

161 1455 188 1492 ιο
203 1429 367 1514 μαρτύριον
390 1440 445 1492 τοῦ
468 1440 618 1512 σταυροῦ,
650 1431 687 1494 ἐκ
708 1442 763 1495 τοῦ
786 1431 932 1517 διαβόλου
956 1432 1058 1495 ἐστίν·
1082 1434 1135 1495 καί
1159 1433 1192 1508 ὃς
1216 1434 1254 1495 ἂν
1278 1436 1374 1515 μεθο-

201 1535 275 1618 δεύη
298 1536 337 1597 τὰ
359 1533 451 1617 λόγια
473 1545 527 1597 τοῦ
543 1535 650 1617 κυρίου
673 1538 748 1618 πρός
770 1538 826 1610 τὰς
842 1536 919 1610 ἰδίας
943 1536 1110 1620 ἐπιθυμίας
1125 1539 1178 1599 καί
1202 1535 1281 1621 λὲγη
1296 1540 1373 1620 μήτε

200 1639 370 1703 ἀνάστασιν
394 1638 471 1721 μήτε
493 1638 602 1720 κρίσιν,
626 1637 715 1714 ούτος
737 1639 936 1721 προιτότσκός
952 1639 1016 1702 ἐστι
1039 1651 1094 1703 τοῦ
1109 1651 1239 1707 σατανοῖ.
1274 1646 1303 1708 2.
1328 1642 1372 1703 διό

200 1744 405 1818 ἀπολιπόντες
427 1745 482 1827 την
506 1744 698 1828 ματαιότητα
727 1753 789 1808 τῶν
812 1743 939 1807 πολλῶν
963 1746 1094 1819 καὶτὰς
1125 1745 1372 1827 ψευδοδιδασκνι-

199 1849 268 1924 λίας
299 1847 348 1911 ἐπί
375 1849 428 1912 τόν
460 1846 492 1924 ἐξ
524 1848 622 1931 ἀρχῆς
651 1848 723 1932 ἡμῖν
753 1846 975 1930 παραδοθέντα
1004 1847 1097 1933 λόγον
1130 1848 1372 1932 ἐπιστρέψωμεν,

161 1978 186 2016 ιι
200 1959 367 2040 νήφοντες
398 1956 483 2042 πρὸς
512 1956 571 2036 τὰς
601 1956 701 2037 εὐχὰς
730 1956 784 2018 καί
807 1965 1107 2036 προσκαρτεροῦντες
1130 1953 1304 2037 νηστείαις,
1326 1952 1373 2015 δε-

199 2059 307 2143 ἠσεσιν
339 2059 512 2142 αἰτούμενοι
534 2060 588 2122 τόν
621 2059 839 2144 παντεπόπτην
872 2061 949 2125 θεόν
980 2064 1027 2143 μὴ
1058 2062 1261 2141 εἰσενεγκεῖν
1288 2062 1375 2142 ἡμᾶς

201 2168 247 2246 εἰς
271 2168 471 2250 πειρασμόν,
494 2165 606 2238 καθὼς
629 2162 712 2227 είπεν
736 2164 753 2226 ό
775 2164 894 2245 κύριος·
926 2164 972 2229 Τό
995 2166 1059 2244 μὲν
1082 2171 1219 2243 πνεῦμα
1243 2161 1373 2246 πρόθυ-

200 2292 278 2350 μον,
303 2273 323 2351 ὴ
347 2268 383 2332 δὲ
407 2267 493 2355 σὰρξ
515 2268 675 2354 ἀσθενής.

289 2375 376 2439 VIII.
400 2372 622 2448 Ἀδιαλείπτοις
645 2371 699 2437 ούν
721 2382 1001 2456 προσκαρτερῶμεν
1024 2382 1062 2456 τη
1085 2371 1185 2434 ἐλπίδι
1208 2370 1298 2454 ἡμῶν
1324 2370 1374 2431 καί

164 2492 189 2530 2⁰
202 2484 247 2559 τῷ
270 2475 425 2562 ἀρραβῶνι
449 2487 502 2561 τῆς
525 2478 721 2563 δικαιοσύνης
743 2477 846 2561 ἡμῶν,
877 2481 910 2553 ός
934 2478 997 2541 ἐστι
1021 2476 1155 2558 Χριστός
1179 2474 1375 2559 ’1ησοῦς,ός

203 2583 390 2666 ἀνήνεγκεν
409 2585 507 2666 ἡμῶν
530 2584 589 2663 τὰς
613 2586 778 2670 ἁμαρτίας
801 2590 848 2666 τῷ
867 2583 940 2667 ἰδίῳ
965 2586 1097 2663 σώματι
1120 2582 1177 2645 ἐπὶ
1200 2582 1238 2644 τό
1265 2578 1375 2660 ξύλον,

204 2690 240 2766 ός
264 2687 432 2772 ἁμαρτίαν
456 2688 517 2750 οὐκ
540 2687 710 2772 ἐποίησεν,
734 2688 813 2752 οὐδὲ
836 2687 961 2773 εὑρέθη
982 2688 1079 2767 ὁόλος
1103 2688 1212 2769 ἐντῷ
1238 2688 1376 2766 στόματι

203 2794 323 2854 αὐτοῦ’
357 2789 440 2853 ἀλλὰ
474 2788 512 2852 δι’
540 2790 636 2875 ἡμᾶς,
668 2794 718 2855 ἵνα
747 2791 889 2874 ζήσωμεν
920 2791 952 2854 ἐν
985 2793 1084 2873 αύτῷ,
1119 2790 1221 2852 πάντα
1256 2789 1376 2871 ὑπέμει-

204 2916 264 2959 νεν.
310 2899 340 2960 2.
369 2896 496 2979 μιμηταί
527 2892 581 2958 σύν
609 2894 778 2979 γενώμεθα
804 2905 858 2979 τῆς
886 2896 1042 2978 ὑπομονῆς
1067 2893 1213 2979 [αύτοῡ],
1249 2894 1303 2956 καί
1325 2892 1376 2954 ἐὰν

275 3070 291 3123 3
311 3072 380 3139 ημᾶς
398 3067 420 3120 1.
433 3086 439 3119 :
453 3065 556 3135 ὑμᾶςίὶ
573 3068 577 3136 Ι
593 3068 743 3124 ἀπόστολοι
755 3066 808 3121 G²:
822 3066 975 3123 οίπόστοιθ
991 3069 995 3133 l
1011 3066 1028 3118 8
1041 3064 1207 3137 όμολογεῖίλ
1224 3065 1228 3133 Ι
1247 3065 1377 3132 10]11με·

206 3154 358 3212 θοόεύειίὶ
383 3157 387 3223 Ι
413 3157 444 3209 11
463 3152 578 3225 λέγειίὶ
603 3154 607 3223 Ι
635 3155 666 3207 13
684 3153 923 3220 ν’στολειπόντεςίλ
948 3155 951 3223 I
978 3156 1009 3207 15
1027 3160 1305 3226 προσκαρτεροῦντες
1324 3150 1378 3204 G²=

205 3244 279 3316 πρόσ
296 3262 397 3315 καρτες
414 3243 472 3311 (τες
489 3240 566 3293 lineo
584 3239 710 3306 ineunte)
730 3241 753 3295 G
770 3243 773 3309 Ι
790 3241 824 3294 24
841 3239 927 3296 αὐτοῦ
945 3239 966 3291 L
981 3258 986 3290 :
1000 3243 1034 3306 >
1054 3238 1077 3292 G

242 3401 265 3454 3.
284 3397 474 3466 δουλεύσομεν
482 3397 551 3466 κτλ]
562 3396 604 3452 ef.
615 3398 639 3459 2,
652 3401 679 3459 1;
693 3397 777 3451 Hebr.
790 3404 793 3467 ᾖ
804 3398 878 3466 μόν).

207 3488 247 3549 12,
266 3485 308 3538 28.
335 3516 370 3523 -
397 3484 489 3557 εύαγγ.
508 3484 589 3555 ἡμᾶς]
609 3483 650 3537 cf.
671 3484 735 3537 Luc.
753 3486 777 3546 3,
843 3486 864 3536 l.
883 3483 1054 3550 Polycarpus
1065 3479 1160 3548 pergit
1171 3479 1325 3548 explicans,
1334 3476 1379 3545 qui

207 3574 253 3633 18;
280 3574 342 3627 net.
363 3572 402 3634 14,
424 3572 469 3633 15;
491 3571 529 3633 16,
551 3570 595 3632 10;
624 3569 684 3623 Gal.
706 3574 727 3633 1,
747 3571 778 3633 9;
807 3570 863 3624 sint
880 3569 935 3632 illi,
964 3568 1013 3634 qui
1031 3583 1133 3620 nomen
1151 3565 1267 3620 Domini
1285 3568 1316 3620 in
1334 3565 1379 3633 hy·

206 3659 354 3720 IPetr.1,
377 3660 408 3711 12
436 3661 487 3712 eto.
523 3655 609 3710 Verbi
638 3662 778 3711 construo·
805 3656 910 3725 poorisi
929 3656 1037 3716 ferunt,
1058 3652 1168 3706 scilicet
1186 3653 1236 3720 qui
1254 3653 1379 3706 incarne

206 3746 313 3800 tionem
333 3761 395 3798 oum
415 3743 511 3797 dativo
531 3742 618 3797 hebes
637 3760 660 3798 e.
674 3762 696 3799 ο.
715 3746 778 3799 Luc.
805 3743 911 3798 tionem
930 3741 1034 3796 Christi
1052 3742 1097 3794 vel
1115 3743 1281 3808 mysterium
1293 3742 1380 3795 crucis

209 3836 230 3897 l,
252 3833 298 3895 193
318 3834 342 3895 2,
363 3833 409 3895 10;
428 3833 490 3886 Act.
509 3831 533 3894 8,
553 3831 600 3893 353
626 3832 687 3887 Gal.
703 3837 724 3896 1,
740 3834 779 3887 18.
807 3831 949 3900 denegant
968 3833 1017 3883 eut
1036 3829 1151 3882 verbum
1170 3828 1286 3883 Domini
1309 3827 1381 3881 mele

208 3952 243 3960 -
260 3920 482 3994 προκηρύξαντος
508 3918 578 3987 κτλ]
604 3916 647 3971 cf.
674 3920 735 3974 Aet.
755 3921 778 3983 7,
807 3919 1040 3986 interpretantur.
1066 3948 1100 3955 —
1128 3924 1183 3982 πᾶς
1200 3916 1271 3985 κτλ]
1296 3915 1381 3969 Recte

208 4009 249 4062 52.
275 4038 310 4047 -
328 4014 385 4063 τῶν
403 4005 433 4063 ἐν
450 4003 547 4078 ύποκρ.
565 4006 636 4075 κτλ]
661 4006 702 4060 cf.
721 4007 780 4076 Ign.
807 4004 918 4058 monuit
936 4004 1027 4065 Zahn‚
1048 4002 1139 4068 quod,
1168 4002 1192 4055 si
1210 4002 1382 4071 Polycarpum

208 4093 280 4162 Eph.
299 4094 322 4156 7,
343 4094 372 4157 l;
390 4094 483 4148 Herm.
504 4093 569 4146 Sim.
588 4092 635 4153 IX,
656 4093 695 4154 19,
714 4093 737 4145 2.
810 4091 884 4144 circo
905 4107 993 4144 annos
1009 4090 1153 4153 iio-150,
1174 4107 1237 4144 oum
1250 4089 1384 4150 Marcion,

244 4181 304 4234 VII.
322 4182 433 4250 Frogm.
460 4197 514 4248 syr.
542 4179 618 4248 apud
646 4178 782 4246 Zingerle,
810 4179 858 4244 qui
877 4176 952 4229 haud
973 4173 1058 4227 semel
1078 4176 1104 4229 ei
1122 4175 1253 4240 occurrit,
1273 4193 1326 4245 per
1343 4179 1382 4229 to·

209 4269 392 4322 Monumentn
419 4285 472 4336 syr.
500 4268 529 4330 1,
555 4266 568 4318 1
600 4269 647 4333 (-
672 4285 782 4338 πειρασ-
808 4268 869 4318 tum
887 4261 983 4317 orbem
1011 4260 1169 4318 doctrinam
1198 4280 1280 4317 sunm
1309 4279 1383 4333 spor·
