2834 5018
284 702 506 759 MARTYRIUM
526 706 552 760 S.
570 702 775 760 POLYCARPI
794 704 867 768 XIII,
886 705 1011 768 2-x1v‚
1030 707 1054 762 3.
1197 710 1259 774 331

81 882 211 968 cingulo
234 882 338 946 soluto
370 886 545 950 conabatur
568 886 664 950 etiam
687 907 720 949 se
752 883 947 962 excalceare,
979 886 1064 968 quod
1085 886 1174 970 prius
1197 908 1261 950 nou

80 990 238 1065 faciebat,
264 988 338 1072 quia
361 1010 486 1073 semper
508 991 613 1055 cuncti
635 990 743 1054 fideles
768 989 1015 1067 contendebant,
1039 990 1186 1074 quisnam
1208 1011 1259 1055 ce·

81 1093 178 1156 ierius
201 1113 314 1176 corpus
345 1093 411 1158 eius
440 1100 604 1179 taugeret3
640 1095 725 1158 omni
755 1095 838 1158 enim
860 1095 943 1159 bono
974 1099 1105 1179 propter
1132 1100 1260 1160 sanctos

81 1219 186 1260 mores
209 1218 283 1260 suos
313 1197 368 1261 ille
392 1198 488 1262 etiam
519 1204 592 1263 ante
614 1200 802 1282 martyrium
831 1204 961 1264 omatus
991 1205 1068 1263 erat.
1114 1200 1144 1263 3.
1168 1198 1260 1263 Illico

81 1325 166 1367 nunc
198 1302 254 1365 ille
277 1303 423 1367 omnibus
455 1304 673 1369 instrumentis
696 1304 962 1382 circumdabatur,
997 1325 1077 1389 quae
1099 1325 1159 1387 pro
1181 1319 1286 1388 rogo⁶

81 1412 196 1492 parata
220 1411 317 1471 erant.
365 1407 444 1472 Cum
466 1431 540 1473 vero
565 1415 597 1473 et
620 1409 717 1474 clavis
737 1410 842 1493 ipsum
865 1410 996 1494 affigere
1010 1409 1138 1485 vellent,
1163 1408 1260 1473 dixit:

82 1512 184 1576 Sinite
206 1533 257 1575 me
279 1512 338 1588 sic;
372 1514 427 1597 qui
449 1514 534 1578 enim
566 1515 620 1578 dat
642 1515 749 1599 ignem
771 1515 859 1598 pati,
893 1514 982 1580 dabit
1004 1517 1036 1578 et
1069 1513 1135 1577 sine
1157 1518 1262 1578 vestra

82 1638 121 1680 ex
143 1615 241 1679 clavis
265 1617 410 1681 cautione
435 1618 703 1702 imperturbatum
725 1620 758 1682 in
781 1641 862 1704 pyra
883 1639 1077 1702 permanere.

169 1719 256 1784 XIV.
281 1720 333 1783 Illi
356 1743 432 1804 ergo
455 1744 520 1787 non
545 1723 643 1788 clavis
666 1723 849 1800 defixerrmt,
873 1724 929 1787 sed
952 1722 1163 1806 alligaverunt
1178 1742 1258 1785 eum.

83 1824 145 1888 Hic
167 1846 242 1888 vero
264 1827 411 1890 manibus
434 1827 467 1890 in
482 1831 609 1910 tergum
631 1826 755 1890 reiectis
778 1849 814 1890 ac
835 1826 969 1902 vinctae,
993 1830 1158 1909 tamquam
1180 1825 1260 1889 aries
1275 1842 1300 1880 1⁰

82 1929 216 2012 insignis
240 1950 278 1993 ex
310 1951 426 2014 magno
460 1951 557 2015 grege
586 1931 626 1995 ad
655 1930 866 2006 oblationem,
898 1930 1026 1993 victima
1056 1928 1261 2012 acceptabilis

84 2034 142 2097 deo
157 2039 357 2117 praeparata,
383 2035 507 2099 caelum
522 2036 656 2099 intuitus
672 2036 767 2100 dixit:
793 2039 933 2100 Domine
947 2037 1029 2099 deur
1044 2040 1261 2115 omnr'Jrotens,

82 2142 174 2222 pater
206 2138 313 2203 dilecti
337 2162 374 2204 ao
405 2140 563 2204 benedicti
584 2140 644 2204 filii
675 2140 724 2205 tui
746 2138 819 2203 Iesu
841 2138 974 2215 Christi,
1004 2159 1062 2221 per
1092 2159 1182 2220 quem
1212 2135 1262 2200 tui

82 2243 229 2306 notitiam
253 2243 449 2326 accepimus,
482 2247 564 2309 deae
586 2245 773 2329 angelorum
796 2247 828 2307 et
850 2249 1008 2307 uirtutum
1031 2251 1064 2307 et
1084 2248 1262 2306 universae

82 2356 260 2412 creaturae
291 2349 454 2431 totiusque
485 2351 608 2434 generis
632 2351 787 2415 iustorum
813 2349 846 2412 in
873 2351 1045 2430 conspectu
1072 2350 1128 2410 tuo
1150 2345 1300 2409 vivon-1⁶

81 2453 177 2527 tium3
213 2453 242 2515 2.
267 2452 417 2516 benedico
451 2454 526 2531 tibi,
562 2455 712 2539 quoniam
734 2474 784 2519 me
815 2453 876 2517 hac
899 2453 949 2517 die
972 2457 1067 2535 atque
1098 2450 1159 2514 hac
1181 2450 1261 2514 hora

82 2556 231 2639 diguatus
254 2578 302 2634 es,
334 2557 425 2621 utin
448 2580 580 2622 numero
611 2562 787 2642 martyrum
810 2556 985 2640 acciperem
1007 2559 1132 2639 partem
1154 2554 1261 2619 echeis

82 2659 201 2724 Christi
215 2660 264 2723 tui
287 2662 333 2723 od
346 2669 625 2727 resurrectionem
649 2668 684 2726 in
700 2668 800 2726 vitem
821 2666 981 2726 aeternam
996 2660 1120 2725 animae
1142 2663 1175 2723 et
1190 2680 1260 2723 cor·

82 2766 170 2848 poris
192 2765 225 2828 in
248 2766 564 2850 incorruptionc'per
586 2767 733 2852 spiritum
748 2770 910 2841 sanctum3
933 2765 1016 2829 inter
1038 2784 1116 2848 quos
1138 2763 1262 2827 utinam

82 2869 237 2952 suscipiar
258 2869 352 2933 hodie
378 2891 484 2934 coram
506 2875 538 2934 te
559 2876 724 2954 tamquam
739 2870 928 2936 sacrificium
948 2870 1069 2954 pingue
1092 2873 1124 2933 et
1148 2889 1260 2952 accep·
1275 2886 1301 2925 πο

64 2966 160 3049 tum,
185 2974 453 3056 quemadmodum
475 2975 674 3058 praeparasti
699 2981 731 3039 et
752 2975 832 3038 mihi
847 2973 1109 3058 praemonstrasti
1132 2976 1163 3036 ct
1179 2993 1262 3036 nunc

83 3077 303 3160 adimplevisti,
328 3079 422 3156 deus,
455 3079 613 3144 mendacii
641 3081 765 3144 nescius
796 3102 832 3144 ac
859 3101 962 3143 verax.
1009 3079 1039 3143 3.
1064 3077 1264 3161 Quapropter

154 3265 186 3319 12
207 3267 293 3334 Apoc.
311 3266 336 3327 4,
355 3267 385 3325 8;
408 3268 446 3330 11,
469 3268 516 3330 17;
537 3268 577 3331 15,
600 3270 631 3329 3;
653 3268 692 3330 16,
712 3270 745 3329 7;
764 3268 805 3329 21,
824 3267 865 3320 22.
885 3297 920 3305 -
940 3266 972 3319 14
990 3265 1035 3319 Ps.
1055 3266 1096 3328 58,
1116 3266 1147 3327 3;
1166 3263 1263 3319 Iudith

81 3352 105 3417 9,
126 3354 166 3406 12.
187 3353 227 3406 14.
245 3384 280 3391 -
300 3353 332 3407 19
351 3352 453 3406 Ioann.
472 3355 496 3415 5,
516 3354 557 3407 29.

83 3524 113 3581 ἐν
130 3530 220 3597 πολλῇ
247 3530 424 3600 προκοπῇ..
443 3539 491 3597 τῆς
515 3527 586 3584 κατὰ
612 3531 661 3598 τὴν
688 3524 885 3589 001117.-
900 3527 1007 3597 παιδός]
1022 3524 1261 3586 Cf-IClem.59.2

82 3612 193 3685 ἀγαθὴν
205 3613 374 3670 πολιτείανό
391 3615 575 3688 Πολύκαρπος
587 3610 661 3685 ἐγέν-
687 3615 744 3667 not.
763 3642 795 3652 -
809 3614 877 3680 θεὸς
895 3653 922 3667 ..
941 3613 1095 3683 δυνάμεων]
1115 3611 1156 3665 cf.
1168 3613 1260 3666 Herm

81 3720 129 3757 cro
148 3702 194 3771 (cf.
214 3702 268 3756 vol.
287 3702 332 3772 ΙΙ).
687 3700 745 3754 Vis.
764 3700 785 3764 I,
804 3703 828 3762 3,
846 3701 871 3753 4.
894 3731 929 3738 —
946 3698 1045 3773 γένους
1063 3707 1121 3755 τῶν
1138 3699 1260 3769 δικαίων]

118 3787 142 3840 3.
161 3789 462 3866 μελλόντων-πυρᾷ]
482 3785 661 3842 Fereeadem
688 3787 730 3842 cf.
751 3787 790 3851 17,
813 3789 839 3849 1;
857 3787 951 3841 Herm.
972 3786 1036 3841 Sim
1056 3785 1103 3849 IX,
1124 3787 1164 3849 17,
1185 3788 1208 3838 5.

86 3875 115 3927 in
135 3875 215 3928 Actis
234 3875 377 3930 Theodori
403 3892 468 3928 mse.
496 3874 553 3945 legi
570 3872 662 3926 Usher
723 3875 747 3927 2.
766 3872 872 3945 εὐλογῶ
880 3875 950 3945 κτλ]
960 3871 1262 3942 SimiliterActaCarpi

84 3960 122 4013 ad
139 3959 194 4014 h.l.
207 3961 351 4017 indicavit.
363 3960 574 4037 -προσηλοῦνῙ
588 3960 661 4014 Mar·
687 3962 720 4014 41
740 3962 833 4028 (Teate
851 3979 878 4016 u.
899 3961 1003 4016 Uetera.
1013 3960 1060 4023 ΙΙΙ,
1070 3962 1140 4015 3-4
1152 3977 1179 4028 p.
1189 3960 1261 4030 451).

83 4049 178 4114 tyrum
211 4066 311 4103 manus
341 4066 544 4116 nonnunquam
574 4047 661 4101 clavis
688 4078 722 4087 -
748 4042 824 4122 ὥρας
851 4047 886 4117 τ.]
916 4047 957 4101 Cf.
985 4048 1079 4101 Ioaun
1101 4049 1141 4111 12,
1159 4047 1201 4100 27.
1229 4077 1263 4086 -

82 4136 244 4204 perforatas
264 4136 390 4206 etlignis
405 4137 504 4191 affixas
517 4151 586 4198 esse,
604 4151 662 4188 nou
687 4133 822 4210 ποτηρίῳ]
850 4133 891 4189 Of.
911 4132 1012 4188 Mattia
1031 4135 1073 4198 20,
1092 4135 1134 4189 22.
1153 4133 1201 4196 23;
1220 4134 1262 4197 26,

83 4227 174 4277 solum
205 4240 238 4277 ex
268 4224 384 4278 vocibus
421 4223 454 4280 οὐ
484 4226 661 4292 reddimur,
688 4221 735 4285 39;
763 4221 847 4274 Marc.
868 4221 908 4285 10,
927 4220 968 4274 38.
988 4221 1028 4274 39.
1058 4252 1092 4260 —
1118 4232 1208 4294 ψυχῆς
1232 4240 1263 4277 τε

82 4311 258 4382 προσέδησαν
284 4311 314 4367 δὲ
339 4311 384 4373 14,
406 4313 419 4364 1
448 4312 584 4379 apparet,
613 4308 662 4363 sed
687 4312 733 4365 καὶ
750 4306 891 4378 σώματος]
911 4307 988 4362 Haec
1005 4309 1093 4362 verba
1111 4324 1174 4362 cum
1192 4311 1264 4380 ζωῆς

81 4398 170 4450 etiam
190 4413 224 4450 er
233 4398 312 4452 Actis
322 4396 415 4451 Pionii
434 4412 456 4450 c.
467 4397 500 4451 21
521 4396 660 4463 (Ruiuart,
688 4394 800 4451 αἰωνίου
818 4393 1015 4464 coniungenda
1032 4398 1105 4450 sunt.
1126 4424 1158 4434 —
1178 4398 1264 4473 θυσίᾳ

81 4485 156 4539 Acta
168 4486 210 4539 ed.
224 4486 331 4540 Galura
340 4485 360 4549 1,
372 4483 441 4548 346),
461 4482 548 4550 Carpi
557 4483 661 4539 37—38
688 4481 728 4551 rc]
751 4482 792 4537 cf.
805 4480 849 4534 Pa.
867 4480 906 4542 19,
919 4479 945 4532 4.
965 4510 998 4520 -
1016 4480 1263 4556 προεφανέρωσας]

82 4573 177 4640 (Teate
195 4590 222 4626 u.
246 4573 349 4628 Uetera.
359 4569 523 4639 nie-41).
535 4568 598 4638 450)
608 4571 660 4623 etc.
688 4569 814 4639 Respicit
841 4567 878 4620 ad
904 4568 936 4630 5,
959 4568 987 4629 2;
1017 4566 1057 4632 12,
1077 4569 1100 4624 3.

118 4657 191 4722 XIV,
213 4661 235 4713 1.
254 4659 331 4731 κριὸς
349 4656 403 4726 ἔτι]
419 4655 460 4710 Of.
472 4656 553 4711 Mart.
568 4656 659 4727 ignat
760 4676 763 4683 ·
