2834 5018
536 664 605 718 SIM.
625 663 698 728 VIII,
717 667 741 726 7,
759 664 836 728 2-8,
855 665 879 720 3.
1229 668 1290 732 571

119 845 234 907 tentes
256 849 346 909 inter
367 863 414 920 se,
439 843 493 907 sed
509 864 633 927 semper
648 842 879 906 dissentientes.
926 840 988 905 Sed
1010 841 1060 905 his
1084 862 1218 925 quoque,
1241 841 1291 905 in·

118 949 204 1030 quit,
239 947 435 1031 paenitentis
464 949 571 1032 posita
603 952 660 1011 est.
721 946 818 1011 Vides
851 946 963 1028 inquit,
998 946 1150 1030 quosdam
1184 968 1222 1010 ex
1252 945 1291 1008 iis

115 1052 343 1136 paenitentiam
366 1054 478 1138 egisse.
524 1054 568 1117 Et
598 1052 716 1129 adhue,
749 1051 867 1135 inquit,
899 1051 933 1114 in
955 1050 994 1114 iis
1017 1056 1066 1115 est
1087 1072 1158 1134 spes
1181 1049 1291 1133 paeni·

117 1158 245 1221 tentiae.
292 1159 321 1222 3.
346 1158 390 1222 Et
413 1161 585 1241 quotquot,
610 1156 732 1240 inquit,
760 1177 799 1219 ex
830 1156 870 1220 iis
900 1157 1126 1240 paenitentiam
1149 1158 1290 1239 egerunt,

117 1262 347 1327 habitationem
377 1263 411 1327 in
440 1262 522 1326 turri
551 1262 685 1337 habeut3
719 1265 875 1345 quotquot
902 1265 1008 1325 autem
1037 1283 1075 1324 ex
1105 1260 1144 1324 iis
1171 1259 1318 1324 tardiuss

117 1368 345 1452 paenitentiam
367 1371 517 1452 egerunt,
548 1367 581 1431 in
604 1367 701 1430 muris
724 1365 928 1442 habitabuut3
954 1370 1111 1450 quotquot
1132 1386 1206 1429 vero
1229 1384 1291 1427 non

119 1478 220 1556 agunt
243 1472 485 1556 paenitentiam,
521 1473 575 1535 sed
598 1473 784 1554 permanent
805 1470 838 1533 in
866 1470 961 1535 factis
983 1471 1064 1548 suis,
1099 1473 1199 1534 morte
1222 1488 1291 1531 mo·

118 1577 247 1640 rientur.
294 1579 323 1640 4.
350 1576 410 1653 Qui
433 1598 505 1640 vero
536 1575 652 1640 virides
675 1574 872 1639 tradidenmt
903 1576 1009 1660 virgas
1043 1597 1116 1639 suas
1150 1577 1182 1638 et
1213 1573 1291 1636 sois·

119 1703 208 1744 suras
231 1679 394 1757 habentes,
417 1679 452 1742 hi
474 1679 582 1742 fideles
606 1699 730 1760 semper
752 1701 788 1743 ac
810 1678 885 1742 boni
897 1680 1034 1756 fuerunt,
1057 1680 1211 1743 habentes
1235 1699 1292 1740 an-

119 1789 183 1848 tem
205 1784 309 1848 zelum
331 1785 488 1866 quendam
511 1784 594 1847 inter
624 1805 657 1847 se
688 1783 725 1846 de
748 1783 927 1868 principatu
958 1789 990 1848 et
1019 1785 1056 1848 de
1085 1784 1188 1868 gloria
1211 1802 1332 1867 qua-1⁰

121 1889 207 1963 dam3
231 1890 287 1952 sed
310 1888 343 1951 hi
367 1909 476 1951 omnes
499 1887 590 1951 stulti
613 1891 694 1964 sunt,
718 1887 802 1951 inter
824 1911 857 1952 se
880 1888 1123 1953 aemulationem
1139 1888 1293 1953 habentes

120 1993 157 2056 de
179 1994 371 2077 principatu.
419 1994 447 2057 5.
473 1991 534 2056 Sed
556 1991 591 2055 hi
605 2012 742 2075 ¹quoque
764 1993 922 2056 mandatis
944 1994 1023 2057 meis
1046 1992 1179 2068 auditis,
1222 2013 1294 2055 oum

119 2099 195 2162 boni
218 2104 338 2173 essent,
371 2118 438 2161 sese
469 2097 714 2179 purificaverunt
743 2097 868 2181 citoque
894 2099 1121 2181 paenitentiam
1151 2099 1292 2181 egerrmt.

120 2200 288 2265 Habitatio
311 2202 411 2286 igitur
434 2200 473 2263 iis
497 2199 632 2284 contigit
653 2200 686 2263 in
713 2201 801 2263 turri.
848 2199 904 2264 sin
937 2206 1043 2266 autem
1077 2203 1147 2286 quis
1179 2201 1294 2264 iterum

120 2327 153 2368 se
176 2306 366 2369 converterit
389 2306 428 2368 ad
451 2303 691 2380 dissensionem,
716 2304 846 2368 eiciatur
869 2326 886 2368 e
908 2306 988 2369 turri
1010 2313 1042 2370 et
1064 2306 1174 2390 perdet
1196 2304 1294 2367 vitam
1308 2321 1333 2360 ιι

119 2431 219 2473 suam.
267 2411 295 2473 6.
320 2409 398 2473 Vita
421 2413 468 2472 est
490 2407 647 2481 omnium,
680 2408 735 2491 qui
767 2409 917 2472 mandata
947 2410 1064 2474 domini
1093 2409 1294 2485 custodiunt;

121 2514 154 2577 in
176 2514 334 2577 mandatis
358 2520 463 2577 autem
486 2534 544 2575 nec
567 2512 606 2575 de
629 2511 811 2595 principatu
834 2535 892 2577 neo
914 2514 952 2577 de
976 2514 1079 2599 gloria
1094 2515 1202 2598 aliqua
1224 2514 1294 2598 agi·

120 2622 181 2696 tur,
207 2620 262 2683 sed
285 2618 322 2682 de
344 2617 588 2702 longanimitate
604 2620 637 2680 et
652 2616 689 2679 de
704 2616 885 2682 humilitate
906 2619 972 2682 viri.
997 2618 1034 2682 In
1057 2620 1174 2684 talibus
1197 2619 1296 2704 igitur

120 2725 187 2788 vita
221 2729 269 2789 est
298 2724 433 2799 domini,
471 2723 504 2786 in
532 2722 689 2786 seditiosis
719 2726 825 2786 autem
856 2728 888 2787 et
919 2725 1187 2808 contemptoribus
1214 2723 1296 2807 legis

122 2851 216 2892 mors.
1308 2841 1334 2879 ao

210 2928 246 2997 8.
272 2931 333 3008 Qui
360 2953 433 2995 vero
466 2932 573 3016 virgas
596 2931 794 2995 tradiderunt
816 2953 874 3014 pro
898 2932 1027 2997 dimidia
1057 2938 1147 3017 parte
1170 2934 1294 3009 virides,

123 3057 181 3120 pro
205 3036 333 3099 dimidia
356 3036 475 3112 aridas,
508 3035 542 3099 hi
575 3038 650 3098 sunt
679 3036 733 3119 qui
760 3036 898 3120 negotiis
927 3037 1060 3101 involuti
1089 3043 1163 3102 sunt
1194 3059 1296 3121 neque

123 3141 336 3206 adhaerebant
357 3140 483 3204 sanctis.
518 3140 692 3222 Propterea
715 3140 844 3204 dimidia
866 3161 975 3204 eorum
995 3164 1069 3225 pars
1091 3142 1178 3213 vivit,
1203 3142 1295 3205 dimi·

123 3246 175 3308 dia
197 3250 322 3310 mortua
345 3249 401 3309 est.
449 3246 478 3307 2.
503 3243 600 3307 Multi
629 3243 728 3326 igitur
758 3243 872 3307 auditis
902 3246 1058 3309 mandatis
1084 3245 1162 3308 meis
1185 3245 1295 3328 paeni·

123 3352 256 3415 tentiam
279 3355 419 3435 egerunt.
454 3349 618 3432 Quotquot
642 3348 767 3431 quidem
788 3347 1015 3429 paenitentiam
1038 3352 1177 3431 egerunt,
1201 3347 1295 3413 habi·
1310 3360 1335 3398 2⁶

121 3456 201 3519 tatio
235 3477 343 3519 eorum
374 3460 423 3519 est
453 3455 486 3518 in
506 3438 605 3517 turri.
659 3452 793 3529 Quidam
823 3474 898 3516 vero
927 3474 965 3516 ex
993 3454 1032 3516 iis
1061 3454 1094 3516 in
1121 3453 1215 3517 finem
1239 3452 1294 3517 de-

123 3559 280 3622 stiterunt.
327 3559 371 3622 Hi
400 3580 476 3643 ergo
503 3556 731 3640 paenitentiam
753 3579 816 3620 non
839 3557 973 3633 habent3
1006 3580 1140 3642 namque
1170 3560 1211 3624 ob
1240 3580 1296 3623 ue·

124 3664 211 3747 gotis
243 3686 300 3727 sua
328 3664 629 3747 blasphemaverunt
659 3663 820 3726 domiuum
852 3665 884 3726 et
907 3663 1149 3748 abnegaverunt.
1203 3661 1295 3726 Ami-

124 3774 233 3833 sernnt
267 3790 342 3854 ergo
375 3769 474 3832 vitam
507 3789 597 3830 suam
626 3772 759 3851 propter
789 3767 979 3850 nequitiam,
1016 3790 1110 3851 quam
1144 3767 1294 3831 fecerunt.

124 3874 153 3936 3.
178 3873 274 3937 Multi
303 3877 408 3937 autem
440 3893 478 3935 ex
511 3869 550 3934 iis
580 3869 668 3933 dubii
699 3875 798 3934 erant.
845 3869 889 3934 Hi
921 3870 1023 3934 adhuc
1044 3870 1163 3935 habent
1184 3871 1294 3954 paeni-
1310 3884 1335 3921 ³⁰

124 3978 266 4054 tentiam,
291 3977 318 4040 si
341 3977 404 4040 cito
427 3973 658 4060 paenitentiam
680 3979 789 4058 agunt,
814 3975 936 4058 eritque
951 3974 1110 4038 habitatio
1133 3996 1240 4038 eorum
1263 3975 1297 4039 in

124 4082 219 4150 turri:
252 4082 301 4144 sin
335 4085 441 4144 autem
472 4079 594 4143 tardius
616 4079 844 4161 paenitentiam
868 4080 1004 4163 egerint,
1039 4078 1231 4142 habitabunt
1263 4079 1297 4143 in

125 4186 238 4261 muris;
263 4186 290 4249 si
312 4205 386 4248 vero
408 4206 471 4248 non
494 4182 618 4266 egerint
640 4183 876 4264 paenitentiam,
901 4183 964 4267 ipsi
976 4203 1101 4265 quoque
1125 4181 1298 4245 amiserunt

198 4383 229 4436 16
247 4381 352 4435 Eccles.
373 4383 412 4445 12,
432 4380 472 4434 13.

160 4532 184 4584 6.
204 4533 267 4601 περὶ
278 4533 423 4600 πρωτείων
440 4560 470 4568 -
481 4528 697 4599 ταπεινοφρονίγ
761 4525 787 4587 8,
806 4524 831 4577 2.
849 4523 893 4579 διὰ
911 4544 934 4579 τ.
953 4524 1143 4595 πραγματείας
1160 4520 1229 4590 κτλ]
1255 4521 1297 4575 ef.

126 4613 207 4684 σεως]
227 4615 267 4668 ef.
288 4615 388 4670 Matth.
407 4616 449 4678 23,
468 4615 563 4669 o-12.
727 4610 785 4665 Vis.
805 4610 851 4673 111,
869 4610 894 4673 6,
913 4612 936 4663 5.
