2834 5018
444 676 494 730 Al)
514 674 593 732 0011
613 676 709 742 LXIII,
729 676 860 741 l-LXV‚
881 682 904 735 1.
1197 686 1259 751 183

86 860 121 919 ut
152 856 346 940 quiescentes
377 879 499 921 avana
531 857 684 921 seditione
716 858 755 922 sd
787 879 917 942 scopum
947 858 1136 923 inveritate
1166 858 1260 924 nobis

85 961 285 1045 propositum
317 961 385 1025 sine
416 961 483 1025 ulla
511 961 742 1045 vituperatione
772 963 1000 1045 perveniamus.
1047 965 1076 1026 2.
1102 963 1260 1029 Gaudium

85 1067 166 1129 enim
194 1070 227 1129 et
256 1065 412 1130 laetitiam
443 1066 535 1131 nobis
566 1065 789 1149 praestabitis,
823 1065 849 1130 si
878 1067 1081 1132 oboedientes
1110 1068 1188 1132 facti
1209 1067 1258 1145 iis,

86 1191 165 1254 quae
188 1170 372 1254 scripsimus
387 1192 445 1253 per
467 1171 615 1254 spiritum
629 1174 785 1245 sanctum,
809 1171 957 1235 resecetis
979 1171 1182 1256 illegitimum
1198 1171 1260 1235 zeli

84 1275 179 1339 vestri
201 1275 342 1339 studium
364 1275 536 1339 secundum
559 1275 819 1354 exhortationem,
845 1299 940 1360 quam
963 1277 1001 1341 de
1022 1299 1101 1361 pace
1123 1299 1160 1342 ac
1183 1289 1287 1342 con-⁶

87 1380 194 1444 cordia
218 1379 351 1444 fecimus
373 1380 406 1443 iu
429 1379 489 1444 hac
512 1380 657 1464 epistula.
704 1382 733 1445 3.
758 1381 903 1445 Misimus
918 1384 1024 1445 autem
1045 1381 1129 1446 viros
1151 1381 1260 1445 fideles

89 1488 119 1547 et
143 1487 259 1561 castos
283 1507 302 1548 a
324 1484 486 1548 iuventute
508 1506 608 1569 usque
631 1487 670 1550 ad
694 1491 887 1551 senectutem
914 1486 1076 1571 inculpate
1097 1487 1261 1552 nobiscum

86 1593 238 1668 versatos,
264 1589 317 1672 qui
340 1593 373 1652 et
394 1592 492 1652 testes
516 1593 607 1654 erunt
628 1591 711 1655 inter
733 1613 788 1656 vos
810 1596 842 1655 et
863 1613 930 1656 nos.
976 1593 1006 1655 4.
1030 1591 1102 1657 Hoc
1121 1613 1194 1655 vero
1211 1591 1260 1655 fe·

84 1694 195 1770 cimus,
219 1696 256 1757 ut
271 1693 388 1770 sciatis,
413 1714 537 1757 omnem
554 1716 661 1759 curam
683 1700 825 1760 nostram
840 1696 873 1760 id
895 1699 927 1760 et
941 1701 1100 1778 spectasse
1123 1700 1155 1760 et
1170 1717 1260 1779 spec·

83 1804 160 1873 tare,
185 1803 222 1862 ut
243 1819 298 1861 vos
318 1797 407 1862 brevi
431 1798 470 1862 ad
492 1820 603 1881 pacem
625 1800 825 1882 perveniatis.
1275 1812 1302 1849 ¹⁰

170 1901 284 1966 LXIV.
310 1901 456 1966 Ceterum
478 1902 639 1986 inspector
668 1906 808 1969 omnium
830 1907 912 1968 deus
934 1909 967 1968 et
996 1906 1140 1969 dominus
1162 1911 1261 1987 amri·

85 2018 176 2073 laam
209 2018 242 2072 οι
272 2008 367 2072 herus
397 2014 574 2073 craicersae
602 2017 733 2090 cornis,
764 2010 819 2093 qui
850 2008 947 2093 elegit
976 2009 1136 2073 dominum
1158 2009 1263 2073 lesum

84 2114 247 2178 Christum
277 2116 309 2176 et
339 2133 397 2176 nos
429 2134 487 2194 per
517 2134 588 2177 eum
617 2115 650 2178 in
681 2114 837 2197 populum
867 2112 1075 2197 peculiarem,
1099 2113 1153 2176 det
1175 2111 1262 2176 omni

85 2220 219 2296 animae,
239 2239 319 2302 quae
329 2215 504 2300 gloriosum
520 2222 552 2282 et
567 2222 711 2283 sanctum
727 2218 922 2283 nomenoius
942 2216 1143 2294 invocaverit,
1156 2215 1260 2293 fidem,

84 2324 241 2398 timorem,
268 2342 387 2405 pacem,
416 2321 601 2403 patientiam
631 2327 663 2386 et
696 2322 992 2406 aequanimitatem,
1025 2319 1260 2397 continentiam,
1275 2330 1300 2370 ²⁶

86 2428 268 2492 castitatem
291 2429 323 2489 et
344 2425 540 2508 pudicitiam,
565 2430 601 2489 ut
622 2427 742 2490 nomini
759 2427 825 2491 eius
847 2430 932 2490 recte
946 2425 1081 2509 placeat,
1103 2446 1160 2508 per
1175 2446 1261 2487 sum·

85 2555 173 2597 mum
190 2530 386 2596 sacerdotem
402 2533 433 2593 et
448 2533 616 2612 patronum
632 2536 777 2595 nostrum
791 2530 896 2595 lesum
911 2529 1081 2608 Christum,
1097 2551 1154 2614 per
1169 2550 1263 2613 quem

82 2638 131 2701 illi
155 2635 260 2721 gloria
282 2639 315 2698 et
336 2634 495 2709 maiestas,
521 2638 666 2718 potestas
689 2639 721 2699 et
742 2634 851 2711 honor,
877 2640 909 2699 et
923 2650 1006 2699 nunc
1028 2639 1061 2698 et
1082 2634 1115 2698 in
1138 2632 1264 2698 saecula

83 2739 292 2806 saeculorum.
338 2737 461 2802 Amen!

171 2843 267 2908 LXV.
292 2842 410 2907 Missos
443 2846 548 2906 autem
579 2865 598 2906 a
626 2843 718 2907 nobis
747 2842 914 2907 Claudium
945 2842 1115 2927 Ephebum
1143 2847 1174 2907 et
1195 2840 1263 2905 Va·
1277 2850 1303 2889 ²⁰

84 2950 199 3015 lerium
221 2948 370 3012 Bitonem
392 2968 451 3011 nee
474 2967 538 3010 non
563 2951 594 3010 et
609 2945 823 3012 Fortunatum
845 2949 878 3011 in
900 2969 978 3031 pace
1001 2970 1072 3013 cum
1094 2946 1210 3032 gaudio
1225 2947 1266 3010 ad

84 3076 143 3118 nos
166 3053 255 3118 brevi
278 3052 449 3128 remittite,
481 3055 518 3115 ut
542 3051 634 3116 citius
658 3053 832 3137 optabilem
853 3052 1007 3136 nobisque
1035 3050 1264 3117 desideratissi·

156 3243 190 3296 12
208 3239 289 3294 Num.
310 3240 349 3303 16,
369 3238 417 3300 221
438 3242 481 3304 21,
503 3240 591 3294 1611.
613 3239 697 3294 Hebr.
719 3240 758 3303 12,
777 3242 800 3295 9.

86 3416 416 3487 τοῡ]01.1011.8,6;
443 3415 599 3484 11111114.
627 3446 663 3454 -
689 3446 724 3454 -
743 3416 794 3472 σὺν
811 3415 868 3484 καί]
889 3414 930 3469 01.
950 3412 1021 3466 Phil.
1040 3414 1064 3480 4,
1084 3411 1113 3473 3;
1140 3411 1202 3465 Aet.
1223 3410 1263 3473 15,

83 3504 256 3577 περιούσιον]
270 3504 312 3558 01.
323 3505 404 3558 Dent.
419 3505 458 3566 14,
469 3505 501 3574 2;
520 3503 609 3565 rita,
622 3503 662 3556 14.
690 3504 738 3564 35;
756 3500 824 3558 Iust.
842 3500 913 3554 Dial.
933 3517 956 3554 c.
976 3501 1007 3562 1;
1026 3498 1090 3553 Eue.
1103 3497 1137 3551 Η.
1150 3495 1180 3550 Ε.
1199 3495 1219 3558 l,
1240 3496 1263 3558 1,

120 3590 201 3656 LXV,
223 3595 244 3646 1.
282 3591 422 3649 Κλαύδιον
447 3589 514 3662 Ἕφ.
541 3612 566 3647 κ.
596 3589 663 3647 Ota·
692 3582 1264 3651 ΙΝ,1,44;ο111.11.111111.11,12,

82 3679 178 3753 λέριον
197 3678 268 3748 Ele]
288 3679 358 3733 Cum
372 3676 510 3749 Caligula,
528 3676 663 3732 Claudius
690 3676 724 3729 90
742 3693 769 3744 p.
788 3676 853 3737 6023
881 3674 934 3738 VI,
952 3675 997 3737 15,
1023 3675 1072 3729 132
1098 3691 1125 3742 p.
1144 3672 1203 3727 806.
1230 3702 1266 3710 -

83 3772 114 3822 11
133 3765 208 3820 Nero
227 3782 242 3818 e
260 3769 344 3835 gente
356 3764 475 3819 Claudia
493 3765 550 3818 orti
570 3764 664 3818 essent
693 3762 891 3837 Φορτουνάτῳ]
922 3760 1056 3817 Nonnulli
1085 3760 1264 3831 putaverunt,

84 3858 114 3908 et
133 3852 300 3914 Messalina,
326 3869 383 3905 una
400 3868 415 3905 e
434 3850 546 3905 Claudii
572 3851 662 3905 uxori-
690 3849 876 3903 Fortunatam
894 3868 950 3905 non
968 3851 1132 3910 Romanum,
1151 3844 1265 3900 111101-

83 3942 145 4002 bus,
166 3956 181 3994 e
200 3942 285 4009 gente
312 3938 444 4002 Valeria,
472 3953 592 4004 cumque
614 3954 663 3991 no·
690 3935 826 3989 rinthium
854 3936 901 4004 (cl.
921 3937 934 3989 Ι
953 3937 1014 3991 οο1.
1036 3936 1075 4000 16,
1095 3935 1139 4004 17)
1167 3933 1263 3996 fuisse,

83 4029 164 4080 mina
183 4025 293 4080 Claudii
322 4025 479 4093 (Claudiae)
509 4028 537 4078 et
557 4024 664 4080 Valerii
690 4023 832 4077 Romanos
850 4023 885 4076 de
898 4022 1107 4077 Corinthiorum
1126 4018 1264 4074 seditione

85 4113 244 4183 (Valeriae)
263 4130 281 4167 a
300 4113 387 4167 servis
401 4116 430 4166 et
449 4112 600 4166 clientibus
613 4110 663 4164 im·
691 4110 826 4163 certiores
855 4108 957 4162 fecisse
984 4109 1067 4176 eique
1094 4108 1124 4160 in
1141 4105 1265 4175 patriam

83 4201 225 4271 peratoris
257 4217 320 4253 cum
356 4200 420 4253 vivo
455 4202 517 4253 tum
551 4199 663 4251 mortuo
692 4195 824 4250 redeunti
857 4196 967 4264 legatos
999 4195 1190 4249 Romanorum
1218 4191 1265 4245 ad·

85 4288 205 4344 Claudio
224 4304 309 4356 saepe
325 4290 497 4357 gererentur,
517 4284 665 4355 Lightfoot
691 4284 801 4337 iunctos
820 4296 889 4334 esse.
926 4279 1022 4334 Verba
1038 4281 1090 4338 σὺν
1106 4283 1153 4337 καὶ
1170 4280 1265 4333 autem

85 4376 219 4446 opinatus
248 4379 307 4437 est,
335 4374 387 4428 hos
413 4373 488 4426 viros
516 4371 551 4426 de
580 4371 664 4426 domo
690 4370 880 4424 Fortunatam
891 4366 983 4438 magis
996 4384 1060 4422 cum
1078 4366 1187 4422 duobus
1201 4365 1265 4419 aliis

85 4461 216 4519 Caesaris
236 4462 337 4525 fuisse,
364 4460 442 4513 cuius
465 4459 521 4511 iam
540 4456 662 4527 Philipp.
690 4455 758 4509 viris
786 4454 960 4522 coniungunt
989 4472 1075 4522 quam
1102 4453 1192 4509 abiis
1212 4451 1265 4505 dis·

84 4548 284 4611 4.2211111111ο
303 4549 342 4601 111.
381 4546 423 4600 01.
437 4548 498 4599 Act.
511 4545 579 4598 lust.
593 4560 616 4598 c.
631 4545 663 4606 4;
692 4545 826 4606 cernunt,
853 4544 882 4594 et
900 4556 954 4612 ego
973 4542 1060 4598 etiam
1084 4557 1147 4596 eum
1165 4541 1265 4596 Roma

85 4638 157 4691 Iren.
176 4633 227 4697 IV,
247 4635 288 4698 30,
310 4637 338 4697 1;
365 4631 528 4701 Philosoph
545 4631 597 4696 IX,
623 4631 664 4685 12.
690 4646 759 4683 num
776 4627 930 4683 habuerim
