2834 5018
78 4404 126 4415 nuh..

176 312 232 377 LX
615 306 900 363 PROLEGOMENA.

176 485 213 570 ἧς
236 487 373 568 ἄρχοντα
403 484 473 547 τύτε
506 486 580 547 ὄντα
612 482 766 569 Πολύβιον
800 483 921 566 ἱστορεῖ.
967 485 1043 566 πρὸς
1075 485 1200 558 ταύταις
1229 485 1284 546 καί
1313 491 1351 566 τη

178 590 341 674 Ῥωμαίων
375 589 528 674 ἐκκλησίᾳ
549 590 680 674 γράφει,
712 587 809 673 ᾐκαί
833 588 1029 674 παράκλησιν
1052 587 1219 671 προτείνει,
1243 586 1286 660 ὡς
1309 589 1350 670 μὴ

177 694 440 779 παραιτησάμενοι
455 703 510 757 τού
526 694 693 777 μαρτυρίου
709 704 763 778 της
781 693 980 778 ποθουμένης
996 695 1090 757 αύτδν
1106 692 1351 776 ἀποστερήσαιεν

177 799 310 875 ἐλπίδος.
356 798 389 876 ἐξ
411 797 455 863 ὦν
477 800 531 862 καί
554 799 733 884 βραχύτατα
757 799 799 874 εἰς
822 798 965 876 ἐπίδειξιν
981 809 1043 862 τῶν
1066 797 1233 882 εἰρημένων
1249 817 1351 879 παρα-

177 903 296 970 θέσθαι
320 902 415 981 ἄξιον.
460 905 572 988 γροίφει
596 905 633 987 δὴ
657 906 711 968 ούν
726 906 809 967 κατα
832 903 929 982 λέξιν·
953 929 996 971 sc.
1013 907 1104 971 Rom.
1122 909 1151 971 5.
1176 905 1230 965 καί
1254 912 1353 965 ταῦτα

176 1009 231 1092 μὲν
255 1010 318 1072 ἀπδ
340 1019 395 1093 της
422 1007 620 1094 δηλωθείσης
642 1008 764 1084 πόλεως
786 1018 853 1084 ταῖς
883 1007 1148 1091 καταλεχθείσαις
1171 1005 1352 1091 ἐκκλησίαις

176 1112 397 1179 διετυπύσατο.
425 1113 485 1198 ἤδη
508 1113 543 1177 δὲ
559 1113 705 1177 ἐπέκεινα
719 1124 774 1198 τῆς
788 1113 929 1199 Σμύρνης
944 1113 1109 1199 γενόμενος
1124 1113 1187 1175 aaa
1204 1110 1353 1195 Τρωάδος

176 1227 239 1293 τοῖς
263 1238 297 1280 τε
320 1216 353 1281 ἐν
369 1216 585 1302 Φιλαδελφείᾳ
600 1215 694 1293 αὖθις
717 1218 768 1281 διὰ
782 1229 904 1303 γραφῆς
927 1218 1027 1300 ύμιλεῐ
1041 1219 1094 1281 καί
1116 1227 1155 1301 τη
1169 1215 1352 1300 Σμυρναίων

176 1320 346 1406 ἐκκλησίᾳ,
377 1321 460 1397 ἰδίως
483 1342 517 1384 τε
539 1329 583 1405 τῷ
613 1322 727 1406 ταύτης
755 1322 976 1407 προηγουμένη
1000 1320 1211 1404 Πολυκοίρπιρ,
1244 1321 1279 1383 ὃν
1303 1318 1353 1383 οία

176 1427 214 1509 δὴ
238 1425 446 1489 ἀποστολικδν
476 1426 574 1509 ἄνδρα
597 1424 632 1488 εύ
661 1425 747 1510 μάλα
773 1429 949 1511 γνωρίζων,
982 1430 1037 1510 τὴν
1061 1425 1133 1490 κατ’
1156 1425 1353 1507 Ἀντιόχειαν

176 1534 261 1614 αὐτῷ
284 1531 416 1614 ποίμνην
446 1527 496 1593 οία
518 1530 644 1614 γνήσιος
675 1532 729 1593 καί
752 1532 876 1614 ἀγαθὸς
906 1534 1019 1615 ποιμὴν
1042 1531 1267 1614 παρατίθεται,
1298 1532 1353 1612 τὴν

175 1638 244 1719 περὶ
267 1637 362 1720 αύτης
386 1635 532 1718 φροντίδα
554 1636 605 1699 διὰ
628 1636 764 1719 σπουδῆς
787 1636 870 1719 ἔχειν
893 1638 986 1699 αύτδν
1018 1635 1121 1713 ἀξιῶν.
1168 1635 1185 1698 δ
1208 1633 1237 1698 δ’
1261 1635 1353 1706 αὐτὸς

176 1739 360 1823 Σμυρναίοις
382 1739 512 1824 γροίρων
536 1741 595 1802 οὐκ
617 1739 674 1802 οἶδ’
696 1740 815 1806 ὁπύθεν
844 1742 946 1825 ῥητοῖς
969 1740 1194 1826 συγκέχρηται,
1225 1737 1353 1803 τοιαύτοί

176 1866 244 1908 τινα
267 1847 413 1927 περὶτοῦ
437 1847 572 1926 Χριστοῦ
596 1843 731 1921 διεξιών·
756 1848 898 1931 sequitur
920 1848 1042 1932 Smyrn.
1067 1850 1096 1925 3,
1123 1848 1150 1910 1.
1175 1849 1205 1911 2.
1240 1846 1353 1930 Neque

176 1974 249 2017 vero
272 1953 393 2036 primus
416 1951 626 2035 epistularum
657 1952 802 2015 notitiam
824 1952 946 2018 habuit.
992 1952 1156 2035 Epistulas
1180 1952 1220 2016 ad
1242 1951 1352 2034 Ephe-

177 2059 240 2121 sios
264 2063 296 2121 et
319 2057 481 2122 Romanos
505 2057 568 2119 iam
584 2055 737 2139 Origenes
761 2063 793 2121 et
815 2057 961 2121 Irenaeus
984 2057 1116 2120 laudant
1139 2055 1192 2137 (cf.
1219 2056 1352 2119 adnota-

176 2163 279 2226 tiones
311 2163 351 2225 ad
373 2160 456 2244 Eph.
483 2160 533 2235 19,
560 2162 600 2237 13
624 2161 714 2225 Rom.
740 2165 769 2238 4,
796 2164 830 2237 1;
866 2162 894 2239 7,
919 2162 962 2243 2).
1008 2161 1129 2225 Auctor
1152 2159 1354 2224 Didascaliae

177 2266 395 2349 apostolorum
418 2268 510 2343 (saec.
535 2262 595 2346 ΙΙΙ)
623 2265 795 2329 sententias
824 2265 931 2349 plures
955 2269 987 2329 et
1009 2266 1087 2329 adeo
1118 2264 1260 2348 insignes
1284 2286 1354 2329 cum

177 2369 302 2453 Ignatio
319 2390 499 2434 communes
514 2368 621 2445 habet,
645 2372 681 2430 ut
697 2369 763 2432 eius
786 2368 939 2452 epistulas
954 2368 1070 2453 legisse
1086 2369 1261 2432 censendus
1281 2369 1353 2431 sit¹.

177 2474 281 2538 Testis
304 2477 411 2538 autem
446 2472 683 2557 antiquissimus
706 2478 738 2536 et
767 2472 1033 2555 locupletissimus
1064 2476 1113 2536 est
1144 2472 1352 2557 Polycarpus,

178 2577 424 2660 Smyrnaeorum
447 2577 629 2660 episcopus,
661 2598 795 2660 quocum
817 2576 970 2659 Ignatius,
995 2597 1065 2639 cum
1088 2576 1242 2660 Smyrnae
1266 2598 1353 2641 com·

176 2688 361 2758 moraretur,
385 2687 528 2746 versatus
544 2685 593 2745 est
614 2682 726 2762 cuique
743 2680 865 2744 Troade
887 2680 1011 2744 litteras
1027 2680 1122 2758 dedit,
1147 2686 1180 2744 et
1195 2681 1222 2744 si
1244 2703 1355 2744 verum

176 2791 233 2862 est,
258 2786 342 2869 quod
365 2786 453 2863 dixit,
480 2785 618 2849 dubitari
640 2785 767 2868 nequit,
793 2785 869 2869 quin
891 2783 1037 2869 Ignatius
1059 2786 1120 2850 iter
1142 2785 1281 2850 Romam
1303 2786 1354 2849 fa-

177 2891 260 2955 ciens
276 2889 383 2973 plures
399 2889 552 2973 epistulas
568 2889 739 2973 scripserit.
784 2890 835 2954 Ex
851 2889 990 2972 epistula
1006 2888 1070 2969 (13,
1088 2889 1120 2972 2)
1138 2891 1232 2968 enim,
1257 2912 1356 2975 quam

176 2994 262 3059 brevi
278 2999 449 3078 postquam
471 2992 614 3078 Ignatius
631 2993 797 3076 Philippos
813 2994 958 3077 pervenit
973 2993 1235 3078 Philippensibus
1252 2994 1354 3077 scrip·

175 3100 226 3173 sit,
251 3099 362 3175 elucet,
388 3121 459 3162 eum
481 3098 548 3162 illis
570 3099 757 3182 rogantibus
781 3097 899 3182 Ignatii
921 3098 1075 3182 epistulas
1098 3098 1231 3163 misisse.

264 3202 412 3267 'Postibus
440 3202 616 3267 veterrimis
649 3203 744 3266 etiam
767 3201 922 3265 lucianus
946 3200 1176 3267 Samosatensis
1200 3203 1355 3266 adnume-

175 3309 291 3372 randus
316 3311 373 3384 est,
399 3307 516 3390 quippe
540 3307 593 3390 qui
616 3307 649 3370 in
673 3306 799 3389 dialogo
830 3307 867 3369 de
890 3311 989 3370 morte
1012 3305 1178 3390 Peregrini
1199 3306 1357 3371 nonnulla

175 3411 356 3496 scripserit,
390 3433 473 3494 quae
504 3433 543 3475 ex
573 3411 691 3496 Ignatii
722 3409 868 3493 epistulis
901 3412 1067 3494 desumpta
1097 3433 1165 3474 esse
1197 3411 1355 3476 videntur.

176 3516 368 3600 Peregrinus
399 3515 537 3579 enimin
559 3514 687 3578 vincula
719 3513 872 3577 conicitur
895 3514 933 3594 (c.
960 3512 1013 3596 12)
1042 3514 1153 3597 idque,
1184 3519 1221 3578 ut
1245 3520 1357 3580 auctor

176 3621 239 3684 alio
261 3620 332 3683 loco
356 3619 394 3701 (c.
414 3616 467 3700 14)
490 3619 606 3701 prodit,
631 3616 831 3692 Antiochiae,
854 3640 891 3682 ac
912 3617 1116 3682 nihilominus
1132 3618 1229 3683 etiam
1253 3621 1356 3684 eccle·

176 3725 241 3788 siae
272 3724 369 3788 Asiae
401 3723 531 3786 minoris
565 3723 689 3805 captivo
722 3720 862 3784 subsidia
892 3722 1014 3786 misisse
1046 3723 1193 3786 dicuntur
1224 3723 1264 3803 (c.
1292 3723 1356 3807 13).

178 3826 292 3892 Nonne
316 3827 395 3892 haec
418 3848 457 3890 ex
480 3826 625 3910 epistulis
643 3825 760 3889 nostris
783 3823 898 3887 hausta
913 3830 994 3902 sunt,
1018 3827 1182 3910 inquibus
1206 3826 1356 3913 legimus,

178 3930 326 3995 ecclesias
342 3930 439 3995 Asiae
463 3931 612 4014 episcopo
634 3926 836 3993 Antiocheno
859 3928 983 4010 captivo
1006 3930 1159 3995 beneficia
1182 3932 1359 3997 tribuisse?

177 4034 211 4099 Si
234 4056 328 4118 porro
358 4034 514 4120 legimus,
549 4033 745 4098 Christianos
777 4030 982 4114 Peregrinum
1013 4034 1187 4098 evinculis
1218 4036 1357 4101 liberare

249 4139 429 4231 iffi,
448 4169 502 4222 aa
520 4169 723 4237 Apauortene„
743 4167 965 4222 nausearum
985 4168 1050 4223 1891
1070 4187 1097 4239 p.
1112 4171 1160 4235 703
1179 4172 1310 4243 Holzhey
1328 4173 1357 4226 n

179 4256 362 4325 Tlicolopisclw
381 4254 592 4324 Quanolachrajt
613 4253 680 4307 1898
698 4270 725 4322 p.
746 4251 893 4306 380-385.
