2834 5018
197 310 260 373 554
629 300 783 356 HERMAE
802 299 945 356 PASTOR

195 488 257 562 τῷ·
293 477 403 560 Κύριε,
436 478 463 541 εί
486 477 598 541 ἐκεῖνοι
630 488 758 541 τοιαῦτα
781 477 982 561 εἰργάσαντο,
1016 478 1072 541 ἵνα
1096 479 1384 564 παραπικρανθήί

196 583 317 661 ἔνδοξος
341 582 493 667 ἄγγελος,
524 582 552 645 τί
576 582 638 666 ἐγὼ
662 582 814 667 ἐποίησας
848 580 985 660 Ἀλλιυς,
1010 582 1123 666 φησίν,
1151 585 1191 647 ού
1220 583 1383 670 [δύ]ναντα

196 688 308 752 ἐκεῖνοι
331 688 489 774 θλιβῆναι,
513 687 567 750 ἐὰν
590 689 632 769 μή
656 690 694 749 σύ
717 686 737 769 ή
759 685 885 769 κεφαλή
902 695 956 749 τοῦ
980 688 1071 750 οίκου
1089 688 1240 774 θλιβῇς·
1265 701 1323 754 σου
1339 691 1383 771 γάρ

197 792 386 879 θλιβομένου
410 792 442 869 ἐξ
473 792 612 875 ἀνάγκης
641 794 781 855 κάκεῖνοι
811 790 1038 876 θλιβήσονται,
1076 793 1328 871 εὐσταθοῦντος
1346 793 1382 879 ὅΙὲ

171 898 269 984 ισοῦ]
295 897 439 980 οὐδεμίαν
463 898 607 961 δύνανται
631 898 741 980 θλίψιν
765 899 858 980 ἔχειν.
903 902 933 964 4.
959 896 1052 960 Ἀλλ’
1078 898 1166 978 ἰδού,
1192 901 1288 986 φημί,
1303 901 1381 982 κύριε

196 1003 458 1086 μετανεναήκασιν
487 1001 520 1079 ἐξ
550 1003 625 1087 ὅλης
653 1002 783 1085 καρδίας
816 1004 928 1066 αύτῶν.
974 998 1068 1079 Οίδα,
1092 1003 1199 1088 φησί,
1224 1005 1330 1090 κάγώ,
1349 1006 1380 1066 ὅτ

195 1107 458 1190 μετανενοήκοισιν
488 1106 520 1184 ἐξ
543 1107 617 1191 ὅλης
646 1107 775 1190 καρδίας
805 1109 925 1171 αὐτῶν·
962 1115 1026 1169 τῶν
1060 1105 1122 1171 ούν
1156 1109 1380 1192 μετανοούντων

197 1211 325 1297 [εὐθὺς]
350 1212 452 1287 δοκεῖς
481 1214 536 1287 τὰς
560 1213 711 1295 ἁμαρτίας
743 1212 912 1295 ἀφίεσθαι;
946 1213 983 1273 ού
1010 1211 1211 1288 παντελῶς·
1248 1213 1331 1276 ἀλλὰ
1349 1213 1380 1275 δέ

195 1317 248 1378 τὸν
271 1324 481 1397 μετανοοῦντα
504 1316 669 1400 βασανίσαι
684 1319 740 1399 τήν
763 1317 875 1380 ἑαυτοῦ
891 1315 995 1398 ψυχὴν
1018 1318 1076 1380 καί
1099 1328 1379 1402 ταπεινοφρονήειι

157 1436 181 1471 ¹⁰
196 1418 229 1481 ἐν
250 1419 337 1502 πάση
366 1419 474 1502 πράξει
504 1422 599 1484 αὐτοῦ
623 1423 757 1505 ἰσχυρῶς
786 1423 840 1484 καί
869 1419 1016 1506 θλιβῆναι
1049 1419 1084 1484 ἐν
1109 1423 1241 1498 πάσαις
1271 1423 1379 1504 θλίψει.

194 1523 366 1599 ποικίλαις·
399 1527 452 1587 καί
477 1525 531 1588 ἐὰν
555 1526 710 1610 ύπενὲγκη
732 1529 788 1602 τὰς
818 1525 943 1607 θλίψεις
965 1526 1021 1600 τὰς
1047 1526 1282 1611 ἐπερχομένας
1304 1529 1380 1607 αύτῷ,

194 1628 318 1703 πάντως
341 1628 652 1713 σπλαγχνισθήσεται
676 1633 694 1694 ὅ
717 1632 759 1695 τὰ
782 1631 896 1694 πάντα
926 1632 1045 1710 κτίσας
1076 1632 1138 1692 καί
1171 1630 1379 1715 ἐνδυναμύττς

194 1734 247 1794 καί
270 1733 351 1796 ἴασίν
373 1754 443 1796 τινα
465 1732 558 1797 δύσει
588 1736 690 1818 αύτῷ·
727 1738 756 1801 5.
781 1736 834 1797 καί
862 1743 953 1797 τοῦτο
984 1732 1140 1813 πάντως,
1167 1735 1248 1821 [ἐὰν
1271 1738 1321 1821 ἴδη
1340 1737 1379 1814 τήν

193 1836 339 1923 καρδίαι]
371 1847 426 1901 τοῦ
456 1848 679 1922 μετανοοῦντος
707 1841 856 1921 καθαράν
887 1838 950 1900 ἀπὸ
972 1837 1094 1912 παντὸς
1126 1852 1280 1925 πονηροῦ
1302 1842 1379 1923 πράγ·

158 1966 182 2002 ιι
196 1960 301 2023 ματος.
347 1944 395 2005 σοί
419 1943 453 2005 δὲ
476 1942 631 2026 συμφέρον
655 1943 719 2007 ἐστὶ
742 1946 795 2006 καί
818 1952 862 2027 τῷ
886 1945 961 2025 οἴκῳ
993 1962 1052 2004 σου
1077 1952 1138 2007 νῦν
1165 1946 1330 2032 θλιβήνατ
1359 1941 1379 2005 τ’

195 2044 229 2107 δέ
252 2066 300 2107 σοι
331 2046 435 2109 πολλά
458 2047 558 2131 λέγως
592 2047 740 2132 θλιβήναί
763 2069 798 2111 σε
828 2048 890 2126 δεῖ,
923 2048 1036 2120 καθὼς
1069 2049 1281 2128 προσέταξεν
1303 2051 1319 2114 ὁ
1338 2052 1377 2130 ἃς·

194 2150 286 2232 γελος
309 2150 417 2232 κυρίου
440 2150 567 2231 ἐκεῖνος,
591 2153 607 2214 ὅ
631 2151 818 2233 παραδιδούς
842 2172 877 2214 σε
901 2149 983 2234 ἐμοί·
1007 2152 1062 2212 καί
1088 2163 1196 2218 τοῦτο
1220 2155 1376 2238 εύχαρίστα

195 2263 238 2336 τῷ
262 2254 369 2337 κυρίῳ,
394 2257 439 2317 ὅτι
463 2255 549 2332 άξιὸν
572 2277 608 2319 σε
630 2255 771 2340 ἡγήσατο
794 2266 848 2319 τοῦ
876 2253 1080 2338 προδηλῶσαί
1104 2278 1162 2320 σοι
1188 2262 1250 2343 τήν
1277 2260 1376 2340 θλῖψιν,

195 2359 246 2419 ἵνα
268 2362 420 2441 προγνοὺς
450 2361 546 2443 αὐτὴν
569 2360 741 2445 ύπενέγκης
772 2362 915 2444 ἰσχυρῶς.
962 2363 992 2426 6.
1016 2358 1106 2443 λέγω
1139 2366 1254 2449 αὐτῷ·
1290 2365 1375 2446 Κύρυ

157 2486 182 2522 οο
196 2464 234 2523 σύ
264 2461 331 2545 μετ’
361 2462 436 2546 ἐμοῦ
465 2464 569 2549 γίνου,
601 2467 655 2529 καί
689 2465 859 2549 δυνήσομαι
894 2474 999 2528 πᾶσαν
1035 2463 1159 2548 θλῖψιν
1199 2470 1374 2554 ύπενεγαέν·

195 2565 290 2650 Ἐγώ,
314 2567 417 2651 ρησίν,
441 2569 551 2651 ἔσομαι
574 2572 652 2652 μετὰ
675 2579 751 2632 σου·
783 2568 929 2652 ἐρωτήσω
952 2568 1063 2630 δὲκαὶ
1088 2571 1148 2635 τὸν
1176 2574 1318 2658 ἄγγελον
1336 2571 1374 2632 τὸι

194 2670 378 2756 τιμῶρητήν,
401 2674 453 2735 ἵνα
468 2694 504 2736 σε
520 2673 736 2757 ἐλαφροτέρους
752 2674 871 2757 θλίψη·
897 2671 968 2735 ἀλλ’
983 2670 1095 2754 ὀλίγον
1111 2676 1238 2757 χρὸνον
1254 2675 1373 2761 θλαβήοτ

193 2777 246 2838 καί
270 2775 364 2840 πάλιν
388 2777 681 2862 ἀποκατασταθήση
705 2779 747 2854 εἰς
769 2781 822 2842 τὸν
846 2776 931 2842 οίκὸν
954 2795 1031 2839 σου·
1068 2778 1174 2861 μὸνον
1199 2784 1372 2866 παράμεινον

194 2891 443 2963 ταπεινοφρονῶν
466 2884 519 2944 καί
543 2882 729 2966 λειτουργῶν
752 2890 796 2965 τῷ
819 2881 915 2965 κυρίῳ
931 2880 964 2943 ἐν
987 2881 1077 2965 παίσῃ
1101 2887 1248 2972 καθαρᾷ
1267 2882 1372 2968 καρδίᾳ,

155 3009 180 3046 ιι
193 2987 246 3047 καί
269 2986 309 3047 τά
332 2983 426 3048 τέκνα
449 3007 506 3048 σου
528 2988 581 3049 καί
605 2987 621 3049 ὅ
646 2985 730 3062 οίκὸς
753 3009 827 3065 σου,
856 2988 908 3050 καί
931 2986 1066 3068 πορεύου
1092 2987 1127 3050 ἐν
1152 3001 1228 3068 ταῖς
1250 2989 1372 3060 ἐντολτζ

195 3109 253 3172 μου
277 3087 324 3164 αίς
348 3111 396 3151 σοι
420 3088 612 3173 ἐντέλλομαι,
635 3092 688 3152 καί
705 3089 869 3174 δυνήσεταί
892 3111 948 3153 σου
972 3089 992 3172 ή
1014 3091 1176 3172 μετάνοια
1201 3096 1314 3179 ἰσχυρὰ
1331 3092 1370 3155 κά

194 3195 324 3274 καθαρά
347 3191 441 3255 εἰναι·
475 3196 503 3259 7.
527 3196 580 3256 καί
604 3193 659 3258 ἐάν
688 3195 803 3270 ταύτας
836 3194 974 3279 ψυλάξης
1005 3196 1086 3276 μετὰ
1109 3209 1171 3261 τοῦ
1206 3203 1297 3264 οίκου
1317 3217 1369 3273 σου,

194 3297 404 3381 ἀποστήσεται
427 3307 514 3360 πᾶσα
543 3298 652 3380 θλῖψις
674 3300 737 3361 άπὸ
768 3308 841 3362 σου·
875 3299 930 3360 καί
953 3298 1016 3360 ἀπὸ
1045 3300 1183 3366 πάντων
1207 3305 1260 3385 δέ,
1284 3301 1368 3387 φησίν,

194 3401 404 3485 ἀποστήσεται
434 3401 559 3484 θλῖψις,
591 3405 658 3466 ὅσοι
692 3402 779 3490 [ἐὰν]
814 3403 846 3466 ἐν
878 3412 943 3477 ταῖς
978 3401 1122 3480 ἐντολαῖς
1160 3428 1227 3491 μου
1263 3410 1369 3479 ταύταις

155 3528 179 3564 so
193 3511 401 3589 πορευθῶσιν.

664 3643 834 3730 Παραβολή
857 3644 899 3730 η’.

282 3765 317 3832 l.
341 3766 462 3844 Ἐὅειξὲ
485 3788 536 3849 μοι
568 3765 650 3829 ίτὲαν
674 3765 831 3851 μεγάλην,
864 3767 1086 3846 σκεπάζουσαν
1111 3773 1212 3839 πεδία
1242 3777 1294 3841 κού
1315 3776 1367 3856 apr„

263 3906 347 3961 ὅτοῦ
365 3904 798 3976 ούιουΟΙΑΙιίοίιίυυιὶοωυοΙυ
815 3908 818 3975 Ι
835 3907 851 3960 8
869 3905 1124 3974 εύθὺςΙυΑι>ίύ
1142 3913 1147 3980 Ι
1167 3913 1202 3968 10
1220 3914 1369 3988 ἰσχυρῶς)

191 3989 283 4058 ΙιΙίὅ
300 3993 412 4060 πάντως
431 3995 567 4063 G(A):et
585 3994 654 4046 tuno
676 3993 796 4047 forsitan
815 3994 949 4061 L¹.>L²
973 3995 977 4064 Ι
1004 3994 1037 4048 13
1055 3992 1134 4054 ίασιν
1152 3998 1365 4074 Ιιὸ.τίσχύν(ἷἶ

191 4075 265 4150 αύτῷ
285 4079 444 4147 Ιίταύτοῑς
462 4080 612 4147 G‚>L¹A
637 4080 641 4151 Ι
669 4080 745 4146 13Ι14
764 4079 813 4138 ἐὰν
831 4079 874 4152 ἴδη
900 4086 949 4152 τήν
971 4086 1090 4152 καρδίαν
1110 4090 1295 4162 ..καθαρὰν
1313 4087 1366 4141 LA:

191 4169 324 4235 καθαρῶς
345 4166 369 4221 G
385 4169 389 4233 Ι
405 4165 439 4218 20
456 4171 502 4222 καί
521 4166 545 4221 G
559 4185 565 4218 :
578 4168 613 4238 -Ι-
625 4167 711 4221 facile
730 4167 759 4230 L,
777 4170 922 4237 patienter
934 4170 958 4219 Α
974 4172 978 4235 Ι
994 4170 1030 4222 24
1048 4171 1129 4244 πάσῃ
1139 4175 1177 4240 >
1191 4176 1242 4231 LA
1257 4179 1262 4245 Ι
1277 4177 1309 4230 26
1323 4190 1367 4242 μοι’

192 4248 251 4300 ls¹A
265 4268 271 4300 τ
284 4272 335 4308 σου
348 4252 379 4316 G,
393 4257 428 4319 >
440 4252 475 4306 L’
491 4254 495 4324 Ι
511 4253 545 4307 28
557 4262 632 4311 πᾶσα
646 4254 696 4309 GA
708 4273 715 4308 :
727 4255 796 4322 >L
812 4259 816 4324 Ι
832 4255 866 4308 29
878 4261 975 4326 θλίψις
988 4273 994 4307 :
1009 4257 1104 4312 omnis
1117 4264 1241 4319 vexatio
1254 4264 1281 4327 h
1293 4261 1352 4330 >A
