2834 5018
158 297 221 360 210
621 290 648 345 11
669 290 872 346 cunnuuurs

155 470 238 533 θεοῦ
262 466 401 542 δούλους.
447 470 476 533 2.
501 465 694 549 πιστεύωμεν
724 462 796 544 οὖν,
828 465 957 547 ἀδελφοί
986 468 1040 529 καί
1072 464 1222 548 ἀδελφαί·
1259 470 1337 533 θεοῦ

154 573 273 650 ζῶντος
302 581 409 653 πεῖραν
439 569 601 653 ἀθλοῦμεν
623 572 676 633 καί
707 571 934 655 γυμναζόμεθα
962 578 1005 654 τῷ
1029 581 1081 635 νῦν
1110 572 1186 658 βίῳ,
1218 573 1270 635 ίνα
1293 579 1337 654 τῷ

157 674 302 758 μέλλοντι
332 677 598 759 στερανυθῦμεν.
644 680 675 742 3.
706 676 805 751 οὐδεὶς
835 685 896 738 τῶν
929 675 1057 739 δικαίων
1087 679 1184 759 ταχὺν
1216 677 1337 759 καρπὸν

156 778 281 865 ἔλαβεν,
305 779 375 843 ἀλλ’
400 779 561 863 ἐκδέχεται
584 780 687 845 αὐτὸν.
734 784 765 847 4.
789 780 816 843 εἰ
837 782 899 863 γὰρ
914 782 967 844 τὸν
990 783 1104 863 μισθὸν
1121 789 1182 844 τῶν
1206 781 1335 845 δικαίων

129 903 141 941 ⁵
159 884 175 947 δ
198 887 274 961 θεὸς
298 885 457 969 συντόμως
472 885 630 965 ἀπεδίδου,
655 885 776 962 εὐθέως
791 885 940 969 ἐμπορίαν
955 887 1112 969 ἠσκοῦμεν
1127 887 1180 948 καί
1205 886 1241 947 οὐ
1258 887 1334 950 θεο-

159 989 298 1075 σέβειαν·
323 989 491 1074 ἐδοκοῦμεν
514 993 574 1076 γὰρ
598 989 675 1055 εἶναι
691 991 814 1072 δίκαιοι,
838 994 874 1055 οὐ
897 993 932 1056 τὸ
949 991 1083 1077 εὐσεβές,
1107 990 1190 1053 ἀλλὰ
1214 991 1250 1054 τδ
1266 1012 1336 1074 κερ-

157 1092 269 1157 δαλέον
293 1092 466 1170 διώκοντες.
512 1097 566 1158 καί
589 1096 640 1159 διὰ
664 1106 755 1160 τοῦτο
779 1095 853 1162 θεία
876 1095 974 1179 κρίσις
997 1094 1134 1180 ἔβλαψεν
1156 1103 1278 1177 πνεῦμα
1294 1097 1336 1177 μὴ

158 1198 192 1260 δν
217 1198 347 1277 δίκαιον,
371 1200 425 1262 καί
448 1198 594 1285 ἐβάρυνεν
618 1200 750 1285 δεσμοῖς.

246 1306 275 1369 5.
303 1302 358 1387 Τῷ
375 1304 459 1388 μόνῳ
482 1307 550 1387 θεῷ
565 1305 703 1389 ἀοράτῳ,
726 1307 817 1388 πατρί
841 1315 895 1389 τῆς
911 1303 1075 1389 ἀληθείας,
1099 1311 1142 1387 τῷ
1159 1302 1337 1380 ἐξαποστεί-

120 1428 145 1463 10
159 1404 247 1469 λαντι
276 1406 349 1490 ἡμῖν
371 1409 424 1472 τὸν
453 1419 579 1492 σωτῆρα
602 1412 655 1472 καί
686 1411 824 1495 ἀρχηγὸν
848 1421 902 1495 τῆς
935 1409 1130 1493 ἀφθαρσίας,
1161 1407 1201 1471 δι’
1225 1407 1261 1472 οὗ
1284 1409 1337 1471 καί

160 1507 357 1591 ἐφανέρωσεν
379 1510 452 1594 ἡμῖν
474 1514 529 1595 τὴν
553 1512 708 1596 ἀλήθειαν
731 1515 784 1576 καί
807 1516 862 1596 τὴν
886 1513 1067 1595 ἐπουράνιον
1090 1510 1184 1594 ζωήν,
1209 1513 1294 1594 αὐτῷ
1318 1511 1338 1595 ἡ

160 1612 236 1690 δόξα
259 1614 302 1689 είς
325 1618 396 1690 τοὺς
420 1616 535 1692 αἰῶνας
557 1624 619 1680 τῶν
644 1617 775 1682 αἰώνων.
821 1617 913 1702 ἀμήν.

391 1806 572 1892 Κλήμεντος
595 1810 670 1891 πρὸς
693 1808 881 1891 Κορινθίους
905 1808 1051 1893 ἐπιστολὴ
1076 1809 1093 1894 β

231 1962 439 2032 1πιστείνυμεν
455 1962 674 2032 θεπιστεύομεν
692 1963 718 2016 Η
733 1964 738 2032 Ι
754 1969 824 2020 θεοῦ
837 1981 843 2015 :
857 1961 899 2020 ὅτι
919 1970 990 2021 θεοῦ
1008 1964 1025 2017 S
1042 1963 1078 2033 13
1099 1965 1183 2035 ταχὺν
1202 1963 1229 2016 Η
1245 1962 1337 2017 Dem:

159 2048 229 2120 ταχὺ
248 2048 265 2102 S
282 2048 286 2117 Ι
302 2050 347 2115 stt
365 2048 528 2122 θεοσέβειαν
547 2049 593 2104 HS
606 2069 612 2103 :
626 2051 766 2125 εὐσέβειαν
784 2051 856 2105 Dum
872 2053 908 2120 16
927 2052 1062 2122 οὐ-Ι-διὰ
1079 2053 1152 2106 Dum
1167 2053 1171 2122 Ι
1188 2051 1337 2126 εὐσεβὲςΗ

161 2134 233 2189 Dum
248 2154 253 2187 :
267 2135 400 2209 θεοσεβὲς
419 2135 436 2189 S
452 2137 456 2204 Ι
472 2136 489 2190 8
507 2143 619 2206 δεσμοῖς
637 2137 788 2207 δεδεσμδς
805 2138 832 2191 Η
856 2139 860 2208 ί
885 2139 917 2193 13
937 2138 1124 2209 Subscriptio,
1146 2157 1232 2207 quam
1251 2139 1337 2193 etiem

161 2221 293 2277 codiciA
320 2222 460 2276 adiectam
488 2222 576 2276 fuisse
607 2224 733 2277 conicere
760 2223 844 2287 licet,
873 2224 910 2277 ad
937 2224 1173 2295 subscriptionem
1197 2224 1335 2294 epistulae

161 2310 174 2364 I
192 2309 277 2364 Olenu
298 2311 334 2363 ad
352 2309 414 2365 Gor.
435 2310 649 2364 accommodate
669 2313 725 2364 est:
750 2310 796 2363 hic
814 2312 912 2366 finitur
930 2313 1053 2367 secundo
1072 2311 1193 2382 epistula
1212 2311 1336 2367 Clemen-

161 2396 199 2449 tis
218 2397 253 2449 ed
273 2397 434 2452 Corinthios
452 2398 479 2461 S,
498 2400 585 2470 στίχοι
608 2404 630 2471 χ’
650 2396 721 2472 ῥητὰ
738 2418 770 2455 κε
790 2398 816 2450 Η

197 2540 221 2593 3.
242 2538 284 2592 cf.
304 2536 358 2592 Iac.
378 2540 402 2599 5,
422 2540 437 2592 7
456 2556 518 2606 sqq.
750 2520 1053 2637 {diabolumtanquam
1063 2520 1252 2591 adversarium
1263 2537 1340 2592 Chri·

196 2626 221 2677 4.
239 2623 376 2698 ἐμπορίαν
393 2626 463 2695 κτλ.]
484 2626 525 2680 cf.
544 2623 556 2677 I
575 2624 644 2678 Tim
665 2625 689 2687 6,
708 2626 920 2691 5;;stianorum
954 2626 1094 2695 respicere
1131 2628 1217 2691 etque
1247 2625 1339 2679 dicere

162 2714 232 2782 Aug.
252 2712 294 2765 De
314 2711 389 2765 civit.
408 2711 461 2765 Dei
480 2713 500 2775 Ι,
519 2711 543 2766 8.
571 2742 606 2751 -
631 2715 677 2768 καὶ
695 2712 739 2769 διὰ
750 2708 753 2773 ί
764 2713 977 2782 putaripotcst:
998 2712 1124 2765 divinum
1133 2711 1270 2764 iudicium
1283 2711 1337 2780 spi·

162 2807 247 2856 τοῦτο
282 2799 352 2867 κτλ]
390 2799 479 2852 Locus
518 2799 651 2852 obscurus
688 2803 737 2852 est.
765 2800 850 2854 ritum
869 2799 1006 2852 iniustum
1029 2798 1150 2853 vinculis
1176 2798 1337 2861 detinuisse,

165 2884 314 2950 Quaeritur
333 2885 468 2955 inprimis,
488 2886 556 2953 quid
574 2886 612 2939 eit
630 2894 738 2955 πνεῦμα
765 2902 800 2939 ne
818 2886 881 2955 pios
901 2887 1049 2956 opprimat.
1087 2887 1156 2940 Cum
1176 2890 1271 2941 autem
1291 2904 1338 2956 po·

162 2977 201 3043 μὴ
219 2970 252 3028 ὂν
273 2976 385 3030 δίκαιον.
424 2973 493 3027 Cum
513 2976 612 3026 auctor
630 2974 685 3026 v.2
705 2972 739 3026 de
766 2972 823 3025 tius
852 2972 885 3026 de
914 2972 1016 3042 spiritu
1041 2973 1163 3027 hominis
1195 2973 1337 3040 loquutur,

164 3056 269 3113 militia
282 3058 438 3113 christiano
449 3058 590 3125 loquatur.
610 3059 739 3113 hocloco
767 3076 864 3113 sensus
875 3063 932 3114 est:
952 3059 1077 3113 divinum
1087 3058 1224 3114 iudicium
1234 3059 1338 3130 affligit
