2834 5018
116 276 179 341 XII
561 271 845 328 Paucasorfflrvn

115 455 213 515 testes
235 451 265 514 ei
286 451 389 535 magis
412 450 521 515 favent
544 473 639 536 quam
662 451 885 527 adversantur;
907 475 982 517 nam
1004 474 1068 516 non
1092 451 1195 516 solum
1219 473 1297 515 auc-

115 560 167 620 tor
189 555 263 619 libri
284 552 347 619 VH
369 553 637 620 Constitutionum
659 556 884 640 apostolorum,
909 558 964 621 sed
987 557 1083 621 etiam
1105 560 1217 620 auctor
1234 554 1297 619 Di-

116 660 274 725 dascaliae
308 660 526 743 apostolorum
559 664 591 723 et
624 660 759 725 Hermas
793 684 863 727 eam
898 664 1083 745 agnoscunt.
1131 660 1299 724 Particula

115 764 215 848 igitur
245 765 388 849 proxime
418 765 459 829 ad
490 765 666 848 scripturae
695 771 833 830 aetatem
863 765 992 841 accedit,
1023 771 1057 830 et
1079 767 1106 829 si
1128 765 1298 830 Barnabas

115 868 255 933 Hermae
277 874 419 954 tempore
442 869 539 933 etiam
559 870 724 946 antecedit,
747 871 872 935 initium
889 871 1064 954 scripturae
1079 868 1172 933 valde
1187 874 1298 934 trans·

116 973 257 1038 formans
288 973 379 1038 testis
409 977 457 1037 est
484 974 589 1037 minus
620 974 731 1039 fidelis.
777 974 890 1059 Itaque
918 997 981 1040 non
1003 975 1108 1039 solum
1130 974 1216 1050 licet,
1242 974 1299 1038 sed

116 1099 217 1163 paene
240 1081 367 1161 oportet
388 1098 446 1141 nos
470 1077 663 1155 concludere,
688 1078 878 1163 particulam
900 1101 920 1142 a
942 1079 1118 1163 posteriore
1142 1083 1299 1163 tanquam

117 1182 157 1246 ad
180 1181 420 1246 catechumenos
442 1181 641 1247 instruendos
662 1184 767 1248 minus
791 1187 900 1267 aptam
921 1184 1071 1249 omissam
1089 1186 1191 1248 esse¹.

204 1286 320 1351 Versio
352 1286 454 1351 latina
486 1308 611 1352 versum
639 1288 778 1372 primum
812 1287 855 1369 (l,
881 1286 913 1369 l)
947 1288 1136 1372 ampliorem
1166 1289 1299 1353 exhibet

116 1413 214 1478 quam
245 1395 350 1456 textus
381 1411 512 1474 graecm
542 1391 686 1469 traditus,
716 1394 784 1456 vias
807 1394 885 1456 duas
907 1413 971 1456 non
994 1393 1097 1457 solum
1119 1393 1187 1458 vias
1213 1394 1299 1457 vitae

116 1502 148 1562 et
171 1497 292 1572 mortis,
324 1495 380 1559 sed
411 1495 508 1560 etiam
530 1517 629 1580 aeque
651 1517 688 1560 ac
710 1495 876 1561 Barnabas
897 1497 965 1560 vias
987 1496 1069 1561 lucis
1092 1501 1124 1561 et
1144 1499 1298 1562 tenebra-

115 1624 187 1665 rum
210 1600 379 1685 designans
410 1603 442 1663 et
472 1599 511 1664 de
540 1599 663 1684 angelis
692 1599 736 1664 eis
758 1601 947 1684 praepositis
969 1600 1117 1685 loquens,
1152 1599 1300 1666 Ganones

118 1704 336 1790 apostolorum
359 1703 562 1769 ecclesiastici
584 1703 663 1767 alias
687 1703 861 1787 particulas
886 1727 957 1769 cum
973 1705 1141 1769 Barnabae
1156 1705 1300 1789 epistula

117 1831 298 1875 communes
329 1809 458 1882 habent,
490 1811 523 1870 et
548 1806 710 1890 hucusque
739 1807 812 1872 illas
834 1809 1007 1891 scripturas
1029 1810 1068 1874 ab
1091 1809 1152 1873 hac
1176 1812 1299 1894 depen-

116 1916 190 1979 dere
218 1935 328 1978 omnes
357 1912 584 1976 iudicaverunt.
630 1910 667 1974 Ε.
692 1909 887 1976 Henneclre²
917 1914 1097 1996 nuperrime
1121 1915 1299 1997 scripturas

117 2040 304 2103 comparans
328 2015 575 2079 animadvertere
600 2014 661 2078 sibi
683 2015 768 2079 visus
791 2021 848 2092 est,
871 2017 1047 2081 versionem
1070 2017 1205 2082 latinam
1228 2019 1299 2082 for-

115 2146 201 2189 mam
231 2122 405 2187 Doctrinae
435 2118 651 2203 apostolorum
679 2120 912 2205 primogeniam
933 2126 1181 2204 repraesentare,
1213 2122 1299 2186 Bar-

115 2229 234 2293 nabam
263 2230 295 2290 et
318 2223 463 2289 Canones
494 2222 723 2287 ecclesiasticos
754 2225 967 2288 recensionem
997 2225 1188 2309 parallelam
1211 2227 1298 2291 anti·

117 2333 302 2418 quissimam
326 2329 422 2394 etiam
445 2327 570 2392 saeculo
593 2328 696 2411 primo
713 2327 886 2411 vulgatam.
932 2328 1088 2412 Equidem
1104 2332 1299 2396 sententiam

116 2438 255 2522 priorem
277 2437 397 2499 rectam
418 2433 531 2497 habeo.

673 2604 729 2668 HI.

204 2747 401 2832 Scripturam
427 2765 567 2809 summae
591 2743 789 2826 antiquitatis
813 2742 950 2824 speciem
971 2764 1048 2826 prae
1070 2764 1105 2806 se
1127 2743 1211 2808 ferre
1237 2746 1299 2810 ho·

117 2853 167 2918 die
194 2873 286 2916 nemo
316 2854 365 2914 est
393 2848 448 2932 qui
477 2853 583 2934 neget
629 2847 675 2913 Ut
696 2850 802 2911 autem
833 2846 899 2911 eius
926 2851 1095 2932 tempus
1119 2853 1301 2916 accuratius

116 2957 310 3032 definiamus,
341 2953 595 3035 investigandum
618 2955 676 3028 est,
709 2971 789 3035 quae
818 2950 900 3013 ratio
922 2951 1006 3014 inter
1028 2973 1098 3015 eam
1120 2953 1302 3020 intercedat

116 3066 148 3126 et
179 3060 347 3125 Barnabae
377 3055 548 3140 epistulam
569 3055 769 3137 Hermaeque
798 3052 974 3118 Pastorem.
1021 3053 1126 3138 Supra
1148 3057 1300 3136 vidimus,

115 3166 286 3249 scriptmas
307 3164 392 3227 inter
413 3182 447 3224 se
471 3161 644 3236 convenire,
668 3163 701 3222 et
724 3157 895 3241 quaeritur,
918 3179 999 3241 quae
1022 3159 1065 3222 sit
1087 3160 1184 3242 prior.

203 3269 318 3334 Editor
346 3266 509 3350 princeps,
544 3263 730 3328 Doctrinam
762 3261 802 3324 ab
830 3259 896 3324 illis
927 3262 1091 3345 scripturis
1121 3264 1302 3346 dependere

116 3395 255 3450 censens,
279 3394 350 3438 eam
373 3370 462 3434 annis
486 3368 657 3433 120-160
681 3364 856 3447 adscripsit,
881 3368 913 3428 et
927 3364 1034 3449 plures
1048 3364 1140 3429 initio
1157 3388 1232 3431 eum
1249 3392 1301 3434 se·

117 3478 183 3542 cuti
205 3481 288 3541 sunt.
334 3473 430 3539 Brevi
461 3495 569 3538 omnes
599 3471 665 3535 fere
691 3475 929 3553 perspexemnt,
962 3471 1195 3553 expositionem
1219 3475 1301 3537 dua-

115 3604 187 3647 rum
208 3581 330 3645 aarum
359 3576 568 3663 principalem
590 3574 745 3640 Doctrina
766 3573 867 3649 tradi,
894 3573 1060 3638 Barnabae
1083 3575 1224 3657 epistula
1248 3599 1302 3641 se-

116 3685 315 3761 cundariam,
348 3704 450 3765 neque
479 3680 572 3744 aliter
599 3677 757 3751 sentiunt,
789 3676 843 3758 qui
871 3675 962 3739 illam
990 3681 1113 3760 partem
1136 3700 1156 3740 a
1178 3678 1301 3744 Iudaeo

117 3789 325 3872 compositam
348 3787 447 3851 firisse
469 3787 593 3869 putant,
618 3802 690 3847 cum
704 3779 890 3843 Doctrinam
909 3800 934 3843 c.
955 3778 1047 3857 1-6‚
1071 3787 1206 3865 excepta
1222 3805 1302 3865 par-

116 3892 215 3957 ticula
239 3893 266 3971 1,
284 3893 380 3968 3—2‚
400 3890 428 3968 1,
456 3895 488 3955 et
509 3887 654 3953 libellum
677 3884 836 3948 iudaicum
857 3884 1045 3947 verbotenus
1068 3884 1135 3948 fere
1157 3885 1244 3949 inter
1268 3910 1303 3952 se

188 4050 201 4102 1
220 4048 308 4112 Funlr,
328 4040 648 4113 Kircheapcscbiclvtlicbe
665 4037 882 4105 Abhondlunpen
901 4035 933 4099 ll,
956 4034 1101 4090 las-lar.

186 4134 202 4186 2
221 4135 378 4200 Zeitaclrrift
398 4133 448 4199 far
464 4130 508 4183 die
530 4123 737 4181 mammeae.
761 4121 956 4188 Wieseaactost
977 4122 1035 4175 und
1059 4122 1102 4175 dic
1122 4122 1225 4179 Kana
1246 4127 1296 4182 des

123 4221 349 4276 Urclvristemums
366 4218 392 4272 Π
410 4216 509 4287 (1901),
528 4212 639 4267 58-72.
