2834 5018
426 639 651 694 MARTYRIUM
670 640 695 694 S.
716 639 929 696 POLYCARPI.
1223 644 1263 709 01

89 818 335 883 Accuratissime
369 817 407 880 de
441 818 624 898 quaestione
661 818 730 903 egit
762 817 947 903 Lightfoot¹
985 823 1017 882 et
1049 818 1196 882 similiter
1228 840 1265 882 ac

87 923 304 1008 Waddington
321 923 363 987 ad
385 945 503 986 annum
520 924 582 987 155
605 923 755 1006 pervenit.
802 922 992 1006 Nuperrime
1012 922 1106 997 huius
1129 922 1264 987 chrono-

88 1029 200 1113 logiam
233 1030 275 1093 ad
307 1029 408 1091 vitam
438 1026 588 1091 Aristidis
617 1031 812 1111 spectantem
845 1026 914 1091 Gul.
946 1024 1101 1091 Schmid²
1130 1026 1265 1091 correxit

88 1140 179 1220 atque
202 1156 241 1198 ex
263 1136 359 1217 parte
381 1131 618 1196 Massonianam
640 1132 788 1196 restituit.
836 1130 892 1196 Sin
915 1135 1021 1195 autem
1043 1130 1264 1215 Waddington

88 1239 122 1302 de
143 1239 201 1303 illo
224 1238 355 1302 rhetore
385 1258 453 1301 sese
476 1236 644 1312 fefellerit,
677 1241 803 1321 tempus
833 1237 944 1301 mortis
966 1235 1136 1320 Polycarpi
1160 1258 1264 1302 errore

86 1366 145 1408 non
167 1343 325 1426 tangitur.
373 1339 453 1405 Cum
477 1340 596 1405 Statius
620 1341 814 1417 Quadratus,
846 1340 956 1424 quiin
978 1340 1132 1424 Martyrio
1158 1341 1264 1405 locum

85 1446 283 1531 proconsulis
306 1445 404 1510 Asiae
434 1446 572 1522 obtinet,
606 1445 691 1510 haud
723 1446 816 1511 dubie
845 1446 929 1509 idem
958 1447 1000 1510 sit
1031 1469 1102 1511 cum
1130 1468 1176 1524 eo,
1210 1446 1263 1529 qui

86 1575 111 1615 a.
137 1552 200 1615 142
224 1551 336 1616 consul
358 1550 435 1624 fuit,
468 1573 601 1634 cumque
624 1551 676 1615 hic
697 1550 925 1635 proconsulatu
948 1555 1032 1614 certe
1061 1551 1143 1615 inter
1165 1571 1264 1614 annos

88 1656 259 1720 151-160
283 1655 469 1738 fungeretur
492 1677 528 1719 ac
543 1655 738 1738 Polycarpus
763 1654 812 1718 die
835 1657 886 1720 23.
904 1654 1067 1720 Februarii
1090 1655 1264 1740 etquidem

87 1760 219 1824 sabbato
235 1764 421 1834 moreretur,
437 1759 505 1823 iure
520 1760 697 1843 meritoque
712 1759 798 1823 illius
816 1759 1073 1842 proconsulatum
1092 1761 1131 1824 ad
1147 1781 1264 1824 annum

88 1866 258 1929 154-155
283 1869 316 1928 et
338 1864 431 1927 huius
455 1868 590 1926 mortem
613 1865 653 1927 ad
676 1886 793 1928 annum
818 1863 880 1927 155
903 1864 1085 1940 referimus,
1110 1886 1172 1948 quo
1196 1863 1264 1927 solo

86 1970 137 2033 illo
170 1968 328 2058 temporis
362 1967 466 2052 spatio
489 1968 567 2031 dies
601 1970 652 2032 23.
677 1968 842 2033 Februarii
875 1968 908 2031 in
941 1970 1109 2033 sabbatum
1143 1968 1262 2033 incidit.

88 2073 214 2138 Schmid
238 2073 366 2157 quidem
389 2073 530 2148 coniecit,
555 2073 777 2156 proconsulem
799 2073 832 2136 in
855 2072 1009 2155 Martyrio
1036 2095 1262 2138 commemora-

87 2184 149 2243 tum
173 2179 310 2243 fortasse
333 2177 373 2241 A.
389 2177 544 2242 Avillium
560 2176 742 2242 Urinatium
758 2176 953 2252 Quadratum
974 2199 1052 2253 esse,
1078 2178 1132 2261 qui
1154 2199 1181 2240 a.
1201 2177 1263 2240 156

87 2283 193 2346 consul
228 2281 384 2346 suffectus
414 2281 494 2359 fuit,
528 2287 560 2346 et
582 2306 609 2346 a.
637 2283 808 2346 165-166
841 2283 1036 2365 provinciam
1065 2281 1175 2347 Asiam
1205 2282 1262 2345 ad·

88 2388 281 2450 ministrasse
304 2387 412 2471 putari
435 2394 551 2471 posset,
575 2389 621 2452 ita
643 2391 679 2452 ut
702 2388 908 2472 chronologia
923 2386 1126 2452 Massoniana
1148 2385 1263 2450 confir·

88 2495 233 2554 maretur.
280 2491 357 2556 Non
379 2497 428 2556 est
450 2497 566 2569 autem,
591 2515 646 2557 cur
668 2494 857 2569 dubitemus,
880 2492 1103 2576 proconsulem
1126 2489 1264 2555 Statium

90 2592 283 2669 Quadratum
315 2593 429 2671 fuisse,
463 2617 656 2680 quamquam
687 2602 784 2661 testes
817 2597 897 2661 illud
927 2618 1040 2661 nomen
1069 2618 1132 2660 non
1155 2616 1263 2659 omnes

88 2704 169 2762 recte
191 2698 342 2773 tradunt,
375 2721 457 2763 unus
480 2701 612 2776 omittit,
643 2700 694 2764 vel
717 2706 910 2777 statuamus,
935 2705 1095 2765 auctorem
1117 2699 1264 2782 Martyrii

89 2803 122 2866 de
145 2803 274 2867 nomine
295 2803 456 2887 gentilicio
479 2827 547 2869 sese
563 2804 726 2870 fefellisse.
773 2805 885 2870 Altera
905 2828 944 2869 ex
964 2810 1055 2887 parte
1071 2804 1104 2869 6.
1121 2804 1162 2867 H.
1180 2803 1263 2867 'Fur-

88 2906 161 2970 ner³
184 2907 328 2970 invenire
357 2907 419 2972 sibi
448 2908 535 2973 visus
567 2914 628 2985 est,
661 2909 780 2973 festum
803 2908 989 2973 Iudaeorum
1019 2908 1145 2981 Purim,
1179 2906 1263 2989 quod

88 3015 227 3095 tempore
256 3011 400 3094 martyrii
424 3012 617 3078 celebratum
648 3013 746 3077 fuisse
777 3013 849 3077 inde
878 3012 1054 3096 colligitur,
1088 3011 1173 3094 quod
1197 3011 1263 3073 dies

88 3117 195 3180 mortis
211 3117 381 3195 sabbatum
397 3138 549 3201 magnum
566 3117 747 3201 appellatur
769 3119 823 3198 (cf.
840 3119 933 3183 Mart.
951 3118 980 3194 8,
999 3113 1040 3196 1),
1064 3137 1127 3179 non
1143 3138 1171 3179 a.
1191 3116 1262 3188 155,

88 3222 188 3285 seda.
218 3220 280 3285 156
304 3220 337 3284 in
359 3227 483 3304 partem
506 3223 671 3288 Februarii
693 3225 821 3287 tertiam
844 3222 1006 3296 incidisse,
1038 3224 1070 3283 et
1092 3219 1263 3283 secundum

87 3326 200 3389 mensis
224 3325 376 3390 Xanthioi
398 3326 480 3390 diam
506 3324 559 3407 (cf.
583 3327 677 3391 Mart.
703 3328 754 3403 21,
780 3325 811 3408 1)
844 3347 925 3390 anno
956 3322 1137 3387 intercalari
1167 3323 1263 3387 etiam

88 3429 167 3493 diem
189 3431 242 3493 22.
267 3428 432 3494 Februarii
455 3452 532 3508 esse,
558 3429 770 3513 Polycarpum
796 3451 872 3514 ergo
895 3429 956 3492 hoc
979 3428 1028 3492 die
1051 3450 1079 3491 a.
1098 3427 1160 3490 156
1175 3448 1262 3489 mor·

87 3538 173 3598 tuum
197 3555 266 3598 esse
290 3534 398 3597 videri
444 3533 526 3598 Mihi
549 3535 676 3619 quidem
698 3556 762 3598 nou
782 3534 956 3617 persuasit,
989 3532 1134 3615 relinquo
1156 3536 1262 3595 autem

87 3635 166 3702 hanc
189 3637 408 3722 quaestionem
429 3637 484 3715 iis,
518 3639 572 3722 qui
593 3639 628 3703 in
649 3639 744 3703 rebus
767 3637 952 3702 calendariis
980 3657 1109 3720 operam
1133 3637 1258 3698 navant

654 3811 694 3875 II.

172 3950 364 4033 Martyrium
386 3951 450 4016 iam
472 3950 629 4014 Eusebius
651 3949 732 4034 legit
753 3955 785 4014 et
807 3949 959 4013 maiorem
981 3952 1118 4033 partem,
1143 3945 1263 4011 scilicet

86 4060 211 4137 praeter
241 4055 480 4139 inscriptionem
503 4058 534 4117 et
556 4053 684 4118 initium
715 4076 801 4132 eam,
833 4055 866 4118 iu
893 4077 956 4138 qua
988 4053 1091 4117 exitus
1115 4074 1139 4115 s.
1163 4050 1261 4133 Poly-

156 4246 169 4299 1
192 4243 249 4298 lue
266 4244 363 4311 Apost.
382 4241 500 4297 Fatbers
517 4241 551 4305 Π,
570 4242 591 4304 Ι,
610 4241 757 4297 629-702.
793 4242 946 4303 Auctores,
976 4239 1025 4305 qui
1051 4238 1262 4308 chronologiam

86 4329 379 4399 Waddingtoniauam
398 4329 581 4397 respicientes
599 4334 712 4397 tempus
727 4330 856 4397 martyrii
874 4332 958 4382 antea
976 4326 1171 4394 inquisierunt,
1192 4325 1261 4379 ibid.

85 4434 111 4486 p.
131 4417 183 4471 650
202 4413 415 4468 commemorati
434 4418 507 4468 sunt.

154 4501 172 4553 2
190 4501 366 4556 Rteiniscbes
384 4502 513 4556 Muscam
528 4505 577 4569 sltr
595 4502 745 4573 Philolopic
764 4502 831 4557 1893
849 4520 876 4571 p.
895 4502 1008 4557 53-83.

154 4590 172 4644 3
191 4587 291 4642 Studia
307 4586 416 4641 biblica
433 4587 460 4640 11
477 4588 578 4657 (1890),
600 4589 743 4644 105-129.
