2834 5018
482 665 552 722 sm.
572 668 644 732 vm,
663 667 688 732 a,
707 667 784 731 a-a,
802 669 827 722 a
1173 672 1236 737 565

61 867 163 911 suam.
209 849 238 911 8.
263 846 325 923 Qui
358 847 464 932 virgas
492 847 607 911 virides
638 849 862 929 porrexerunt,
897 845 1005 930 quales
1039 852 1236 929 acceperunt,

61 951 97 1014 hi
120 956 193 1016 sunt
216 952 317 1016 sancti
339 955 371 1015 et
401 952 477 1016 iusti
500 956 532 1016 et
554 951 608 1032 qui
630 951 663 1014 in
684 972 766 1034 pura
799 953 904 1014 mente
936 950 1176 1016 ambulaverunt
1206 956 1238 1016 et

62 1058 213 1120 mandata
236 1057 354 1121 domini
377 1056 602 1120 custodierunt.
649 1054 801 1138 Reliquas
825 1058 931 1118 autem
953 1075 1140 1139 cognosces,
1166 1078 1237 1120 cum

63 1161 302 1226 consideravero
325 1161 384 1226 has
406 1162 523 1245 virgas,
548 1182 630 1244 quae
652 1159 816 1243 plantatae
839 1164 872 1223 et
893 1159 1043 1243 irrigatae
1066 1163 1148 1223 sunt.

149 1261 188 1330 4.
212 1267 257 1330 Et
270 1288 388 1349 paucos
403 1270 479 1349 post
493 1265 559 1328 dies
574 1264 716 1329 venimus
738 1264 772 1327 in
787 1263 901 1341 locum,
925 1268 957 1328 et
972 1264 1113 1328 consedit
1127 1269 1263 1348 pastore

60 1370 96 1433 in
128 1368 198 1434 loco
234 1370 355 1455 augeli,
389 1374 421 1434 et
454 1390 514 1453 ego
551 1369 678 1434 constiti
711 1369 800 1432 iuxta
834 1390 914 1433 eum.
960 1370 1004 1433 Et
1034 1369 1111 1433 dicit
1140 1369 1236 1432 mihi:

61 1473 236 1558 Praecinge
267 1480 299 1539 te
330 1477 450 1540 sabano
483 1479 515 1538 et
546 1475 691 1538 ministra
712 1473 800 1537 mihi.
846 1473 1012 1537 Praeciuxi
1039 1495 1090 1537 me
1119 1472 1238 1537 sabano

61 1579 189 1655 mundo,
213 1579 297 1661 quod
321 1600 338 1642 e
360 1601 452 1645 sacco
475 1580 596 1646 factum
620 1580 732 1645 fuerat.
779 1583 809 1644 2.
834 1578 913 1645 Cum
942 1586 1048 1645 autern
1074 1582 1237 1665 praecinc-

61 1687 132 1747 tum
153 1705 204 1747 me
233 1684 354 1748 videret
387 1708 424 1750 ac
447 1690 595 1769 paratum
628 1686 828 1749 ministrandi
851 1686 900 1763 ei,
924 1686 987 1749 ait:
1020 1685 1110 1750 Voca
1142 1686 1236 1762 viros,

63 1809 197 1872 quorum
219 1793 294 1852 sunt
326 1790 434 1872 virgae
461 1790 643 1873 plantatae,
668 1792 840 1855 secuudum
862 1792 1020 1867 ordinem,
1054 1792 1135 1855 sicut
1168 1791 1238 1874 quis
1253 1806 1278 1843 1⁰

62 1892 149 1956 dedit
170 1893 286 1978 virgas.
332 1894 376 1957 Et
399 1895 462 1959 abii
485 1896 518 1958 in
542 1917 688 1979 campum
712 1902 745 1960 et
763 1897 873 1961 vocari
895 1917 1016 1963 omnes:
1041 1900 1073 1959 et
1088 1897 1238 1960 constite-

60 2000 137 2061 runt
159 1997 277 2082 singuli
300 1998 432 2062 ordines,
479 2001 509 2064 3.
533 2000 622 2065 Dicit
649 2000 708 2064 iis:
738 2000 965 2084 Unusquisque
996 2022 1086 2064 suam
1115 2000 1239 2084 virgam

62 2102 210 2165 extrahat
232 2107 264 2166 et
286 2102 401 2167 afferat
422 2104 463 2167 ad
484 2126 544 2168 me.
590 2107 620 2169 4.
645 2105 744 2169 Primi
764 2106 963 2169 tradidenmt
978 2106 1032 2188 qui
1056 2105 1159 2168 aridas
1174 2105 1238 2168 vir-

61 2227 121 2290 gas
144 2210 177 2269 et
198 2207 354 2288 praecisas
377 2207 572 2286 habuerant,
599 2231 733 2293 cumque
756 2209 816 2273 hae
838 2210 983 2272 inventae
1006 2212 1111 2272 essent
1133 2209 1238 2271 aridae

61 2314 96 2373 et
124 2310 296 2392 praecisae,
329 2311 421 2376 iussit
453 2334 506 2378 eos
530 2335 671 2378 seorsum
693 2320 786 2379 stare.
834 2315 863 2378 5.
888 2313 1010 2378 Deinde
1030 2317 1240 2397 porrexerunt
1253 2328 1278 2365 1⁶

63 2414 119 2498 qui
142 2415 245 2478 aridas
268 2420 300 2479 et
321 2438 386 2481 non
408 2420 567 2502 praecisas
581 2420 777 2485 habuerant:
801 2420 900 2504 aliqui
923 2423 1029 2482 autem
1048 2439 1087 2481 ex
1109 2417 1147 2480 iis
1163 2438 1238 2500 por·

60 2523 212 2582 rexerunt
234 2520 340 2604 virgas
362 2522 487 2599 virides,
514 2524 613 2607 aliqui
636 2525 740 2588 aridas
763 2530 795 2589 et
816 2523 976 2608 praecisas
999 2521 1087 2586 velut
1110 2521 1238 2586 abinea.

60 2622 129 2687 Eos
158 2621 272 2705 igitur,
307 2624 360 2707 qui
382 2626 497 2689 virides
520 2632 747 2709 porrexerunt,
782 2629 874 2692 iussit
897 2649 1038 2691 seorsum
1062 2632 1160 2703 stare,
1186 2647 1239 2688 eos

62 2729 187 2803 autem,
223 2727 278 2809 qui
301 2729 404 2793 aridas
427 2734 459 2793 et
492 2731 650 2813 praecisas
676 2732 890 2807 tradiderunt,
925 2731 1017 2795 iussit
1050 2735 1134 2795 stare
1169 2750 1239 2793 cum
1273 2752 1278 2761 ·

61 2830 183 2917 primis.
231 2834 259 2895 6.
285 2832 406 2897 Deinde
429 2839 637 2916 porrexerunt
659 2835 700 2911 ii,
735 2837 790 2919 qui
812 2835 995 2900 semiaridas
1028 2839 1061 2898 et
1086 2834 1239 2898 habentes
1253 2846 1279 2884 2⁰

61 2935 214 3000 scissuras
245 2936 436 3012 habuerant3
471 2942 503 3002 et
538 2938 629 3002 multi
659 2961 698 3002 ex
728 2940 767 3003 iis
799 2940 914 3004 virides
943 2942 1151 3022 porrexerunt
1183 2958 1240 3001 nec

62 3040 218 3104 scissuras
240 3041 411 3117 habeutes;
447 3042 546 3126 aliqui
578 3065 651 3106 vero
680 3043 795 3107 virides
825 3048 857 3107 et
888 3044 1055 3127 pampinos
1087 3026 1239 3106 habentes

63 3148 96 3208 et
118 3144 151 3207 in
174 3145 332 3228 pampinis
355 3145 486 3222 fructus,
512 3146 622 3229 quales
644 3147 806 3212 habebant
829 3148 937 3230 quiin
960 3148 1072 3211 turrim
1095 3146 1240 3211 abierunt

62 3249 221 3321 coronati3
245 3249 299 3312 alii
321 3254 530 3332 porrexerunt
553 3250 657 3314 aridas
680 3255 711 3314 et
735 3272 892 3325 corrosas,
918 3250 973 3314 alii
995 3251 1099 3313 aridas
1122 3252 1154 3312 et
1175 3269 1238 3311 non

62 3374 216 3429 corrosas,
241 3352 296 3416 alii
319 3353 501 3416 semiaridas
532 3357 564 3416 et
587 3354 739 3417 scissuras
761 3354 924 3419 habentes.
971 3353 1068 3417 lussit
1098 3373 1150 3415 eos
1178 3373 1238 3414 un·
1252 3365 1279 3405 π

65 3480 279 3542 umquemque
302 3463 385 3521 stare
408 3479 557 3535 seorsum,
583 3458 663 3522 alios
679 3460 719 3522 ad
735 3481 809 3523 suos
825 3459 959 3533 ordines,
985 3457 1064 3521 alios
1087 3477 1238 3519 seorsum.

153 3665 190 3732 ὅ.
215 3668 335 3731 Deinde
357 3672 566 3751 porrexerunt
589 3667 644 3748 qui
666 3667 844 3732 habuerant
875 3666 989 3730 virides
1019 3665 1143 3749 quidem
1174 3664 1238 3727 vir-

63 3793 139 3858 gas,
175 3774 228 3837 sed
258 3774 410 3839 scissuras
441 3773 609 3851 habentes3
643 3772 678 3835 hi
709 3795 817 3836 omnes
846 3772 961 3835 virides
983 3770 1181 3833 tradiderunt
1202 3788 1240 3830 ac

64 3881 222 3942 steterunt
244 3878 277 3940 in
300 3898 357 3941 suo
379 3877 497 3940 ordine.
544 3876 658 3940 Pastor
680 3881 785 3941 autem
809 3878 846 3941 de
861 3876 900 3940 iis
924 3874 1052 3959 gavisus
1074 3876 1131 3947 est,
1155 3870 1238 3952 quod

64 4003 174 4045 omnes
196 3983 310 4046 mutati
333 3986 407 4046 sunt
429 3986 461 4045 et
482 3982 634 4045 scissuras
658 4005 731 4045 suas
763 3981 984 4064 deposuerunt.
1030 3978 1060 4039 2.
1084 3975 1238 4039 Porrexe-
1253 3993 1278 4028 ³0

64 4091 141 4150 runt
172 4106 245 4149 vero
276 4085 299 4148 ii
323 4106 465 4168 quoque,
498 4085 551 4169 qui
583 4086 746 4149 dimidium
776 4086 890 4160 viride,
923 4080 1086 4147 dimidium
1117 4078 1240 4141 aridum

136 4272 275 4327 thecles.
297 4273 336 4336 12,
358 4273 396 4327 13.

99 4447 127 4511 4,
145 4447 170 4498 4.
190 4445 225 4497 cf.
245 4459 268 4496 c.
287 4444 311 4505 6,
329 4445 354 4496 4.
667 4441 772 4495 similes
791 4442 860 4494 fact-i
878 4442 968 4495 erant.
1005 4441 1046 4495 cf.
1064 4456 1089 4492 v.
1110 4441 1140 4492 5:
1169 4437 1240 4508 μετὰ

100 4536 125 4586 5.
144 4534 215 4605 πρὸς
233 4532 267 4588 τὰ
285 4529 339 4588 ἴδια
362 4529 500 4601 τάγματα]
525 4530 543 4583 i.
562 4546 584 4583 e.
605 4530 640 4583 ad
667 4538 724 4586 τῶν
741 4528 861 4601 πρώτων
878 4533 1023 4597 σταθῆναι,
1043 4543 1065 4579 c.
1084 4528 1108 4589 5,
1129 4526 1203 4580 1-5.

65 4636 131 4682 eos,
160 4619 263 4686 quibus
290 4615 495 4687 paenitentiam
523 4618 640 4685 agentes
