2834 5018
177 334 241 398 284
602 330 745 387 IGNATII
763 330 940 386 EPISTULA

264 509 303 573 X.
328 505 460 571 Φίλωνα
493 509 546 570 καί
576 506 664 571 Ῥέον
696 507 919 591 Ἀγαθὸπουν,
952 508 981 569 οἳ
1011 507 1278 592 ἑπηκολοῦθησάν
1309 529 1363 591 μοι

178 613 221 688 είς
244 611 338 694 λέγον
362 615 452 691 θεοῦ,
475 612 582 688 καλῶς
605 613 772 696 ἐποιήσατε
794 612 1016 696 ὑποδεξάμενοι
1039 611 1081 686 ὡς
1103 611 1269 687 διακόνους
1284 610 1362 694 Χρι-

178 728 252 781 στοῦ
277 721 374 784 θεοῦ·
398 718 428 780 οἳ
450 719 503 780 καί
527 719 761 800 εὐχαριστοῦσιν
784 726 828 801 τῷ
852 717 949 800 κυρίῳ
970 717 1047 799 ὑπὲρ
1063 717 1158 800 ὑμῶν,
1182 719 1229 780 ὅτι
1246 719 1362 792 αὐτοὺς

178 823 376 886 ἀνεπαύσατε
405 825 487 885 κατὰ
519 822 622 885 πάντα
651 822 774 905 τρόπον.
820 823 909 886 οὐδέν
941 822 1010 904 ὑμῖν
1043 823 1079 884 οὐ
1111 824 1153 906 μὴ
1184 822 1360 885 ἀπολεῖται.

150 931 207 993 ι2.
232 927 403 1009 ἀντίψυχον
435 926 521 1009 ὑμῶν
552 927 588 988 τὸ
619 927 741 1009 πνεῦμά
770 947 829 1008 μου
858 929 911 990 καί
943 929 982 989 τά
1012 927 1112 1010 δεσμοί
1139 948 1216 1009 μου,
1247 928 1270 990 ἀ
1300 928 1361 1009 οὐχ

177 1032 438 1116 ὑπερηρανῆσατε
459 1032 531 1094 οὐδὲ
559 1031 791 1115 ἐπησχῦνθητε.
837 1033 909 1095 οὐδὲ
931 1032 1010 1114 ὑμᾶς
1034 1030 1360 1115 ἐπαισχυνθίγσεταιῆ

176 1135 281 1199 τελεία
303 1136 413 1215 πίστις,
439 1135 559 1220 Ἰησοῦς
581 1135 726 1219 Χριστός.

265 1244 320 1308 XI.
346 1239 385 1303 ‘H
407 1244 567 1324 προσευχὴ
597 1241 683 1325 ὑμῶν
707 1239 852 1325 ἀπῆλθεν
888 1240 936 1303 ἐπί
960 1243 1015 1322 τὴν
1046 1238 1216 1324 ἐκκλησίαν
1244 1243 1302 1323 τὴν
1327 1240 1359 1303 ἐν

177 1344 354 1429 Ἀντιοχείᾳ
376 1355 431 1429 τῆς
457 1344 587 1428 Συρίας,
622 1348 699 1412 ὅθεν
727 1344 889 1428 δεδεμένος
918 1346 1200 1427 θεοπρεπεστάτοις
1232 1347 1359 1429 δεσμοῖς

138 1475 162 1511 ιο
176 1449 295 1526 πάντας
318 1451 513 1534 ἀσπάζομαι,
546 1452 604 1513 οὐκ
626 1451 670 1514 ὢν
700 1449 784 1526 ἄξιος
815 1449 939 1515 ἐκεῖθεν
963 1448 1056 1528 είναι,
1089 1451 1222 1532 ἔσχατος
1253 1451 1359 1513 αὐτῶν

176 1554 237 1617 ὢν·
269 1557 352 1617 κατά
384 1553 512 1639 θέλημα
534 1556 569 1618 δέ
600 1555 819 1640 κατηξιώθην,
853 1556 911 1617 οὐκ
934 1555 971 1617 ἐκ
1000 1555 1190 1634 συνειδότος,
1223 1552 1298 1617 ἀλλ’
1322 1554 1359 1616 ἐκ

175 1658 301 1741 χάριτος
325 1661 413 1740 θεοῦ,
437 1661 475 1743 ίΙν
499 1662 631 1743 εὔχομαι
661 1659 782 1723 τελείαν
805 1681 856 1741 μοι
885 1661 1033 1742 δοθῆναι,
1055 1659 1108 1721 ἵνα
1137 1656 1169 1720 ἐν
1198 1667 1237 1741 τῆ
1260 1678 1358 1740 προο-

175 1773 254 1846 ευχῆ
285 1764 371 1847 ὑμῶν
402 1768 482 1830 θεοῦ
512 1764 659 1846 ἐπιτύχω.
705 1767 734 1829 2.
757 1765 809 1826 ἵνα
838 1761 892 1827 οὖν
922 1762 1038 1826 τέλειον
1061 1764 1147 1846 ὑμῶν
1170 1760 1299 1846 γένηται
1323 1763 1357 1824 τδ

175 1871 266 1953 ἔργον
290 1871 343 1932 καί
367 1868 417 1932 ἐπί
448 1879 506 1954 γῆς
528 1871 581 1932 καί
605 1869 637 1932 ἐν
661 1870 802 1951 οὐρανῷ,
834 1866 943 1951 πρέπει
966 1868 1008 1941 είς
1035 1871 1124 1951 τιμὴν
1149 1869 1228 1933 θεοῦ
1252 1885 1357 1949 χειρο-

137 1994 162 2032 ιι
176 1984 304 2058 πονῆσαι
326 1977 382 2057 τὴν
406 1973 579 2059 ἐκκλησίαν
602 1974 687 2055 ὑμῶν
712 1972 958 2057 θεοπρεσβίιτην,
982 1973 1024 2047 είς
1046 1974 1082 2034 τὸ
1104 1973 1273 2056 γενέμενον
1298 1973 1357 2047 ἕως

175 2075 289 2160 Συρίας
312 2088 506 2162 συγχαρῆναι
529 2079 644 2156 αὐτοῖς,
668 2079 715 2139 ὅτι
739 2075 946 2159 είρηνείιουσιν
968 2079 1021 2138 καί
1038 2075 1196 2160 ἀπέλαβον
1220 2078 1257 2139 τὸ
1279 2075 1356 2138 ἴδιον

176 2180 313 2265 μέγεθος
335 2184 388 2245 καί
413 2181 660 2265 ἀπεκατεστάθη
685 2182 789 2255 αὐτοῖς
811 2182 846 2242 τδ
869 2181 945 2244 ἴδιον
970 2191 1153 2263 σωματεῐον.
1198 2185 1229 2248 3.
1256 2180 1355 2264 ἐμάνη

175 2307 226 2370 μοι
250 2285 304 2350 οὖν
328 2287 413 2364 ἀξιον
428 2298 567 2371 πρᾶγμα,
589 2285 709 2370 πέμψαι
733 2287 802 2349 τινά
824 2295 886 2349 τῶν
909 2283 1063 2367 ὑμετέρων
1087 2283 1155 2367 μετ’
1179 2283 1355 2369 ἐπιστολῆς,

175 2391 227 2453 ίνα
250 2390 424 2475 συνδοξάση
457 2395 513 2475 τὴν
535 2392 619 2454 κατὰ
646 2391 723 2456 θεὸν
746 2391 850 2463 αὐτοῖς
879 2389 1047 2473 γενομένην
1077 2389 1199 2468 εὐδίαν,
1230 2392 1286 2452 καί
1310 2393 1355 2453 ὅτι

136 2516 162 2554 ιο
175 2492 298 2577 λιμένος
324 2495 384 2580 ἤδη
408 2496 577 2581 ἐτύγχανεν
604 2504 643 2578 τῆ
665 2504 825 2577 προσευχῆ
855 2494 951 2578 ὑμῶν.
997 2493 1108 2557 τέλειοι
1136 2497 1224 2568 ὄντες
1251 2494 1356 2559 τέλεια

174 2599 228 2660 καί
251 2608 401 2681 φρονεῖτε.
447 2600 595 2666 θέλουσιν
617 2599 679 2682 γάρ
702 2597 772 2680 ὑμῖν
795 2598 979 2678 εὐπράσσειν
1004 2599 1079 2672 θεὸς
1108 2598 1231 2680 έτοιμος
1254 2599 1299 2674 είς
1320 2601 1355 2662 τὸ

174 2714 358 2786 παρασχεῖν.

264 2810 333 2875 XII.
359 2807 550 2885 Ἀσπάζεται
573 2805 688 2891 ὑμᾱςη
711 2805 818 2889 ἀγάπη
835 2815 896 2870 τῶν
921 2805 1066 2888 ἀδελφῶν
1081 2815 1144 2870 τῶν
1168 2807 1200 2871 ἐν
1219 2806 1354 2890 Τρωάδι,

174 2913 252 2977 ὅθεν
275 2915 329 2976 καί
351 2914 464 2998 γράιρω
487 2914 557 2995 ὑμῖν
581 2913 632 2976 διά
647 2909 799 2992 Βοῦρρον,
823 2910 857 2972 δν
880 2909 1085 2973 ἀπεστείλατε
1107 2909 1173 2994 μετ’
1196 2910 1275 2994 ἐμοῦ
1291 2915 1356 2995 ἅμα

136 3037 161 3075 ει
175 3014 340 3097 Ἐφεσίοις,
363 3025 428 3092 τοῖς
451 3016 598 3098 άδελροῖς
620 3015 717 3097 ὑμῶν,
741 3014 774 3088 δς
796 3015 879 3076 κατὰ
901 3014 1004 3076 πάντα
1027 3035 1066 3098 με
1089 3013 1278 3078 ἀνέπαυσεν.
1301 3016 1354 3078 καί

174 3118 288 3201 ὄφελον
311 3121 424 3196 πάντες
447 3122 541 3183 αὐτὸν
558 3120 733 3203 ἐμιμοῦντο,
757 3120 831 3180 ὄντα
856 3117 1059 3200 ἐξεμπλάριον
1080 3122 1160 3184 θεοῦ
1183 3119 1355 3195 διακονίας.

245 3276 257 3327 1
274 3273 357 3332 ίΡέον
377 3273 398 3327 L
412 3273 518 3332 2‘Pr'wv
536 3274 573 3338 G,
593 3273 680 3330 Γάϊον
698 3290 729 3341 g,
749 3274 867 3342 Agrium
886 3277 917 3336 A,
932 3275 966 3344 Ι-
977 3277 1024 3330 καί
1041 3274 1116 3344 LAg
1138 3277 1142 3342 Ι
1165 3277 1210 3340 23
1230 3279 1356 3349 Χριστοῦ

174 3359 220 3415 GL
233 3379 239 3413 ι
252 3365 287 3428 >
300 3364 325 3415 A
340 3362 344 3432 Ι
360 3364 377 3417 3
396 3360 491 3431 ἀμῶνε
506 3366 583 3433 ημῶν
602 3363 626 3418 G
642 3363 646 3433 Ι
662 3363 679 3416 6
699 3361 900 3433 ἐπαισχύνθητε
915 3364 939 3418 G
955 3366 958 3432 Ι
976 3364 990 3416 7
1009 3368 1101 3431 πίστις
1114 3364 1178 3420 GL:
1191 3364 1272 3433 ἐλπίς
1284 3369 1309 3418 A
1319 3384 1338 3435 g
1350 3367 1354 3432 ξ

175 3449 206 3502 11
227 3441 268 3504 ὧν
287 3449 311 3502 G
327 3449 331 3517 Ι
349 3449 379 3505 δὲ
398 3451 444 3504 GL
459 3468 465 3502 :
479 3450 536 3502 iam
554 3452 586 3511 A,
597 3454 631 3517 >
644 3469 676 3519 g,
696 3451 730 3520 -Ι-
743 3456 813 3507 θεοῦ
831 3451 859 3512 L,
878 3471 934 3519 μου
954 3454 978 3503 A
1000 3454 1004 3517 Ι
1026 3454 1192 3519 συνειδότος
1206 3471 1212 3505 ι
1226 3455 1356 3510 ampod-

173 3554 229 3600 τως
248 3535 280 3596 G,
299 3541 478 3606 συνειδήσεως
497 3537 593 3606 ghor)
609 3540 613 3605 Ι
631 3539 664 3591 14
681 3541 729 3593 καί
746 3541 823 3605 pr>
842 3540 866 3591 A
876 3555 895 3606 g
911 3540 914 3607 Ι
933 3539 964 3591 15
983 3540 1193 3612 θεοπρεσβύτην
1212 3540 1238 3596 G
1249 3557 1269 3610 g
1280 3560 1288 3593 :
1304 3540 1356 3595 deo

173 3622 361 3675 venerabilem
376 3623 405 3686 L,
423 3639 634 3692 praecursorem
647 3625 671 3677 A
688 3626 691 3692 Ι
711 3626 742 3678 18
761 3620 839 3693 ἀξιον
859 3626 882 3679 G
893 3643 912 3694 g
925 3644 931 3677 :
950 3625 1002 3679 deo
1022 3625 1108 3696 digna
1120 3625 1191 3696 LrA)
1209 3628 1213 3698 Ι
1231 3630 1265 3682 20
1279 3627 1356 3701 ἐτέγ·

171 3728 257 3779 χανεν
275 3709 341 3762 GL:
355 3707 507 3781 ἐτύγχανον
525 3711 556 3775 A,
576 3712 709 3783 τετύχηκα
728 3730 747 3781 g
763 3713 766 3782 Ι
783 3713 817 3765 24
837 3712 965 3785 Boi-9901>
984 3713 1150 3787 ΙιτΒάρρου
1170 3715 1202 3775 G,
1225 3717 1357 3789 Βούργοο

175 3811 200 3861 g,
221 3795 357 3863 Byrdium
374 3798 400 3847 A

208 3931 240 3993 X,
262 3934 283 3985 l.
305 3933 346 3986 cf.
366 3932 476 3987 Philad.
497 3936 537 3997 11,
559 3937 581 3989 1.
605 3967 640 3974 -
669 3935 879 4009 οάδένίμοῐοοί.
918 3939 958 3993 cf.
978 3939 1048 4008 Eph.
1068 3939 1110 4004 21,
1132 3944 1161 4003 1;
1181 3941 1279 4010 Ροίγο.
1294 3943 1318 4006 6,
1333 3944 1355 3995 1.

173 4019 242 4088 κτλ]
262 4018 278 4071 i.
299 4037 320 4072 e.
342 4037 393 4088 pro
412 4020 541 4075 omnibus
566 4020 622 4074 illis
645 4021 747 4077 benefi-
775 4025 910 4079 Atta-men
937 4026 990 4080 hoc
1016 4025 1078 4080 loco
1107 4030 1136 4080 ei
1164 4027 1260 4097 Polye.
1290 4028 1356 4092 2,3

175 4104 224 4157 ciis
244 4107 399 4159 mercedem
417 4107 560 4176 recipietis
579 4108 707 4177 (Hefele).
775 4112 911 4165 vertenda
930 4130 991 4166 esse
1009 4113 1080 4166 mihi
1103 4114 1263 4170 videbatur.
1305 4116 1355 4171 Ga·

210 4191 233 4241 ’2.
253 4189 415 4263 ἀντίψνχον]
435 4191 497 4245 Vox
517 4209 605 4260 aeque
625 4210 658 4247 ac
675 4201 748 4268 περί·
776 4214 841 4250 reas
861 4203 967 4263 autem,
993 4216 1028 4253 ne
1046 4205 1140 4269 puter,
1160 4203 1306 4272 Igna-tium
1326 4219 1355 4255 se

175 4292 254 4344 ψημα
265 4275 357 4329 minus
369 4277 442 4330 verti
460 4295 544 4345 quam
558 4280 749 4336 circumscribi
775 4284 918 4352 piaculum
936 4286 1051 4355 proprie
1070 4287 1178 4341 dietum
1196 4291 1355 4344 nominare.
