2834 5018
194 329 257 393 110
660 322 673 375 1
692 320 895 376 οιυυυυτιε

193 504 316 585 κύριος,
341 503 381 564 ού
397 499 564 583 βούλομαι
580 499 640 562 τόν
662 496 818 561 θάνατον
833 504 893 560 τοῦ
910 497 1115 583 ἀμαρτωλοῦ
1131 501 1177 577 ὡς
1193 498 1256 580 τήν
1271 496 1371 576 μετεί-

193 626 301 683 νοιαν,
324 603 503 685 προστιθείς
526 603 579 664 καί
602 599 728 684 γνώμην
752 600 897 684 ἀγαθήν·
934 606 962 668 3.
990 602 1257 684 Μετανοήσατε,
1283 601 1371 678 οίκος

193 707 351 792 Ἰσραήλ,
383 708 452 771 ἀπὸ
476 713 534 790 τῆς
558 707 701 786 ἀνομίας
724 709 839 786 ὑμῶν·
874 708 973 770 είπον
996 713 1065 786 τοῖς
1096 709 1180 786 υίοῑς
1203 712 1264 768 τοῦ
1287 704 1372 767 λαοῦ

192 833 279 892 μου·
303 812 391 876 Ἐὰν
415 813 500 875 ὠσιν
523 814 558 874 αί
581 813 741 895 ἁμαρτίαι
763 815 862 892 ὑμῶν
890 812 960 876 ἀπό
982 818 1041 896 τής
1065 818 1125 895 γῆς
1148 812 1212 891 ἕως
1234 817 1295 874 τοῦ
1319 813 1372 872 ού-

168 923 301 1001 ιρανού
326 918 382 979 καί
405 917 466 980 ἐὰν
490 917 576 980 ῶσιν
591 917 796 1001 πυρρότεραι
818 917 944 980 κόκκου
961 917 1017 980 καί
1040 915 1275 999 μελανώτεραι
1292 915 1372 977 σσίκ·

194 1043 266 1099 κου,
291 1022 347 1084 καί
363 1020 592 1104 ἐπιστραφήτε
616 1021 701 1103 πρός
717 1042 760 1100 με
783 1018 820 1099 ἐξ
836 1020 917 1104 ὅλης
933 1027 992 1104 τῆς
1008 1020 1149 1105 καρδίας
1166 1021 1222 1082 καί
1238 1021 1371 1101 εἴπητε

195 1126 325 1210 Πάτερ·
360 1126 596 1205 ίπακούσομαι
625 1128 724 1205 ὑμῶν
753 1127 798 1204 ὡς
822 1124 908 1189 λαοῦ
936 1128 1042 1208 ἁγίου.
1089 1127 1119 1189 4.
1144 1124 1197 1184 καί
1222 1120 1254 1184 έν
1278 1120 1371 1203 ἑτέρῳ

195 1228 280 1311 τόπῳ
304 1226 388 1312 λέγει
411 1231 525 1303 οὕτως·
548 1227 734 1293 Λούσασθε
756 1231 812 1293 καί
836 1229 983 1316 καθαροί
1006 1227 1167 1313 γένεσθε,
1200 1226 1372 1310 ἀφέλεσθε

195 1335 254 1414 τὰς
278 1336 443 1418 πονηρίας
467 1334 536 1398 ἀπὸ
559 1339 629 1397 τῶν
645 1340 769 1416 ψυχῶν
791 1338 890 1415 ὑμῶν
906 1335 1071 1399 ἀπέναντι
1093 1340 1164 1397 τῶν
1179 1331 1374 1416 ὀφθαλμῶν

158 1466 182 1503 ιο
195 1459 280 1517 μου·
305 1437 489 1502 παύσασθε
511 1439 581 1502 ἀπὸ
604 1444 675 1503 τῶν
697 1445 875 1524 πονηριῶν
890 1443 998 1520 ὑμῶν,
1022 1436 1153 1520 μάθετε
1176 1437 1283 1502 καλὸν
1299 1458 1373 1500 ποι·

196 1548 257 1619 εῖν,
282 1541 487 1624 ἐκζητήσατε
503 1545 625 1627 κρίσιν,
648 1541 802 1626 ῥύσασθε
818 1542 1054 1623 ἀδικούμενον,
1079 1546 1215 1627 κρίνατε
1231 1543 1372 1626 ὀρφανῷ

196 1647 251 1708 καί
276 1643 478 1709 όικατώσατε
499 1648 605 1732 χήρᾳ·
639 1650 696 1712 καί
720 1647 815 1712 όεύτε
838 1650 894 1712 καί
919 1647 1181 1731 όιελεγχθῶμεν,
1205 1647 1294 1730 λέγει
1316 1648 1373 1709 κύ-

196 1770 285 1834 ριος·
310 1749 366 1811 καί
390 1748 451 1811 ἐὰν
474 1749 560 1812 ὦσιν
583 1754 618 1814 αί
641 1753 802 1835 ἁμαρτίαι
817 1757 916 1832 ὑμῶν
939 1755 984 1832 ῶς
1002 1759 1190 1835 φοινικοῦν,
1215 1754 1261 1832 ὡς
1277 1751 1375 1832 χιόνα

196 1853 367 1917 λευκανῶ·
404 1852 526 1916 ἐὰνδὲ
552 1855 638 1918 ῶσιν
661 1857 706 1934 ὡς
730 1856 900 1934 κόκκινον,
924 1859 970 1937 ὡς
995 1857 1087 1941 ἔριον
1109 1855 1282 1919 λευκανῶ·
1318 1854 1373 1917 καί

158 1989 184 2026 τι
198 1959 259 2022 ἐὰν
282 1957 406 2041 θέλητε
429 1959 485 2021 καί
510 1959 730 2042 εἰσακούσητέ
751 1981 828 2039 μου,
852 1961 893 2024 τὰ
909 1959 1024 2044 ἀγαθὰ
1047 1967 1105 2043 τῆς
1128 1966 1188 2043 γῆς
1205 1956 1373 2042 φάγεσθε

198 2062 318 2127 ἐὰνδὲ
340 2064 388 2146 μή
415 2061 539 2145 θέλητε
560 2061 647 2146 μηδὲ
670 2065 891 2147 είσακούσητί
917 2086 1000 2145 μου,
1031 2067 1181 2149 μάχαιρα
1204 2069 1292 2145 ὑμᾶς
1315 2084 1375 2126 κα-

197 2168 344 2232 τὲόεται
369 2168 491 2252 τὸγὰρ
517 2169 626 2248 στόμα
643 2170 761 2252 κυρίου
785 2167 952 2251 ἐλάλησεν
967 2176 1081 2233 ταῦτα.
1130 2173 1158 2234 5.
1183 2168 1302 2243 πάντας
1322 2163 1375 2229 οὖν

198 2274 268 2346 τοὺς
291 2273 470 2355 ἀγαπητοὺς
499 2272 595 2334 αὐτοῦ
620 2270 806 2356 βουλόμενος
838 2272 1001 2354 μετανοίας
1024 2282 1189 2355 μετασχεῖν
1220 2271 1376 2357 ἐστήριξεν

198 2384 242 2458 τῷ
266 2384 540 2459 παντοκρατορικῷ
565 2375 736 2462 βουλήματι
760 2378 864 2439 αὐτοῦ.

159 2507 185 2545 ιο
287 2483 340 2547 ΙΧ.
366 2479 421 2543 Διό
444 2479 670 2563 ὑπακούσαιμεν
694 2489 732 2562 τή
755 2479 985 2562 μεγαλοπρεπεῖ
1014 2483 1067 2544 καί
1091 2481 1205 2565 ἐνδόξῳ
1230 2479 1376 2566 βουλήσει

199 2589 304 2667 αὐτοῦ,
327 2588 381 2649 καί
406 2584 504 2648 ἱκέται
520 2585 679 2669 γενόμενοι
702 2593 757 2647 τοῦ
773 2583 879 2659 ἐλέους
902 2587 955 2647 καί
971 2596 1025 2669 τῆς
1048 2587 1257 2670 χρηστότητος
1281 2588 1376 2648 αὐτοῦ

198 2690 422 2774 προσπέσωμεν
445 2692 499 2753 καί
522 2687 756 2771 ἐπιστρέψωμεν
780 2688 829 2751 ἐπί
852 2692 923 2763 τοὺς
940 2689 1114 2772 οίκτιρμοὺς
1138 2692 1243 2767 αὐτοῦ,
1268 2689 1376 2752 ἀπολι·

198 2798 306 2872 πόντες
336 2799 391 2879 τήν
423 2794 647 2879 ματαιοπονίαν
676 2793 732 2876 τήν
761 2814 795 2856 τε
818 2794 880 2875 έριν
909 2795 962 2855 καί
987 2796 1021 2856 τό
1054 2795 1096 2869 είς
1129 2794 1269 2859 θοίνατον
1299 2796 1375 2876 ἄγον

199 2900 302 2985 ζῆλος.
349 2905 378 2967 2.
404 2899 593 2981 ἀτενίσυμεν
618 2899 661 2973 είς
684 2901 754 2973 τοὺς
777 2897 903 2973 τελείως
926 2898 1205 2982 λειτουργήσαντας
1227 2909 1266 2982 τῇ
1282 2919 1376 2982 μεγα·

160 3006 346 3090 ιτλοπρεπεί
370 3004 443 3087 δόξη
472 3005 577 3065 αὐτοῦ.
624 3007 653 3069 3.
678 3001 824 3086 λάβωμεν
849 3001 968 3085 Ἑνώχ,
997 3005 1030 3078 ὃς
1054 3003 1087 3066 ἐν
1110 3004 1234 3087 ὑπακοῇ
1258 3004 1375 3078 δίκαιος

200 3112 339 3193 εὑρεθείς
354 3107 518 3192 μετετέθη,
541 3108 594 3169 καί
611 3107 670 3188 οὐχ
686 3104 801 3189 εὑρέθη
818 3107 913 3168 αὐτοῦ
931 3107 1079 3182 θάνατος.
1126 3112 1156 3173 4.
1180 3106 1254 3171 Νῶε
1270 3108 1375 3181 πιστός

200 3215 339 3297 εὑρεθείς
355 3214 406 3276 διὰ
429 3223 482 3296 τῆς
498 3210 689 3295 λειτουργίας
713 3212 807 3272 αὐτοῦ
824 3209 1066 3295 παλιγγενεσίαν
1090 3212 1199 3295 κόσμῳ
1217 3211 1374 3295 ἐκήρυξεν,

200 3321 252 3382 καί
275 3317 423 3381 διέσωσεν
446 3314 485 3378 δι’
508 3317 603 3378 αὐτοῦ
628 3316 644 3377 ό
667 3314 819 3398 δεσπότης
842 3318 880 3378 τὰ
898 3314 1084 3381 εἰσελθόντα
1111 3316 1142 3380 ἐν
1167 3316 1295 3399 ὁμονοίᾳ
1310 3316 1375 3393 ζῶα

200 3426 242 3500 είς
267 3427 321 3508 τὴν
344 3422 487 3508 κιβωτόν.

270 3562 466 3632 3όμῶνιτοῡ
491 3569 560 3620 λαοῦ
585 3582 641 3630 μου
659 3561 685 3613 Η
709 3562 713 3629 ί
739 3562 884 3633 6καρδίας
903 3563 928 3614 A
947 3560 1031 3615 Clem.
1060 3558 1102 3612 Al.
1131 3557 1216 3612 Paed.
1236 3558 1262 3620 Ι,
1285 3560 1325 3621 10,
1343 3557 1373 3610 91

200 3670 227 3721 μ.
248 3654 310 3709 152:
329 3664 418 3724 ψυχῆς
435 3651 501 3705 HLS
526 3652 530 3715 Ι
557 3652 572 3703 7
591 3655 661 3705 λαοῦ
679 3647 760 3720 ἁγίου
778 3648 804 3700 Η
823 3648 900 3703 Clem
914 3668 920 3701 :
936 3655 994 3705 λαω
1019 3670 1090 3720 αγιιο
1109 3648 1134 3699 A
1159 3647 1162 3715 γ
1187 3647 1268 3702 8καί
1287 3648 1376 3711 A:>

200 3739 268 3794 HLS
286 3739 359 3792 LXX
375 3739 379 3809 ί
396 3738 513 3810 ἀφέλετε
534 3736 560 3789 Η
582 3736 586 3806 ί
610 3735 641 3790 12
658 3740 746 3807 χήραν
765 3735 791 3787 Η
811 3736 816 3807 Ι
837 3741 1029 3806 διαλεχθῶμεν
1048 3733 1073 3786 Η
1098 3734 1102 3802 Ι
1129 3734 1160 3786 12
1180 3733 1376 3805 τιμαόρους)

200 3828 225 3878 Α
241 3831 245 3897 Ι
264 3826 295 3881 18
312 3825 626 3896 μετασγεῐνι-γηυιιαι
639 3822 666 3885 L,
686 3824 719 3894 ήν
736 3823 834 3891 Knopf
847 3824 851 3893 Ι
867 3824 900 3876 26
919 3820 1120 3893 αύτούή-όΗ
1137 3823 1140 3889 ί
1157 3821 1188 3873 27
1208 3820 1252 3876 διό
1272 3832 1320 3889 τῆς
1337 3824 1375 3874 λε

201 3912 231 3970 ἐν
249 3917 283 3985 τῇ
301 3917 458 3989 λειτουργία
476 3913 503 3967 Η

237 4022 260 4074 3.
275 4019 476 4075 Similiaverba
482 4018 511 4071 in
521 4016 639 4070 diversis
648 4016 673 4070 S.
683 4014 774 4084 Scrip·
787 4019 790 4053 f
802 4013 863 4085 (ἐὰν
875 4010 970 4084 ὧσιν);
990 4016 1087 4068 Ierem.
1102 4013 1125 4076 3,
1141 4011 1173 4066 19
1191 4013 1248 4080 (καί
1264 4008 1375 4080 είπητελ

201 4110 284 4161 turae
302 4107 371 4162 locis
390 4106 529 4175 leguntur,
549 4104 658 4158 scilicet
675 4103 773 4158 Ezech.
802 4102 917 4156 Veteres
945 4102 974 4154 in
1003 4100 1154 4169 alleganda
1181 4099 1207 4152 S.
1233 4098 1376 4166 Scriptura

205 4195 252 4258 18,
272 4196 305 4249 30
333 4196 534 4267 (μετανοήσατε
559 4195 645 4264 κτλ.];
672 4194 721 4256 33,
743 4194 774 4247 12
803 4189 916 4256 quidem
934 4188 1072 4242 liberrimi
1086 4192 1151 4240 sunt
1170 4191 1199 4239 et·
1219 4202 1305 4255 saepe
1316 4183 1374 4253 plu-

203 4279 386 4354 (είπονκτλ.);
405 4282 449 4335 Pe.
463 4283 519 4343 102,
532 4282 629 4344 10.11;
643 4281 730 4343 les.1,
743 4280 774 4333 18
801 4279 878 4331 ribus
897 4276 967 4330 locis
987 4294 1075 4329 unum
1095 4273 1256 4328 conficiunt.
1287 4273 1375 4341 Aegre
