2834 5018
326 660 519 717 DUODECIM
538 663 811 719 APOSTOLORUM
828 664 860 728 X,
881 665 979 729 5—XI,
999 668 1024 720 2.
1224 675 1266 738 25

87 840 279 905 insaecula.
321 842 350 904 5.
375 840 561 920 Recordare,
587 843 720 917 domine,
745 844 896 909 ecclesiae
911 849 993 919 tuac,
1017 851 1054 909 nt
1069 869 1137 911 eam
1152 847 1267 913 liberes

88 945 127 1008 ab
149 946 235 1009 omni
257 945 346 1010 malo
368 969 499 1032 eamque
522 948 667 1032 perficias
690 950 723 1011 in
746 949 878 1012 caritate
901 954 971 1025 tua,
1001 959 1033 1014 et
1055 955 1175 1032 collr'pe
1197 975 1267 1019 eam

88 1071 109 1113 a
131 1058 289 1131 qrrattuor
305 1059 412 1117 aeratis
427 1053 657 1117 sanctificatam
671 1054 703 1117 in
719 1074 852 1137 regnum
867 1059 967 1131 tuum,
993 1057 1077 1139 quod
1092 1057 1121 1119 ei
1135 1059 1265 1140 parasti,

91 1156 237 1238 quoniam
261 1160 318 1220 tua
341 1162 389 1220 est
411 1157 510 1220 virtus
534 1163 566 1221 et
589 1158 693 1241 gloria
707 1159 740 1221 in
755 1159 891 1223 saecula.
928 1159 956 1221 6.
982 1159 1140 1224 Adveniat
1162 1164 1268 1245 gratia

88 1264 119 1322 et
132 1266 313 1342 praetereat
334 1262 470 1325 mundus
493 1262 553 1326 hic.
596 1266 755 1327 Honorino
771 1266 831 1327 deo
848 1266 964 1328 nacta.
997 1263 1029 1328 Si
1054 1266 1123 1350 quis
1140 1272 1292 1332 sauctusr

87 1369 143 1435 est,
168 1366 316 1440 accedat;
347 1366 373 1430 si
397 1367 553 1449 quianon
576 1372 641 1442 est,
674 1368 902 1451 paenitentiam
925 1375 1009 1453 agat.
1057 1375 1213 1435 Murano!
1223 1393 1266 1454 ro,

87 1468 197 1534 Amen.
235 1471 264 1534 7.
301 1470 470 1554 Prophetis
504 1492 577 1534 vero
612 1473 787 1554 permittite
824 1473 943 1554 gratias
982 1496 1090 1558 agere,
1130 1484 1265 1561 quantas

88 1573 205 1637 solunt.

163 1678 217 1742 XI.
233 1677 295 1755 Qui
306 1678 406 1764 igitur
416 1681 455 1743 ad
467 1703 521 1744 vos
531 1682 658 1745 veniens
671 1681 811 1745 docuerit
824 1704 879 1745 vos
889 1681 967 1746 haec
980 1684 1085 1747 omnia
1093 1687 1265 1767 praedicta,

88 1803 158 1846 enm
181 1783 343 1867 suscipite.
377 1785 406 1846 2.
432 1784 487 1848 Sin
510 1791 614 1849 autem
638 1787 747 1850 doctor
769 1787 837 1871 ipse
860 1808 1025 1870 perversus
1044 1789 1155 1853 doceat
1170 1790 1266 1854 aliam
1280 1810 1305 1848 ιο

88 1888 272 1964 doctrinam,
297 1888 343 1951 ita
365 1893 400 1952 ut
416 1890 576 1967 dissolvat,
600 1912 640 1954 ne
657 1913 728 1953 eum
744 1891 868 1963 audite;
893 1891 919 1954 si
942 1912 1016 1955 vero
1040 1893 1138 1971 docet,
1162 1894 1209 1959 ita
1231 1901 1267 1959 ut

157 2041 174 2094 3
195 2041 307 2095 natta.
322 2043 364 2105 24,
384 2044 425 2096 31.
443 2074 477 2080 -
496 2044 512 2095 6
532 2041 633 2095 Matth.
653 2043 695 2105 21,
714 2043 738 2096 9.
760 2044 799 2095 15.
819 2074 853 2080 -
872 2042 887 2094 7
906 2042 919 2093 1
938 2041 999 2096 Cor.
1021 2044 1060 2103 16,
1080 2045 1121 2097 22.

89 2166 116 2215 et
127 2165 263 2218 Ioannem
278 2164 317 2227 12,
333 2165 365 2219 13
384 2165 470 2218 verba
488 2173 527 2239 τῷ
544 2164 593 2239 υἱῷ
613 2169 664 2221 Aa·
692 2181 807 2218 accessu
821 2166 857 2218 ad
870 2181 978 2217 sacram
991 2182 1089 2219 cenam
1101 2167 1265 2239 intellegen-

88 2255 130 2308 aid
148 2253 251 2305 saltem
269 2253 410 2315 omisisse,
435 2270 533 2307 vocem
553 2251 665 2310 ὼσαννὰ
693 2251 729 2304 da
741 2269 801 2305 esse
813 2251 951 2305 videntur.
965 2284 1000 2291 -
1011 2253 1105 2325 μαρὰν
1120 2253 1189 2323 α’θά]
1208 2257 1266 2311 Alii

89 2338 177 2392 solam
212 2339 394 2403 exhibentes,
441 2342 533 2394 Iesum
571 2341 663 2411 ipsum
692 2339 778 2393 verba
796 2338 846 2392 illa
864 2339 1005 2393 aramaica
1029 2341 1266 2411 interpretantur:

89 2426 188 2480 natan
209 2428 251 2488 22,
270 2427 375 2480 42-45
394 2443 428 2480 cx
446 2427 605 2481 Pharisaeis
625 2429 664 2481 di·
692 2427 810 2479 Domine
820 2428 924 2491 noster,
936 2427 1001 2480 veni
1011 2428 1056 2497 (cf.
1066 2431 1152 2498 Apoc.
1163 2434 1204 2496 22,
1212 2435 1265 2502 20);

90 2515 224 2578 centibus,
239 2516 383 2570 Christum
394 2533 454 2570 csse
468 2516 555 2571 filium
565 2518 663 2581 David,
693 2513 753 2567 ulii:
773 2513 910 2567 Dominus
929 2516 1007 2568 venit
1023 2517 1091 2588 (ἥκει
1104 2519 1148 2571 vel
1160 2517 1265 2590 ἦλθεν).

92 2601 255 2666 quaesiisse,
276 2605 416 2669 quomodo
437 2604 510 2659 iilius
523 2607 598 2658 essct
610 2606 663 2659 ua.
693 2602 842 2669 Utcunque
855 2607 949 2657 autern
963 2604 1049 2658 verba
1061 2611 1214 2671 vertuntur,
1227 2608 1266 2663 lo·

89 2686 141 2748 rid,
161 2688 268 2758 quippe
289 2690 338 2756 qui
356 2691 402 2744 Ps.
422 2691 508 2756 109,1
528 2708 592 2744 eum
609 2691 663 2746 Do·
692 2707 741 2742 cus
754 2692 839 2744 finem
852 2691 1039 2760 Apocalypsis
1051 2695 1102 2763 (22,
1112 2695 1157 2763 20)
1170 2695 1199 2749 in
1212 2714 1267 2750 me·

90 2775 194 2828 minum
225 2777 402 2845 appellaret,
433 2779 592 2832 Barnabam
625 2781 663 2841 12,
691 2777 809 2830 moriam
828 2785 951 2834 revocat.
969 2811 1004 2818 -
1021 2779 1102 2852 α’μὴν]
1122 2782 1201 2836 Hanc
1220 2802 1265 2838 vo-

90 2862 189 2917 10-11
209 2879 259 2917 eos
278 2863 459 2932 impugnare,
485 2866 533 2931 qui
557 2864 663 2930 dicunt,
692 2865 1265 2924 cemDoctrinahoctantumlocoexhibet.

90 2949 231 3003 Christum
244 2967 306 3004 esse
321 2950 409 3004 filium
418 2951 510 3006 David
519 2951 563 3004 vel
576 2951 663 3005 filiurn
727 2955 750 3007 7.
779 2952 896 3005 Sensus:
915 2955 1064 3021 prophetis
1083 2955 1180 3023 eisque
1199 2957 1266 3012 solis

89 3036 218 3100 bominis,
233 3037 386 3091 'ratianum
398 3042 473 3093 teste
485 3039 663 3094 Theodoreto
692 3038 771 3100 licet,
795 3039 825 3092 in
850 3056 931 3092 sacra
950 3056 1020 3094 cena
1038 3046 1067 3095 et
1086 3058 1177 3112 agape
1196 3045 1265 3099 cele-

91 3123 171 3180 Hacr.
185 3125 242 3179 fab.
257 3124 278 3188 I,
292 3126 326 3178 20
336 3124 365 3177 in
375 3125 561 3180 Diatessaron
570 3127 665 3181 omnia
692 3125 811 3185 branda,
822 3125 951 3180 formulis
959 3130 1095 3182 orationis
1103 3147 1189 3199 supra
1199 3131 1265 3186 alle-

89 3214 264 3281 amputasse,
292 3228 365 3278 quac
390 3212 541 3266 Dominum
565 3229 598 3266 er
624 3230 664 3265 sc·
692 3213 767 3282 gatis
794 3216 1015 3282 praetermissis,
1043 3217 1130 3270 libore
1158 3219 1266 3288 gratias

89 3299 160 3352 mine
172 3299 266 3353 David
277 3298 430 3354 secundum
441 3316 552 3354 carnem
564 3305 664 3354 natum
692 3307 783 3371 agere,
803 3302 924 3367 quantas
948 3301 1053 3356 volunt.
1090 3303 1213 3358 Iustinus
1231 3305 1266 3358 si·

90 3387 249 3439 ostendunt.
293 3388 399 3440 Auctor
423 3386 664 3441 constitutionum
691 3387 786 3441 milem
813 3387 974 3441 libertatem
1000 3391 1133 3460 episcopo
1158 3391 1265 3456 tribuit,

89 3479 178 3545 apost.
198 3474 258 3538 VII,
278 3476 313 3528 26
338 3491 435 3529 vocem
460 3477 594 3530 biblicam
618 3475 663 3528 vel
692 3474 810 3543 Apolog.
830 3476 849 3535 Ι,
868 3475 910 3527 67.

89 3563 135 3638 υἱῷ
153 3562 271 3631 quidem
290 3562 421 3625 exhibet;
441 3581 503 3616 cum
517 3568 612 3618 autem
623 3563 662 3617 lo·
726 3562 772 3616 XI.
792 3561 853 3614 Hoc
873 3564 959 3630 caput
977 3566 1006 3616 et
1021 3566 1169 3631 sequentia
1186 3583 1265 3635 prae-

89 3666 148 3704 cum
173 3650 434 3713 transformaverit,
462 3651 545 3705 testis
571 3650 663 3703 minus
691 3652 776 3718 cepta
803 3648 949 3703 continent
975 3650 1155 3721 disciplinam
1179 3654 1265 3708 eccle·

88 3736 176 3791 tidelis
196 3739 248 3791 est.
286 3737 386 3804 ltaque
408 3737 491 3792 lectio
511 3738 663 3793 Doctrinae
691 3737 836 3791 siasticam
855 3739 1022 3805 spect-antia.

87 3827 193 3881 tradita
212 3826 349 3879 servanda
367 3842 429 3880 esse
448 3825 567 3879 videtur.
586 3857 619 3865 -
639 3823 668 3882 εἴ
727 3828 748 3879 1.
769 3845 794 3880 τ.
807 3845 834 3881 π.
848 3825 883 3881 τὰ
895 3825 1091 3901 προειρημένα]
1105 3828 1122 3880 i.
1134 3844 1156 3881 e.
1172 3826 1267 3880 omnia

88 3934 127 3982 τις
144 3910 225 3986 ἅγιος
242 3913 313 3983 act]
342 3915 419 3968 Haec
445 3916 530 3968 verba
556 3915 765 4011 duplici¹quae
789 3913 818 3966 in
837 3913 980 3982 capitibus
1005 3916 1101 3969 decem
1123 3912 1265 3982 prioribus

87 4003 169 4056 modo
188 4001 402 4070 intellegamtur.
440 4001 564 4057 cumin
581 4019 663 4054 versu
691 3999 768 4054 dicta
787 4005 860 4056 sunt.
898 4002 939 4057 Cf.
960 4004 982 4061 7.
1005 4007 1025 4058 1.

86 4091 215 4160 proxime
247 4089 434 4158 praecedente
471 4090 506 4142 dc
542 4089 662 4142 transitu
725 4089 749 4141 2.
781 4093 828 4144 διδ.
860 4084 945 4159 ἄλλην
976 4094 1085 4161 διδαχὴν
1114 4089 1184 4158 κτλ]
1223 4088 1264 4142 Cf.

88 4176 184 4230 mundi
204 4175 287 4229 etde
307 4174 429 4227 adventu
448 4174 553 4228 Christi
572 4191 663 4230 sermo
690 4172 717 4225 Il
742 4173 836 4228 Ioann.
865 4176 914 4228 10:
942 4173 971 4231 εἴ
993 4196 1034 4242 τις
1061 4171 1168 4248 ἔρχεται
1195 4175 1266 4247 πρὸς

89 4263 132 4326 sit,
151 4261 282 4317 nonnulli
302 4278 337 4315 ea
351 4262 385 4314 de
402 4262 520 4316 introitu
534 4262 563 4314 in
577 4262 663 4317 cccle·
690 4259 762 4329 ὑμᾶς
773 4266 818 4317 καὶ
831 4261 933 4332 ταύτην
945 4267 995 4332 τὴν
1006 4266 1116 4333 διδαχὴν
1133 4260 1167 4319 οιί
1179 4261 1265 4333 φέρει,

87 4351 156 4404 siam
176 4348 329 4403 Dominum
348 4351 560 4417 exspectantem
577 4349 663 4404 inter·
689 4353 728 4419 ριὶχ
752 4347 907 4420 λαμβάνετε
935 4348 1020 4405 αὐτὸν
1045 4346 1084 4416 εἰς
1108 4348 1198 4406 οἰκίαν
1220 4354 1266 4406 καὶ

84 4439 244 4506 protantur.
281 4435 351 4490 Cum
375 4440 469 4489 autem
495 4437 581 4491 verba
597 4454 663 4505 pars
689 4438 795 4508 χαίρειν
813 4434 887 4508 αὐτῷ
899 4439 937 4506 μὴ
949 4434 1051 4508 λέγετε.
1078 4435 1104 4489 11
1116 4437 1226 4499 Petra,
1243 4440 1264 4491 1.

85 4523 223 4578 orationis
236 4522 441 4576 eucharisticae
455 4523 512 4575 sint
525 4524 664 4593 etpostea
690 4523 749 4592 ign.
769 4521 840 4591 Eph.
859 4523 883 4584 9,
905 4525 926 4576 1.
949 4553 976 4562 -
998 4524 1160 4594 καταλῦσαι]
1180 4542 1216 4578 sc.
1231 4524 1265 4581 τὰ

83 4611 169 4665 ctiam
178 4611 215 4665 de
225 4608 400 4665 eucharistia
406 4611 515 4680 agatur,
526 4611 621 4679 potius
629 4610 663 4664 de
691 4609 878 4685 προειρημένα
896 4609 941 4663 vel
959 4615 1008 4681 τὴν
1020 4616 1129 4682 διδαχὴν
1140 4630 1265 4684 προειρη-
