2834 5018
457 667 571 726 MAND.
589 668 623 733 V,
641 670 665 733 2,
685 668 808 733 5-VL
829 672 851 734 l,
869 671 894 724 4.
1200 672 1263 736 487

85 871 143 913 vas
166 848 244 913 illud
268 871 321 914 eos
351 870 414 913 non
438 848 541 932 capit,
571 848 624 912 sed
648 848 821 931 superfluit.
869 849 898 912 6.
923 847 1026 913 Tener
1047 848 1147 932 igitur
1169 847 1262 932 spiri-

84 957 139 1017 tus
163 954 237 1037 quia
268 975 339 1018 cum
360 953 446 1017 malo
476 953 590 1036 spiritu
612 975 675 1017 non
706 957 811 1036 potest
843 951 1027 1017 cohabitare
1058 974 1160 1036 neque
1193 974 1264 1017 cum

85 1059 212 1133 duritia,
235 1059 354 1123 recedit
370 1058 410 1122 ab
432 1056 559 1122 homine
575 1057 729 1121 eiusmodi
744 1060 776 1120 et
798 1057 904 1121 studet
919 1056 1063 1121 habitare
1084 1078 1156 1120 cum
1170 1078 1261 1121 man·

84 1163 253 1228 suetudine
276 1168 307 1228 et
322 1162 564 1249 tranquillitate.
612 1164 640 1226 7.
665 1162 787 1227 Deinde
811 1184 882 1226 cnm
897 1162 1061 1226 recesserit
1080 1163 1120 1226 ab
1136 1160 1262 1227 homine

83 1267 153 1343 illo,
170 1268 224 1332 ubi
247 1267 423 1346 habitabat,
440 1267 535 1332 homo
557 1267 612 1332 ille
627 1290 744 1333 vacuus
767 1268 838 1332 fita
857 1267 971 1352 spiritu
986 1267 1078 1344 iusto,
1100 1289 1137 1330 ao
1152 1272 1288 1350 postea⁶

84 1370 225 1455 repletus
249 1373 413 1457 spiritibus
436 1372 530 1436 malis
552 1373 733 1437 inconstans
757 1376 805 1437 est
828 1373 860 1436 in
881 1372 966 1436 omni
988 1371 1117 1455 negotio
1140 1393 1205 1448 suo,
1231 1377 1263 1436 et

83 1476 148 1539 huc
170 1476 309 1560 illucque
341 1477 506 1542 deducitur
528 1499 547 1540 a
570 1478 733 1560 spiritibus
763 1477 856 1542 malis
880 1481 975 1561 atque
998 1477 1125 1541 omnino
1148 1476 1261 1541 obcae-

84 1585 177 1645 catur
190 1583 305 1646 meutis
327 1583 430 1647 bonae
446 1603 569 1665 expers.
599 1580 651 1646 Sic
667 1603 743 1666 ergo
760 1581 916 1665 contingit
931 1581 1076 1645 omnibus
1092 1581 1260 1646 iracundis.

84 1686 116 1748 8.
141 1684 277 1750 Abstine
299 1686 400 1770 igitur
422 1688 462 1751 ab
485 1687 657 1764 iracundia,
681 1686 797 1771 spiritu
818 1687 973 1770 pessim03
997 1688 1091 1752 indue
1113 1685 1260 1770 longani-

82 1792 230 1854 mitatem
253 1796 284 1855 et
306 1792 417 1856 resiste
439 1792 620 1859 iracundiae
643 1796 676 1857 et
698 1791 915 1868 amaritudini,
947 1795 979 1855 et
1001 1790 1167 1855 invenieris
1190 1812 1261 1855 cum
1276 1808 1299 1843 1⁰

83 1895 253 1959 sanctitate
276 1917 296 1959 a
318 1897 445 1961 domino
475 1896 599 1960 dilecta.
645 1894 726 1959 Vide
755 1894 871 1978 igitur,
903 1915 942 1958 ne
965 1895 1025 1959 hoc
1055 1899 1261 1978 praeceptum

81 2020 225 2082 unquam
247 1998 416 2084 neglegas;
447 1999 474 2063 si
497 2000 580 2064 enim
602 1998 696 2062 huius
725 1999 867 2063 mandati
890 1999 1067 2064 dominatus
1099 1999 1205 2075 fueris,
1229 2003 1261 2063 00

81 2103 207 2185 reliqua
235 2104 385 2168 mandata
406 2104 525 2187 poteris
558 2103 733 2183 custodire,
767 2126 848 2188 quae
870 2104 930 2168 tibi
952 2104 1156 2168 mandatums
1179 2126 1258 2168 sum.

83 2205 272 2272 Confertare
303 2208 404 2293 igitur
425 2207 458 2272 in
480 2208 520 2272 iis
552 2212 585 2272 et
608 2208 808 2285 confirmare,
841 2212 873 2272 et
894 2229 1003 2272 omnes
1026 2207 1257 2281 confirmantor,

83 2316 240 2395 quotquot
263 2313 296 2376 in
318 2313 357 2377 iis
380 2312 543 2378 ambulare
566 2312 685 2377 volunt.
1274 2327 1298 2365 ¹⁶

535 2798 721 2862 Mandatum
744 2796 800 2862 VI.

173 3036 207 3104 l.
232 3041 383 3125 Praecepi
405 3041 481 3117 tibi,
504 3041 623 3122 inquit,
648 3041 681 3104 in
703 3041 809 3124 primo
831 3042 999 3118 mandat0,
1024 3048 1060 3108 ut
1083 3044 1257 3108 custodires

78 3146 175 3209 fidem
198 3151 230 3211 00
256 3147 403 3211 timorem
426 3150 458 3210 et
490 3145 725 3210 continentiam.
771 3145 822 3210 Ita
844 3151 910 3222 est,
942 3148 1090 3230 inquam,
1123 3148 1256 3212 domine.

79 3249 143 3314 Sed
167 3273 258 3327 nunc,
283 3252 404 3334 inquit,
435 3251 495 3314 tibi
517 3249 589 3314 volo
613 3254 644 3313 00
667 3250 832 3314 ostendere
853 3251 935 3314 vires
958 3272 1083 3329 earum,
1107 3252 1256 3329 0000100,

79 3376 176 3435 quam
209 3377 351 3439 quaeque
382 3377 491 3419 earum
521 3353 585 3417 vim
614 3353 731 3417 habeat
760 3359 793 3418 00
824 3354 1050 3437 operationem.
1105 3355 1257 3439 Duplices
1272 3380 1296 3416 aa

78 3461 164 3524 enim
187 3466 261 3524 sunt
291 3461 489 3544 operationes
513 3481 620 3523 earnm
652 3463 684 3523 00
706 3458 829 3541 positae
860 3462 934 3522 sunt
960 3458 1045 3523 iusto
1068 3463 1100 3523 et
1131 3460 1257 3525 iniusto.

78 3566 110 3627 2.
136 3564 185 3628 Tu
208 3586 284 3650 ergo
307 3566 398 3630 crede
413 3565 507 3641 insto,
531 3563 649 3627 iniusto
666 3568 772 3627 autem
794 3563 876 3627 nihil
891 3563 1016 3638 credas3
1041 3564 1161 3628 iustum
1176 3566 1259 3629 00110

77 3669 163 3732 iiam
187 3674 306 3735 rectam
328 3672 434 3748 habet,
459 3670 611 3734 iniustum
626 3691 767 3753 pravam.
814 3667 876 3734 Sed
898 3673 933 3732 tu
949 3668 1033 3732 viam
1054 3672 1174 3733 rectam
1189 3692 1258 3733 am·

76 3774 157 3837 bula
185 3780 217 3838 00
247 3776 392 3860 planam,
425 3797 557 3859 pravam
586 3779 691 3838 autem
721 3772 852 3838 dimitte.
904 3774 933 3837 3.
958 3771 1061 3836 Prava
1092 3772 1174 3837 enim
1206 3774 1258 3838 via

76 3879 223 3942 tramites
254 3879 453 3956 nonhabet,
484 3880 539 3944 sed
562 3878 646 3942 invia
679 3884 711 3943 et
732 3876 923 3943 offendicula
953 3876 1055 3941 multa
1082 3882 1113 3941 et
1145 3900 1257 3962 aspera
1271 3902 1296 3939 aa

77 3988 128 4046 est
152 3988 183 4046 00
198 3985 336 4068 spinosa.
382 3984 506 4050 Nociva
522 3984 622 4070 igitur
645 3983 755 4059 estiis,
782 3981 883 4065 quiin
907 4002 944 4045 ea
959 3980 1132 4045 ambulant.
1156 3984 1187 4045 4.
1204 3982 1256 4047 llli

77 4092 194 4164 autem,
221 4090 274 4173 qui
289 4089 372 4152 viam
395 4093 514 4153 rectam
529 4092 651 4173 petunt,
677 4088 715 4151 de
737 4086 833 4170 plano
856 4090 888 4150 et
904 4085 971 4150 sine
994 4085 1166 4150 offensione
1188 4109 1256 4151 am·

114 4278 137 4330 7.
169 4275 385 4349 πεπληρωμένος
413 4275 483 4345 κτλ]
516 4274 557 4331 cf.
588 4274 653 4327 Luc.
683 4271 757 4326 Mon.
782 4270 863 4326 Hom.
883 4271 914 4326 61
935 4272 983 4327 PG
1000 4272 1047 4335 89,
1070 4273 1136 4329 1615
1160 4291 1256 4329 versus

79 4363 119 4426 11,
138 4364 180 4418 26.
684 4362 706 4415 1.
725 4361 750 4416 3.
768 4362 793 4415 4.
812 4361 836 4414 5.
855 4360 872 4414 9
891 4377 912 4414 c.
932 4362 948 4415 2
966 4359 1168 4430 transscripsit.

113 4449 160 4501 VI.
188 4447 483 4504 Pseudo-Athanasius
505 4448 565 4502 10
595 4447 654 4503 ab
717 4448 739 4510 1,
757 4446 782 4499 2.
803 4446 845 4502 of.
864 4447 945 4502 Bam.
966 4466 989 4505 c.
1008 4449 1119 4504 18-20.

77 4539 137 4590 scre
152 4538 247 4591 omnia
259 4536 374 4590 exhibet
388 4536 513 4606 exceptis
527 4535 653 4590 versibus
715 4536 739 4589 5.
759 4533 789 4605 ἐξ
806 4531 871 4606 trac
887 4538 1001 4610 καρδίας
1012 4537 1082 4607 xvh]
1103 4535 1253 4591 0011010

76 4624 146 4676 3-5
175 4627 231 4679 01
260 4626 290 4677 00
308 4623 376 4678 ’1-8
403 4624 468 4678 02
496 4623 653 4679 Antiochus
680 4620 727 4689 tx,
744 4622 769 4675 2.
