2834 5018
467 649 517 703 AD
536 650 744 706 MAGNESIOS
763 652 898 713 Ill-Vll,
920 656 942 710 1.
1226 659 1290 725 235

112 833 219 897 omnia
246 830 312 893 sine
336 851 372 894 eo
408 829 538 894 faciunt.
586 830 680 894 Tales
701 852 775 894 vero
797 854 860 896 nou
890 833 974 896 bona
996 834 1188 898 conscientia
1209 834 1289 898 mihi

110 936 246 1020 praediti
269 957 336 999 esse
359 936 467 1000 vident
467 957 522 1012 ur,
555 936 629 1018 quia
651 957 715 999 non
736 937 869 1001 firmiter
891 939 1061 1002 secundum
1083 943 1289 1022 praeceptum

112 1045 354 1123 congregantur.

198 1145 237 1208 V.
263 1145 345 1221 Quia
378 1151 485 1210 autem
517 1168 566 1209 res
589 1147 685 1210 finem
716 1148 836 1212 habent
859 1152 891 1212 et
914 1148 975 1212 duo
1006 1148 1101 1212 simul
1123 1150 1290 1233 proposita

111 1258 194 1329 sunt,
218 1272 302 1314 mors
326 1256 357 1315 et
380 1252 462 1326 vita,
496 1256 528 1315 et
550 1253 766 1337 unusquisque
797 1259 831 1316 in
859 1260 1034 1335 propedem
1059 1257 1165 1318 locum
1187 1255 1315 1318 iturus⁶

110 1361 177 1431 est;
202 1358 231 1420 2.
257 1357 522 1439 quemadmodum
546 1357 629 1420 enim
652 1361 727 1421 sunt
748 1357 939 1421 numismata
962 1359 1033 1433 du0,
1059 1358 1194 1422 alterum
1218 1358 1289 1441 qui-

111 1464 181 1527 dem
215 1461 282 1537 dei,
319 1461 455 1525 alterum
490 1466 595 1525 autem
626 1461 743 1536 mundi,
781 1466 812 1524 et
845 1464 1091 1547 unumquodque
1124 1463 1289 1546 proprium

110 1568 324 1631 characterem
346 1565 442 1630 habet
458 1566 652 1647 impositum,
676 1565 818 1629 infideles
835 1566 1049 1630 characterem
1060 1567 1169 1630 mundi
1184 1567 1288 1641 huius,

108 1671 217 1735 fideles
252 1676 358 1735 autem
391 1672 423 1734 in
458 1671 590 1735 caritate
625 1671 840 1735 characterem
875 1672 925 1736 dei
958 1674 1059 1755 patris
1094 1694 1152 1757 per
1185 1673 1289 1737 Iesum

109 1775 279 1851 Christum,
304 1799 361 1859 per
385 1799 478 1860 quem
493 1777 554 1840 nisi
576 1798 733 1859 propensa
746 1776 838 1840 nobis
861 1781 909 1840 est
924 1777 1071 1840 voluntas
1094 1778 1176 1840 mori
1199 1778 1288 1842 iuxta
1301 1795 1326 1831 10

108 1881 209 1964 ipsius
231 1881 421 1962 passionem,
446 1903 504 1944 nec
526 1881 593 1944 vita
615 1882 715 1965 ipsius
738 1881 771 1945 in
792 1881 884 1944 nobis
907 1886 964 1944 est.

197 1983 252 2047 Vl.
277 1982 356 2048 Cum
378 1985 486 2068 itaque
516 1985 550 2048 in
571 1985 714 2068 personis
747 1986 956 2068 supradictis
987 2007 1113 2051 onmem
1139 1987 1286 2051 multitu·

108 2090 214 2153 dinem
236 2088 354 2152 infide
386 2089 619 2172 conspexissem
643 2111 679 2153 ac
709 2090 904 2167 dilexissem,
936 2089 1062 2167 hortor,
1095 2095 1132 2154 ut
1154 2091 1186 2154 in
1209 2112 1286 2155 con·

108 2194 216 2258 cordia
239 2193 289 2256 dei
311 2194 417 2258 omnia
439 2214 593 2278 peragere
616 2195 782 2271 studeatis,
816 2196 965 2279 episcopo
994 2194 1193 2278 praesidente
1215 2194 1286 2258 loco

108 2299 159 2362 dei
182 2303 214 2362 et
236 2299 430 2381 presbyteris
453 2299 523 2363 loco
548 2305 676 2363 senatus
692 2300 868 2384 apostolici,
893 2304 925 2364 et
949 2299 1089 2364 diaconis
1109 2299 1188 2363 mihi
1211 2314 1326 2363 sua-1⁶

107 2403 245 2466 cissimis
269 2404 481 2467 concreditum
510 2402 702 2468 habentibus
730 2404 940 2469 ministerium
970 2404 1041 2469 Iesu
1065 2402 1198 2480 Christi,
1232 2405 1287 2488 qui

108 2512 181 2572 ante
204 2507 330 2570 saecula
353 2509 437 2590 apud
465 2512 590 2590 patrem
620 2513 688 2573 erat
710 2514 741 2572 et
764 2509 797 2573 in
819 2510 882 2574 fine
909 2510 1067 2593 apparuit.
1113 2511 1143 2573 2.
1169 2508 1285 2573 Omnes

105 2613 221 2696 igitur,
255 2612 392 2695 acceptis
414 2612 526 2676 iisdem
550 2613 663 2676 divinis
685 2614 842 2691 moribus,
872 2635 927 2678 vos
950 2619 1060 2679 mutuo
1082 2613 1286 2678 revereamini

107 2723 140 2781 et
162 2737 254 2780 nemo
270 2716 441 2780 secundum
457 2739 584 2781 caruem
606 2721 728 2801 spectet
744 2719 933 2801 proximum,
957 2719 1012 2783 sed
1027 2720 1060 2782 in
1076 2719 1147 2783 Iesu
1159 2717 1285 2783 Christo

106 2845 163 2886 vos
185 2822 319 2885 invicem
349 2844 472 2907 semper
504 2822 626 2906 diligat'
617 2845 652 2886 rs.
699 2822 855 2888 Nihil’t
814 2828 855 2889 srt
877 2824 910 2888 in
932 2824 1040 2900 vobis,
1071 2824 1154 2906 quod
1183 2822 1324 2906 possita

108 2950 164 2991 vos
188 2928 339 3005 dirimere
365 2929 420 2992 sed
443 2927 596 2992 uniamini
619 2928 824 3044 episcopoet
846 2928 1028 3012 praesident
1014 2928 1156 2993 tibusin
1122 2931 1285 3011 mtypum

108 3033 368 3097 etdemonstrat
345 3039 464 3097 tionem
485 3033 707 3096 immortalitat
659 3033 744 3097 ttis.

194 3135 265 3199 VII.
291 3135 560 3212 Quemadmodum
584 3139 684 3222 igitur
707 3138 851 3201 dominus
875 3138 942 3201 sine
964 3141 1064 3219 patre,
1088 3135 1150 3219 ipsi
1166 3135 1283 3213 unitus,

177 3317 194 3368 4
212 3315 274 3368 Act.
295 3317 317 3375 l,
336 3317 377 3369 25.
397 3347 432 3354 -
450 3316 482 3371 21
502 3316 599 3370 Ioann.
618 3317 642 3379 5,
664 3317 703 3371 19.
724 3315 770 3380 30;
788 3317 813 3379 8,
833 3315 874 3369 28.

106 3483 192 3536 babet
209 3479 300 3535 versio
318 3482 434 3549 syriaca,
453 3481 534 3548 tufad,
555 3497 618 3534 cum
637 3483 680 3538 τό·
708 3480 801 3534 unitas
821 3497 884 3532 cum
896 3480 1028 3548 episcopo
1048 3481 1091 3532 est
1109 3481 1194 3547 typus
1207 3478 1283 3532 vitae

105 3588 161 3625 πον
173 3572 233 3622 tum
253 3568 342 3624 τύπον
354 3567 497 3636 significat
514 3567 679 3637 (Michaelis,
707 3566 791 3631 illius,
811 3584 896 3634 quam
915 3567 1007 3621 sancti
1020 3567 1117 3621 vivunt
1129 3567 1188 3621 Deo
1202 3566 1282 3629 uniti,

105 3656 227 3710 Lexicon
248 3673 301 3723 syr.
320 3674 346 3725 p.
365 3656 436 3725 855),
458 3659 487 3708 et
505 3654 629 3708 Cureton
642 3655 681 3721 εἰς
708 3655 848 3723 simulque
860 3656 917 3719 alii,
931 3656 1070 3711 unitatem
1082 3659 1205 3709 vestram
1219 3669 1282 3706 cum

105 3746 194 3802 τόπον
221 3745 263 3809 (in
282 3744 323 3796 the
346 3743 432 3812 ploce)
459 3742 553 3796 vertit.
590 3743 681 3806 Quam
707 3742 840 3812 episcopo
860 3744 1074 3813 conspicientes,
1094 3742 1130 3795 ad
1142 3739 1282 3810 persuasi·

105 3830 370 3899 interpretationem
400 3835 508 3885 rectam
538 3847 599 3884 esse
633 3830 680 3883 vix
708 3845 790 3883 onem
810 3830 844 3885 de
866 3831 927 3884 vita
950 3831 1002 3884 illa
1020 3830 1198 3884 adducuntur
1216 3827 1281 3896 (He-

105 3917 221 3970 dubium
232 3922 284 3980 est,
295 3934 358 3970 cum
370 3933 464 3970 omnes
475 3917 579 3985 reliqui
591 3920 680 3971 testes
708 3916 783 3985 fele).

104 4001 144 4071 εἷς
162 4005 251 4061 τόπον
269 4002 427 4057 exhibeant.
463 4002 564 4059 Versio
592 4020 680 4058 arme-
742 4005 853 4066 2-V11,
875 4008 896 4059 1.
920 4006 1015 4058 Ioann.
1038 4003 1118 4058 Dam.
1137 4002 1164 4057 S.
1184 4002 1213 4055 P.
1232 4001 1281 4055 Le·

104 4093 203 4153 nicea,
241 4108 304 4166 cum
335 4092 487 4145 secundum
523 4091 679 4145 versionem
708 4090 793 4158 quien
821 4091 860 4154 11,
889 4092 951 4153 780;
978 4090 1044 4144 Ηο11
1070 4108 1098 4159 p.
1124 4090 1159 4144 20
1187 4089 1283 4159 (μηδὲν

105 4179 244 4247 syriacam
264 4179 343 4232 facta
362 4179 406 4239 sit,
428 4177 498 4231 nibil
517 4179 629 4248 probat.
646 4210 679 4218 —
707 4173 780 4235 doro
797 4208 832 4217 -
850 4178 904 4254 lup
915 4175 999 4245 ὑμῖν).
1036 4178 1147 4247 Fragm.
1161 4195 1215 4246 syr.
1230 4176 1280 4230 Cu·

104 4287 126 4322 τ.
147 4265 344 4338 πρεσβυτέρων
370 4296 404 4303 -
430 4263 604 4334 ἀποστόλων]
636 4264 679 4318 cf.
692 4334 694 4347 Ι
707 4268 787 4320 reton
800 4264 859 4326 200,
872 4260 1280 4335 234(ἀλλ’ἑνὼοητε-ομῖν).

104 4352 326 4416 Τι511.2,2;3,
348 4355 377 4414 1;
402 4351 553 4414 Philadb,
575 4354 603 4414 1;
623 4351 679 4405 Sm.
741 4350 800 4404 Vll.
820 4349 973 4405 Antiochus
992 4351 1066 4404 Mon.
1078 4352 1158 4405 Hom.
1177 4352 1219 4414 80,
1233 4350 1281 4406 PG

103 4441 169 4502 8,;1
189 4434 747 4509 01653555]Οοιιιῐ.ειρ.Ι1,26.28.189,
769 4435 1222 4507 lammasabactani..)

137 4528 160 4580 2.
181 4527 275 4580 Ioann.
304 4525 384 4579 Dum.
405 4525 430 4578 S.
450 4524 479 4578 P
507 4525 573 4579 Holl
597 4542 625 4594 p.
645 4525 692 4617 20
742 4519 796 4579 l.‘
783 4521 930 4596 ωσπερ-
948 4523 1087 4598 ἐποίησεν]
1116 4525 1280 4580 Constituti

104 4588 772 4685 1-ἀγαπᾶτε).-ἑιώθητεκτλᾙμθᾸοιιεε
800 4614 889 4680 apost
908 4611 948 4675 ΙΙ,
967 4614 1008 4668 26.
1032 4615 1066 4670 30
1093 4613 1193 4669 eadem
1220 4612 1280 4665 fere
