2834 5018
610 315 764 372 HERMAE
782 316 924 371 PASTOR

668 560 800 643 Ἐντολὴ
824 559 860 624 ε’.

267 704 301 772 l.
325 703 560 786 Μακρόθυμος,
585 701 676 786 φησί,
706 700 793 784 γίνου
815 701 868 763 καί
897 700 1038 777 συνετός,
1068 701 1123 763 καί
1147 699 1290 765 πάντων
1313 711 1373 766 τῶν

174 818 317 895 πονηρῶν
354 809 453 892 ἐργιυν
486 803 739 886 κατακυριεόσεις
769 805 822 866 καί
854 803 971 887 ἐργάσῃ
1006 813 1111 866 πᾶσαν
1147 804 1371 890 δικαιοσύνην.

174 920 204 982 2.
229 914 284 978 ἐὰν
313 915 373 997 γάρ
404 909 608 995 μακρόθυμος
638 909 710 991 ἔσῃ,
743 908 779 969 τὸ
800 915 921 990 πνεῦμα
943 909 979 970 τό
1011 909 1101 990 άγιον
1124 910 1163 971 τὸ
1193 922 1371 975 κατοικουν

148 1020 207 1084 ιέν
237 1021 285 1082 σοί
319 1018 463 1098 καθαρὸν
499 1016 600 1092 ἔσται,
632 1015 673 1096 μὴ
708 1011 968 1096 ἐπισκοτούμενον
997 1013 1057 1077 ὑπὸ
1081 1013 1195 1096 ἑτέρου
1227 1026 1369 1101 πονηροῦ

173 1124 357 1207 πνεύματος,
381 1120 453 1183 ἀλλ’
477 1119 510 1183 ἐν
527 1117 694 1202 εὐρυχώρῳ
718 1127 885 1180 κατοικοῦν
901 1117 1128 1201 ἀγαλλιάσεται
1152 1120 1213 1182 καί
1230 1123 1368 1204 εὐφραν-

173 1229 306 1312 θήσεται
330 1228 408 1311 μετὰ
436 1235 490 1288 τοῦ
520 1224 665 1303 σκεύους,
696 1222 729 1287 ἐν
753 1222 778 1308 ᾧ
801 1233 959 1302 κατοικεῖ,
988 1225 1041 1286 καί
1072 1223 1302 1310 λειτουργὴσει
1325 1235 1366 1310 τῳ

174 1337 241 1416 θεῷ
265 1332 297 1394 ἐν
322 1330 477 1415 ἱλαρότητι
499 1327 611 1412 πολλῇ,
635 1329 710 1411 ἐχον
727 1329 783 1411 τὴν
806 1328 955 1412 εὐθηνίαν
979 1327 1011 1391 ἐν
1032 1327 1148 1411 ἑαυτῷ.
1199 1331 1231 1396 3.
1260 1331 1366 1394 ἐὰνδὲ

172 1435 321 1519 όξυχολία
343 1455 387 1509 τις
411 1432 591 1516 προσέλθῃ,
623 1434 719 1507 εὐθὺς
742 1435 777 1495 τὸ
800 1442 921 1515 πνεῦμα
943 1434 979 1495 τὸ
1002 1434 1108 1516 άγιον,
1131 1436 1298 1518 τρυφερόν
1322 1439 1364 1511 όν,

133 1569 157 1606 ιι
171 1549 422 1625 στενοχωρεῖται,
453 1541 494 1621 μὴ
518 1539 592 1621 ἐχον
615 1539 667 1599 τόν
691 1538 785 1601 τόπον
808 1536 969 1617 καθαρόν,
993 1537 1045 1598 καί
1068 1537 1157 1620 ζητεῖ
1182 1539 1363 1624 ἀποστῆναι

171 1647 209 1711 ἐκ
231 1656 286 1709 τοῦ
308 1646 419 1708 τόπου·
443 1642 583 1725 πνίγεται
606 1643 666 1724 γάρ
689 1641 749 1703 ὑπὸ
771 1650 826 1704 τοῦ
848 1649 984 1723 πονηροῦ
1000 1639 1193 1722 πνεύματος,
1218 1646 1267 1725 μὴ
1292 1645 1361 1726 ἔχον

171 1752 266 1816 τόπον
290 1751 505 1833 λειτουργῆσαι
529 1753 573 1828 τῷ
597 1745 712 1829 κυρίῳ,
739 1746 851 1820 καθὼς
879 1744 1039 1829 βούλεται,
1069 1745 1281 1829 μιαινόμενον
1304 1749 1361 1810 ὑπὸ

171 1867 225 1940 τῆς
249 1853 423 1937 όξυχολίας.
470 1850 502 1913 ἐν
524 1852 585 1934 γὰρ
608 1859 646 1933 τῃ
675 1849 878 1933 μακροθυμίᾳ
901 1849 918 1912 ό
941 1849 1044 1931 κύριος
1068 1860 1236 1930 κατοικεῖ,
1272 1854 1307 1916 ἐν
1329 1855 1360 1916 δὲ

170 1971 208 2044 τῃ
231 1957 417 2043 όξυχολίριό
446 1954 599 2041 διάβολος.
645 1959 674 2020 4.
700 1954 860 2037 ἀμφότερα
892 1952 946 2017 οὗν
977 1956 1016 2017 τὰ
1043 1953 1214 2037 πνεύματα
1243 1956 1298 2021 ἐπί
1327 1960 1359 2020 τί

132 2089 156 2127 ιι
170 2067 246 2128 αὐτό
278 2072 501 2141 κατοικοῦντα,
536 2059 716 2142 άσὺμρορόν
751 2060 833 2123 ἐστιν
866 2060 919 2122 καί
949 2060 1082 2142 πονηρὸν
1118 2066 1166 2142 τῷ
1191 2062 1357 2145 ἀνθρώπῳ

169 2169 293 2252 ἐκείνῳ,
327 2166 408 2252 ἐνῷ
441 2172 650 2229 κατοικοῦσιν.
697 2166 725 2228 5.
751 2161 805 2225 ἐὰν
836 2165 897 2246 γὰρ
926 2162 1023 2248 λάβῃς
1057 2162 1215 2244 ἀψινθίου
1248 2170 1357 2250 μικρόν

169 2273 238 2336 λίαν
262 2275 314 2334 καί
339 2272 380 2346 εἰς
403 2272 550 2354 κεράμιον
574 2267 695 2351 μέλιτος
719 2266 862 2351 ἐπιχέῃς,
894 2270 963 2351 οὐχί
986 2267 1059 2332 όλον
1083 2269 1120 2331 τό
1142 2269 1219 2352 μέλι
1245 2273 1356 2356 ἀφανί-

169 2378 270 2456 ζεται,
294 2377 347 2438 καί
371 2385 518 2438 τοσοῦτον
546 2373 615 2456 μέλι
646 2373 707 2435 ὑπὸ
729 2381 784 2435 τοῦ
811 2371 977 2456 ἐλαχίστου
1000 2372 1151 2454 ἀψινθίου
1176 2377 1355 2442 ἀπόλλυται

168 2484 221 2544 καί
246 2480 399 2545 ἀπόλλυσι
422 2482 477 2562 τὴν
506 2478 685 2562 γλυκύτητα
707 2485 762 2540 τοῦ
785 2476 926 2561 μέλιτος,
958 2479 1011 2540 καί
1034 2476 1139 2541 οὐκέτι
1173 2483 1233 2564 τὴν
1259 2485 1354 2566 αὐτὴν

130 2610 154 2646 ιο
168 2586 258 2669 χάριν
283 2587 347 2668 ἔχει
370 2586 455 2666 παρὰ
478 2592 521 2667 τῷ
545 2583 695 2665 δεσπότῃ,
729 2585 775 2645 ότι
799 2582 974 2667 ἐπικράνθη
998 2584 1051 2645 καί
1074 2584 1130 2666 τὴν
1154 2596 1273 2670 χρῆσιν
1298 2590 1352 2650 αό-

168 2702 221 2755 τοῠ
245 2691 425 2771 άπώλεσεν;
456 2689 510 2754 ἐὰν
533 2689 568 2752 δέ
591 2688 633 2763 εἰς
656 2688 691 2750 τό
714 2686 783 2770 μέλι
806 2689 847 2771 μὴ
872 2686 978 2771 βληθῇ
1000 2688 1035 2749 τὸ
1059 2686 1228 2768 άψίνθιον,
1253 2691 1353 2776 γλυκὺ

167 2795 339 2878 εὑρίσκεται
374 2796 409 2858 τό
441 2793 510 2877 μέλι
547 2794 600 2855 καί
634 2794 804 2878 εὔχρηστον
837 2791 954 2875 γίνεται
988 2799 1032 2873 τῷ
1066 2792 1209 2878 δεσπότῃ
1244 2798 1351 2859 αὐτοῦ.

167 2906 195 2969 6.
220 2901 342 2986 βλέπεις
365 2898 435 2980 οὖν,
470 2902 516 2962 ότι
538 2897 558 2981 η
581 2895 784 2982 μακροθυμία
808 2895 987 2980 γλυκυτάτη
1011 2893 1093 2958 ἐστίν
1120 2895 1202 2979 ὑπὲρ
1225 2901 1263 2962 τὸ
1284 2899 1352 2984 μέλ·

165 3008 218 3070 καί
242 3005 410 3089 εόχρῃστός
434 3004 497 3066 ἐστι
527 3011 571 3085 τῷ
594 3001 706 3085 κυρίῳ,
736 3001 789 3063 καί
814 3000 846 3065 ἐν
870 3002 948 3083 αὐτῇ
978 3009 1129 3066 κατοικεῖ.
1177 3001 1260 3084 ἠδὲ
1284 3005 1351 3082 ὀξυ

129 3132 154 3170 ιι
167 3110 261 3194 χολία
294 3112 389 3191 πικρά
412 3111 464 3171 καί
498 3106 651 3190 ἄχρηστός
683 3106 775 3169 ἐστιν.
822 3104 876 3168 ἐάν
910 3103 964 3168 οὖν
995 3114 1069 3187 μιγῃ
1091 3103 1112 3187 ἡ
1135 3104 1294 3190 όξυχολία
1315 3120 1351 3193 τῃ

166 3214 385 3299 μακροθυμίᾳ,
416 3211 567 3295 μιαίνεται
589 3210 609 3294 η
633 3209 837 3293 μακροθυμία
859 3212 912 3273 καί
937 3211 995 3273 οὐκ
1017 3209 1192 3292 εὔχρηστός
1216 3211 1350 3297 ἐστιτῷ

233 3372 250 3423 4
268 3367 317 3442 ἔσῃ
330 3388 335 3421 :
348 3368 379 3440 ἧς
398 3368 421 3424 G
437 3368 441 3438 l
458 3369 473 3420 5
492 3370 657 3437 πονηροῦ)
675 3366 699 3420 G
716 3364 720 3434 ί
736 3366 753 3419 6
770 3364 931 3433 πνεύματος
943 3384 950 3418 t
962 3364 997 3435 -{-
1008 3363 1078 3434 μηδὲ
1089 3364 1280 3435 μιαινόμενον
1297 3366 1350 3425 ὑπὸ

165 3471 212 3530 τῆς
230 3459 374 3530 όξυχολίας
393 3455 462 3508 Ath²
478 3456 482 3521 Ι
500 3455 514 3506 7
532 3457 578 3509 καί
592 3472 597 3505 :
611 3457 676 3507 ante
695 3452 768 3521 μετὰ
787 3451 878 3519 (³111
899 3450 952 3508 άπὸ
971 3452 1039 3521 Lm)
1052 3469 1059 3503 :
1072 3451 1152 3526 ῥύπῳ
1174 3453 1200 3507 G
1216 3454 1221 3523 Ι
1243 3456 1278 3509 12
1297 3455 1349 3512 ίπό

163 3545 232 3601 Ath²
246 3563 252 3596 ι
265 3545 320 3600 άτό
340 3543 364 3597 G
380 3545 384 3613 γ
402 3544 434 3597 14
454 3537 503 3598 οὖν
520 3540 610 3594 Ιιιλιιί
623 3538 694 3594 Ath2
706 3558 712 3592 :
726 3539 754 3595 δὲ
768 3540 791 3592 G
807 3540 811 3607 Ι
827 3537 971 3606 πνεύματα
984 3539 1018 3609 -Ι-
1032 3537 1104 3593 um
1120 3541 1124 3606 Ι
1143 3541 1176 3594 15
1196 3539 1350 3616 άσύμφορά

163 3674 169 3686 .
190 3674 195 3686 .
216 3631 323 3702 πονηρὰ
342 3630 364 3684 G
390 3628 394 3698 Ι
420 3629 496 3694 lssm
515 3628 599 3700 λάβῃς
618 3666 643 3679 ..
664 3630 710 3682 καὶ
729 3626 878 3693 G(L¹):>
896 3626 972 3686 UA,
1000 3622 1094 3696 λαβὼν
1119 3625 1193 3679 Ath²
1212 3628 1270 3683 edd
1289 3648 1323 3699 pr

164 3722 196 3776 16
214 3721 349 3791 ἀψινθίου
367 3717 426 3771 L¹A
437 3715 507 3769 Ath²
520 3733 527 3767 t
540 3714 674 3786 ἀῳίνθιον
692 3713 786 3768 GAnt
803 3711 859 3780 (12⁴²)
885 3712 888 3780 γ
916 3711 947 3765 18
968 3719 1103 3768 τοσοῦτον
1128 3742 1165 3751 -
1192 3713 1348 3773 ἀπόλλυται

162 3806 301 3861 Ath²Ant
316 3801 650 3875 L¹A(L²):ntx9ac'qu
675 3801 678 3868 Ι
706 3801 737 3855 19
755 3798 928 3856 ἀπολλύειθι
954 3799 958 3864 ί
984 3798 1066 3863 21ί22
1085 3797 1125 3866 είς
1151 3805 1185 3856 τὸ
1202 3825 1233 3871 μ.
1253 3834 1288 3843 -
1307 3799 1347 3860 εὖ

160 3914 281 3965 χρηστον
301 3893 346 3962 («Ι-
359 3892 469 3957 ιιάντιυς
487 3888 563 3951 Ath²‚
578 3887 634 3956 Αθ)
654 3891 757 3961 γίνεται
771 3886 840 3941 Ath²
855 3885 900 3939 LA
913 3903 919 3936 ι
933 3883 976 3940 ἐπὶ
995 3885 1028 3941 τό
1041 3883 1182 3957 ἀῳίνθιον
1199 3894 1240 3961 μη
1256 3893 1348 3965 βληθῇ

162 3980 195 4035 τό
212 3980 282 4049 μέλι,
302 3978 365 4035 οὐδὲ
385 3975 535 4050 εὔχρηστόν
553 3975 610 4033 ἐστι
630 3975 654 4029 G
670 3977 674 4043 Ι
696 3974 730 4028 23
747 3974 856 4048 βλέπεις
875 3974 968 4027 GAnt
980 3971 1013 4024 L²
1033 3972 1069 4026 cf.
1091 3973 1190 4028 Mand.
1210 3977 1259 4041 vl,
1280 3982 1304 4041 1,
1316 3981 1348 4039 4;

162 4066 185 4126 2,
205 4065 336 4137 θεβλέπε
356 4065 386 4118 L¹
401 4061 506 4118 AAth²
522 4061 526 4131 Ι
543 4057 592 4118 οὖν
610 4061 657 4115 LA
670 4060 739 4114 Ath²
753 4079 759 4113 :
772 4065 807 4127 >
826 4059 849 4114 G
868 4061 926 4113 Ant
950 4059 954 4126 Ι
977 4059 1010 4112 ‘24
1029 4068 1069 4134 τῷ
1088 4065 1176 4138 κυρίῳ
1196 4062 1258 4119 L¹A
1277 4064 1346 4119 Ath¹

162 4151 219 4203 Ant
233 4169 238 4202 :
253 4159 291 4224 τῳ
310 4157 368 4225 θεῷ
388 4150 445 4204 GL*
462 4149 466 4218 Ι
481 4149 550 4219 αὐτῇ
564 4147 625 4218 ί-(λ
643 4149 737 4221 κύριος
756 4148 780 4202 G

196 4288 229 4340 V.
248 4287 350 4343 Totum
373 4290 432 4343 fere
449 4287 616 4342 mandatum
641 4287 791 4356 exstatlin
809 4285 971 4355 Praeceptis
992 4286 1027 4339 ad
1046 4286 1180 4343 Antioch.
1202 4307 1225 4344 c,
1245 4293 1269 4345 5.
1295 4291 1346 4346 De*
