2834 5018
176 285 240 349 408
519 277 696 334 EPISTULA
713 278 764 333 AD
782 277 1003 335 DIOGNETUM

180 457 306 541 τροφέα,
330 456 459 541 πατέρα,
482 457 681 536 διδάσκαλον,
705 455 890 542 σύμβουλον,
915 455 1028 538 ἰατρόν,
1052 464 1136 534 νοῦν,
1159 464 1244 538 φῶς,
1261 455 1366 540 τιμήν,

179 561 282 641 δόξαν,
306 562 405 645 ἰσχύν,
428 562 523 646 ζωήν,
546 564 614 645 περὶ
637 561 788 636 ἐνδύσεως
810 563 863 623 καί
887 571 1001 644 τροφῆς
1024 563 1065 645 μὴ
1089 571 1256 644 μεριμνᾶν.

266 669 304 733 X.
330 665 453 752 Ταύτην
476 669 529 730 καί
553 670 590 730 σὺ
613 669 668 750 τὴν
691 665 792 730 πύστιν
816 665 870 728 ἐὰν
893 664 1050 748 ποθησης,
1073 667 1127 728 καί
1150 665 1257 751 λάβης
1282 675 1366 749 πρῷ·

180 792 233 834 τον
256 772 312 854 μέν
335 770 500 855 ἐπίγνωσιν
523 773 648 855 πατρός.
694 776 723 838 2.
749 771 766 833 ό
788 772 849 854 γὰρ
872 771 948 844 θεός
971 773 1042 845 τοὺς
1065 768 1263 852 ἀνθρώπους
1287 771 1365 855 ἠγά·

152 896 269 960 ιπησε,
292 874 332 938 δι’
354 878 406 950 ούς
430 875 556 960 ἐποίησε
578 878 631 939 τόν
646 875 774 959 κόσμον,
799 873 843 950 οἷς
865 873 998 950 ὑπέταξε
1013 874 1116 937 πάντα
1138 876 1180 936 τά
1198 875 1233 938 ἐν
1256 885 1300 959 τῇ
1314 885 1364 959 γῇ,

179 977 223 1055 οἶς
246 979 339 1064 λόγον
363 980 489 1059 ἔδωκεν,
513 978 557 1054 οἷς
580 989 661 1058 νοῦν,
686 978 730 1055 οἷς
753 979 857 1063 μόνοις
881 983 945 1042 ἀνω
969 981 1045 1061 πρός
1069 980 1163 1042 αὐτόν
1188 979 1270 1061 δρᾶν
1296 979 1365 1043 ἐπέ·

180 1084 301 1167 τρεψεν,
326 1087 378 1160 οὐς
402 1087 439 1148 ἐκ
461 1096 515 1168 της
539 1085 615 1160 ἰδίας
638 1085 756 1160 εἰκόνος
773 1083 902 1163 ἐπλασε,
926 1086 1002 1166 πρὸς
1018 1085 1071 1158 οὐς
1093 1084 1283 1149 ἀπέστειλε
1306 1086 1365 1150 τόν

179 1189 255 1252 υἱὸν
277 1192 382 1253 αὐτοῦ
411 1190 472 1253 τόν
498 1196 681 1274 μονογενῆ,
714 1186 758 1264 οἷς
781 1191 836 1271 τὴν
867 1187 899 1251 ἐν
923 1189 1043 1270 οὐρανῷ
1073 1187 1240 1273 βασιλείαν
1268 1188 1364 1275 ἐπηγ-

181 1290 307 1375 γείλατο
330 1295 383 1356 καὶ
413 1293 505 1357 δύσει
528 1303 591 1369 τοῖς
620 1293 819 1378 ἀγαπήσασιν
848 1293 951 1355 αὐτόν.
997 1297 1026 1359 3.
1052 1290 1198 1375 ἐπιγνοὺς
1222 1292 1260 1356 δέ
1284 1292 1365 1369 τίνος

143 1415 168 1453 ιι
182 1397 237 1458 οἴει
271 1396 542 1481 πληρωθήσεσθαι
576 1409 692 1481 χαρᾶς;
726 1399 836 1481 ηπῶς
867 1397 1039 1481 ἀγαπήσεις
1072 1398 1125 1459 τδν
1160 1400 1268 1473 οὓτως
1291 1419 1364 1480 προ-

182 1500 389 1586 αγαπησαντά
413 1525 462 1583 σε;
491 1508 521 1570 4.
545 1502 710 1587 ἀγαπήσας
733 1504 767 1566 δέ
790 1504 923 1586 μιμητὴς
946 1503 1003 1584 έση
1027 1503 1121 1564 αὐτοῦ
1145 1511 1203 1584 της
1227 1503 1365 1587 χρηστό-

182 1627 282 1691 τητος.
327 1608 380 1669 καὶ
404 1609 445 1690 μὴ
461 1609 639 1692 θαυμάσης,
663 1608 690 1671 εἰ
713 1607 840 1671 δύναται
865 1609 997 1691 μιμητὴς
1014 1609 1185 1688 ἄνθρωπος
1209 1608 1365 1692 γενέσθαι

182 1715 271 1777 θεοῦ.
316 1711 443 1775 δύναται
475 1712 625 1788 θέλοντος
648 1715 753 1778 αὐτοῦ.
801 1717 831 1779 5.
855 1714 975 1795 οὐγὰρ
1009 1713 1044 1774 τό
1075 1712 1365 1777 καταδυναστεύειν

181 1816 396 1902 τῶνπλησίον
427 1817 499 1880 οὐδὲ
527 1819 563 1879 τό
585 1815 681 1880 πλέον
711 1818 793 1900 ἔχειν
822 1815 994 1902 βούλεσθαι
1026 1824 1088 1879 τῷν
1119 1816 1366 1901 ἀσθενεστέρων

143 1940 169 1977 1⁵
184 1923 255 1985 οὐδέ
277 1925 313 1986 τό
343 1922 487 1986 πλουτεῖν
516 1923 569 1984 καί
601 1921 767 2007 βιάζεσθαι
791 1924 862 1996 τοὺς
892 1919 1132 2001 ὑποδεεστέρους
1166 1922 1364 2004 εὐδαιμονεῖν

183 2026 274 2106 ἐστιν,
298 2026 370 2089 οὐδέ
393 2025 425 2088 ἐν
448 2026 566 2101 τούτοις
589 2026 716 2089 δύναταί
739 2047 783 2101 τις
807 2025 1005 2108 μιμήσασθαι
1029 2026 1121 2104 θεόν,
1155 2025 1246 2089 ἀλλὰ
1268 2037 1366 2090 ταῦτα

183 2130 272 2205 ἐκτδς
304 2141 358 2214 της
381 2129 501 2195 ἐκείνου
530 2130 779 2215 μεγαλειότητος.
826 2135 854 2196 6.
880 2128 951 2191 ἀλλ’
974 2131 1058 2204 ὅστις
1080 2130 1116 2191 τό
1140 2138 1198 2192 τοῦ
1232 2131 1365 2216 πλησίον

183 2235 367 2317 ἀναδέχεται
398 2233 509 2320 βάρος,
542 2236 575 2310 ὃς
599 2234 631 2297 ἐν
662 2232 686 2318 ᾧ
711 2234 864 2316 κρείσσων
896 2235 979 2297 ἐστὶν
1002 2235 1106 2315 ἕτερον
1137 2236 1192 2297 τόν
1219 2234 1365 2300 ἐλαττού-

184 2359 275 2421 μενον
299 2341 469 2423 εὐεργετεῖν
493 2338 615 2418 ἐθέλει,
646 2340 679 2414 ός
702 2340 722 2401 ἃ
745 2341 829 2421 παρὰ
852 2346 906 2400 τοῦ
930 2341 1009 2403 θεοῦ
1032 2336 1137 2422 λαβὼν
1161 2338 1244 2421 ἔχει,
1267 2351 1365 2403 ταῦτα

145 2460 171 2498 ιν
185 2452 248 2518 τοῖς
271 2441 476 2526 ἐπιδεομένοις
499 2453 643 2527 χορηγῶν
666 2445 741 2519 θεὸς
764 2443 879 2528 γίνεται
904 2451 965 2506 τῷν
994 2441 1245 2527 λαμβανόντων,
1279 2443 1366 2520 ούτος

184 2546 315 2631 μιμητής
340 2547 404 2610 ἐστι
427 2552 516 2614 θεοῦ.
563 2552 591 2614 7.
616 2549 686 2611 τότε
716 2549 820 2631 θεάση
843 2548 1006 2632 τυγχάνων
1034 2546 1084 2609 ἐπὶ
1105 2557 1181 2630 γῆς,
1218 2551 1268 2612 ότι
1293 2552 1366 2624 θεός

185 2650 217 2715 ἐν
241 2653 380 2734 οὐρανοῖς
402 2651 612 2732 πολιτεύεται,
645 2654 716 2716 τότε
738 2651 890 2735 μυστήρια
923 2655 1001 2717 θεοῦ
1035 2649 1142 2715 λαλεῖν
1167 2652 1268 2737 ἀρξη,
1299 2655 1367 2718 τότε

184 2759 255 2832 τοὺς
277 2755 506 2840 κολαζομένους
529 2757 578 2821 ἐπὶ
602 2766 645 2841 τῷ
679 2761 721 2841 μὴ
745 2756 852 2823 θέλειν
876 2756 1076 2839 ἀρνήσασθαι
1106 2757 1185 2820 θεὸν
1210 2759 1268 2820 καί
1292 2761 1367 2843 ἀγα-

185 2861 293 2944 πήσεις
316 2863 369 2924 καί
394 2862 583 2944 θαυμάσεις·
608 2862 678 2925 τότε
701 2872 755 2945 τῆς
778 2863 899 2946 ἀπάτης
921 2871 976 2924 τοῦ
992 2861 1113 2943 κόσμου
1136 2862 1191 2922 καί
1209 2873 1268 2947 της
1290 2863 1367 2927 πλά·

147 2987 171 3027 τι
186 2987 239 3050 νης
260 2966 467 3051 καταγνύση,
499 2969 574 3029 όταν
597 2968 632 3029 τό
660 2965 791 3050 ἀληθῶς
815 2965 847 3030 ἐν
871 2967 992 3048 οὐρανῷ
1025 2965 1081 3047 ζήν
1105 2963 1263 3048 ἐπιγνῷς,
1295 2970 1367 3031 όταν

185 3079 239 3132 τοῦ
271 3070 436 3145 δοκοῦντος
467 3069 584 3135 ἐνθάδε
612 3070 754 3134 θανάτου
783 3068 1042 3152 καταφρονήσης,
1076 3070 1151 3129 όταν
1184 3070 1242 3133 τόν
1273 3074 1368 3146 ὄντως

187 3174 326 3238 θάνατον
350 3173 513 3259 φοβηθῇς,
546 3175 579 3248 ὃς
603 3173 795 3256 φυλάσσεται
819 3182 881 3247 τοῖς
914 3171 1246 3255 κατακριθησομένοις
1270 3176 1314 3252 εἰς
1335 3178 1368 3239 τό

256 3331 337 3385 3καί
355 3329 440 3402 λάβῃς
457 3329 683 3402 Αλιικατάλαβε
711 3347 763 3383 eon
790 3328 933 3383 Gebhardt
956 3328 960 3396 λ
985 3325 1050 3383 όέν
1071 3332 1105 3399 τῇ
1124 3328 1266 3400 γῇιέν..
1285 3335 1324 3397 Δ,
1343 3331 1371 3389 ἐν

188 3415 259 3483 (εἰπε
279 3416 374 3485 spatio
393 3419 494 3487 vacuo)
512 3417 532 3470 h
548 3417 584 3488 16
602 3413 660 3473 ἄνω
679 3416 766 3472 ὐεύ.
782 3456 788 3469 .
808 3418 839 3478 Α,
859 3412 953 3484 ἀεὶλιΙ
972 3416 1004 3470 18
1021 3419 1142 3490 κρεῖσσῳ
1162 3414 1368 3492 ὐΙὲτεροςύλ

189 3503 220 3556 19
238 3501 269 3570 ὃς
287 3499 389 3561 ἅπύσα
408 3505 462 3558 Ah
478 3504 482 3573 Ι
498 3504 532 3557 25
551 3502 669 3578 ἐπιγνῷς
687 3520 731 3556 em
749 3501 942 3574 Ιιιέιιιγνὼσρ
960 3502 992 3563 Α,
1014 3500 1115 3571 τύσηύ
1131 3502 1135 3571 l
1152 3504 1187 3556 27
1207 3506 1373 3574 τὸΑι>ὐ

223 3624 255 3688 X,
274 3627 298 3679 2.
317 3628 350 3683 δι’
364 3623 411 3692 σός
424 3624 533 3697 ἐποίησε
546 3647 569 3683 τ.
582 3626 619 3695 κ]
639 3625 927 3680 τεκνοποιοῦνται
955 3620 1109 3696 ἄνθρωπος
1137 3622 1301 3697 ἀνθρώπου
1319 3635 1371 3686 θαι·

188 3712 268 3780 Αρολ.
288 3712 307 3775 Ι,
328 3712 374 3773 10;
392 3711 473 3781 Apol.
492 3713 525 3776 11,
544 3715 568 3766 4.
787 3715 893 3781 μόνων,
906 3711 924 3764 i.
935 3727 958 3764 ε.
968 3710 1053 3763 homo
1063 3709 1173 3763 homini
1183 3711 1272 3769 Deus.
1292 3716 1373 3782 Quod

223 3798 247 3850 3.
266 3797 404 3871 ἐπιγνούς]
424 3816 459 3853 sc.
480 3802 531 3857 τὸν
548 3799 661 3872 πατέρα.
788 3799 852 3853 ideo
871 3798 989 3861 dicitur,
1018 3797 1171 3864 quoniam,
1199 3799 1270 3856 dum
1290 3802 1373 3857 alicui

223 3886 246 3938 5.
266 3884 335 3942 ἀλλὰ
354 3896 440 3945 ταῦτα
451 3887 521 3957 κτλ]
540 3887 558 3940 i.
573 3904 595 3941 e.
613 3888 685 3941 haec
697 3891 763 3941 sunt
790 3887 977 3955 opitulamur.
1005 3885 1059 3936 hoc
1086 3883 1150 3952 ipso
1181 3885 1265 3941 facto
1285 3888 1373 3942 Deum

190 3971 419 4027 eontrariaillius
439 3972 595 4027 ditissimae
608 3972 762 4027 beneficen·
789 3973 941 4027 imitamur.
978 3971 1057 4034 Quod
1076 3987 1141 4023 cum
1160 3971 1199 4025 ab
1228 3973 1297 4028 aliis
1315 3975 1374 4030 eth-

190 4056 254 4117 tiae.
275 4075 360 4124 quam
377 4058 484 4115 imitari
501 4060 642 4113 debemus.
774 4059 861 4171 ‘nicia
886 4060 946 4112 tum
972 4075 1038 4112 vero
1058 4074 1075 4109 a
1092 4057 1238 4112 Strabone
1267 4062 1374 4116 dictum

225 4146 248 4197 6.
269 4147 336 4212 θεὸς
353 4167 377 4216 y.
397 4166 420 4201 τ.
439 4147 647 4218 λαμβανόντων]
667 4147 699 4199 In
716 4146 761 4198 his
790 4147 840 4200 est.
877 4146 917 4198 Αο
931 4144 1005 4200 inter
1017 4148 1117 4214 ροὲόινε
1129 4145 1242 4199 latinos
1256 4147 1375 4203 Ovidius

190 4230 282 4284 verbis
294 4231 383 4286 videri
402 4232 493 4301 possit
506 4231 629 4286 alludere
648 4233 685 4286 ad
699 4250 777 4303 pro-1
791 4232 924 4299 quiddam
934 4232 992 4287 tale
1002 4231 1078 4286 canit
1087 4230 1291 4301 (Stephanus).
1310 4237 1375 4291 Ρτυ
