2834 5018
179 335 244 400 268
603 328 744 387 IGNATII
761 328 938 385 EPISTULA

178 505 320 590 ἠλεήθην
344 505 496 587 ἐπιτύχω,
519 508 708 591 προσφυγὼν
731 514 774 589 τῷ
798 505 970 590 εὐαγγελίῳ
995 505 1036 581 ὡς
1059 509 1150 588 σαρκί
1175 506 1281 593 Ἰησοῦ
1304 509 1358 570 καί

179 620 242 686 τοῖς
258 610 444 686 ἀποστόλοις
461 611 503 687 ὡς
527 611 735 696 πρεσβυτερίῳ
752 610 931 695 ἐκκλησίας.
979 616 1008 678 2.
1032 613 1086 675 καί
1108 615 1179 687 τοὺς
1194 611 1358 695 προφήτας

178 715 213 779 δέ
235 717 416 799 ἀγαπῶμεν,
439 716 490 779 διὰ
513 717 548 778 το
571 718 624 778 καί
646 717 758 791 αὐτοὺς
783 717 825 792 εἰς
848 717 883 779 τὸ
900 715 1082 799 εὐαγγέλιον
1105 714 1357 801 κατηγγελκέναι

177 822 230 883 καί
254 821 297 896 εἰς
320 822 414 884 αὐτὸν
438 820 573 898 ἐλπίζειν
596 822 649 884 καί
673 822 766 884 αὐτὸν
790 820 963 904 ἀναμένειν,
989 820 1021 884 ἐν
1045 818 1070 904 ᾧ
1093 823 1147 883 καί
1170 820 1356 883 πιστεύσαν-

151 945 228 1001 ιτες
251 924 438 1010 ἐσιύθησαν,
469 923 501 987 ἐν
524 923 644 1008 ἐνύτητι
666 922 769 1008 Ἰησοῦ
793 925 929 1007 Χριστοῦ
953 926 1049 1003 ὄντες,
1073 924 1280 1009 ἀξιαγοίπητοι
1302 924 1356 986 καί

177 1030 425 1114 ἀξιοθαύμαστα
448 1032 539 1113 ἀγιοι,
563 1030 624 1092 ὑπὸ
641 1027 747 1113 Ἰησοῦ
762 1030 898 1111 Χριστοῦ
921 1027 1186 1112 μεμαρτυρημένα
1209 1030 1263 1092 καί
1286 1050 1356 1092 συν-

175 1135 382 1220 ηριθμημὲνσι
406 1133 439 1198 ἐν
463 1142 506 1217 τῷ
531 1132 704 1218 εὐαγγελίῳ
727 1143 781 1218 τῆς
804 1144 911 1217 κοινῆς
934 1132 1068 1208 ἐλπίδος.

263 1241 318 1305 VI.
345 1239 421 1303 Ἐὰν
444 1239 479 1303 δέ
501 1260 546 1314 τις
568 1237 765 1322 Ἰουδαϊσμὸν
788 1238 941 1323 ἐρμηνεύη
964 1239 1050 1321 ύμῖν,
1074 1240 1121 1322 ιμὴ
1146 1237 1278 1300 ἀκούετε
1301 1238 1355 1300 αὐ-

176 1351 241 1407 τοῦ.
267 1346 392 1426 ἀμεινσν
414 1344 475 1428 γάρ
492 1343 575 1408 ἐστιν
597 1347 683 1427 παρά
699 1345 809 1428 ἀνδρὸς
831 1347 999 1427 περιτομὴν
1015 1346 1142 1427 ἔχοντος
1157 1343 1356 1426 Χριστιανισ-

139 1471 164 1508 ro
178 1450 235 1532 μὸν
259 1449 394 1530 ἀκούειν,
417 1451 438 1534 ἢ
459 1453 545 1532 παρά
575 1449 770 1535 ἀκροβύστου
794 1448 998 1533 Ἰουδαίσμύκ
1044 1449 1099 1513 ἐάν
1122 1449 1157 1512 δέ
1186 1447 1355 1531 ἀμφύτερα

176 1555 245 1637 περί
262 1552 366 1639 Ἰησοῦ
381 1552 519 1637 Χριστοῦ
543 1558 584 1639 μὴ
600 1555 747 1634 λαλῶσιν,
773 1553 857 1618 ούτοι
873 1555 941 1638 ἐμοί
965 1554 1077 1639 στῆλαί
1093 1555 1169 1618 εἰσιν
1191 1555 1246 1616 καί
1262 1552 1356 1635 τάφοι

176 1669 305 1742 νεκρῶν,
329 1658 377 1742 ἐφ’
399 1656 444 1734 οίς
466 1659 637 1744 γέγραπται
662 1661 756 1744 μόνον
778 1660 917 1742 ὀνόματα
941 1658 1129 1741 ἀνθρώπων.
1176 1662 1206 1723 2.
1224 1657 1355 1741 φεύγετε

176 1761 230 1827 σύν
253 1766 309 1839 τὰς
331 1764 538 1847 κακοτεχνίας
570 1765 623 1826 καί
647 1762 771 1845 ἐνέδρας
800 1771 856 1825 τοῦ
887 1765 1036 1845 ἄρχοντος
1064 1773 1118 1826 τοῦ
1150 1763 1264 1837 αἰῶνος
1287 1761 1355 1824 τού·

176 1891 241 1949 του,
264 1869 386 1952 μήποτε
401 1868 564 1954 θλιβέντες
586 1878 624 1952 τη
639 1867 749 1954 γνώμη
764 1869 859 1931 αὐτοῦ
883 1867 1111 1950 ἐξασθενίγσετε
1127 1866 1159 1929 ἐν
1175 1875 1213 1951 τῇ
1230 1866 1354 1950 ἀγάπη·

137 1992 162 2030 υ
176 1973 259 2037 ἀλλά
281 1974 395 2049 πάντες
426 1973 475 2037 ἐπί
507 1975 543 2037 τὸ
573 1974 650 2037 αὐτὸ
678 1973 807 2057 γίνεσθε
837 1972 869 2036 ἐν
899 1973 1053 2056 ἀμερίστῳ
1083 1971 1205 2055 καρδίᾳ.
1252 1975 1282 2038 3.
1307 1972 1355 2034 εὐ-

175 2084 313 2159 χαριστῶ
337 2077 371 2140 δέ
394 2085 438 2160 τῷ
462 2079 530 2161 θεῷ
553 2098 630 2160 μου,
663 2080 710 2140 ύτι
734 2076 946 2161 εὐσυνείδητύς
975 2077 1035 2160 είμι
1058 2076 1091 2139 ἐν
1121 2075 1191 2159 ύμῖν
1220 2077 1275 2138 καί
1298 2075 1355 2138 ούκ

175 2182 240 2263 ἔχει
264 2201 308 2255 τις
323 2181 551 2264 καυχήσασθαι
574 2183 645 2245 οὔτε
662 2180 769 2262 λοίθρα
792 2183 864 2243 οὔτε
880 2188 1031 2262 φανερῶς,
1055 2182 1101 2242 ὅτι
1124 2179 1265 2264 ἐβοίρησοὶ
1288 2198 1354 2242 τινα

176 2285 208 2349 ἐν
232 2294 331 2370 μικρῷ
354 2288 375 2370 η
398 2289 430 2350 ἐν
454 2285 591 2370 μεγοίλῳ.
636 2285 691 2348 καί
713 2295 789 2349 πᾶσι
812 2284 864 2364 δέ,
899 2283 931 2347 ἐν
956 2282 1000 2359 οίς
1023 2282 1181 2367 ἐλάλησα,
1212 2285 1354 2367 εὔχομαι,

175 2392 226 2454 ίνοι
250 2393 291 2473 μὴ
316 2390 358 2465 εἰς
381 2390 546 2473 μαρτύριον
570 2391 646 2453 αὐτὸ
668 2389 855 2473 κτήσωνται.

136 2512 160 2551 ²⁰
264 2496 336 2560 VII.
360 2493 400 2558 Εί
427 2496 488 2578 γάρ
511 2497 565 2557 καί
587 2497 670 2558 κατὰ
701 2495 804 2576 σοίρκα
826 2494 865 2578 μέ
887 2515 965 2570 τινες
997 2493 1161 2578 ἠθέλησαν
1184 2493 1352 2578 πλανῆσαι,

245 2702 262 2754 3
280 2699 433 2774 ἀγαπῶμεν
451 2698 626 2772 (λΙιεάγαπῶ
643 2700 688 2767 Ag
704 2701 708 2767 Ι
724 2699 741 2753 8
759 2703 844 2766 τις)
862 2699 884 2752 L
900 2700 904 2769 ί
920 2697 985 2769 ύμῖν
1003 2700 1049 2753 LA
1061 2718 1067 2752 :
1079 2704 1144 2770 ἡμῖν
1163 2700 1188 2755 G
1204 2703 1209 2768 Ι
1233 2701 1266 2755 15
1286 2699 1355 2757 ἀλλὰ

176 2787 420 2859 (ὶΑςε-ί-καίΙιΙ
439 2789 471 2844 18
489 2788 519 2845 δὲ
537 2786 653 2854 GL2>
672 2788 716 2856 Ag

210 2978 242 3042 V,
264 2980 287 3033 1.
306 2977 456 3054 εύαγγελίῳ
473 2978 543 3047 κτλ]
563 2977 644 3031 Ηυυσ
656 2976 750 3031 locum
778 2977 922 3046 apostolos
942 2983 1008 3033 ant-e
1027 2980 1118 3033 dictos
1137 2980 1254 3041 asserit,
1281 2978 1354 3047 quod

175 3064 225 3117 alii
243 3064 326 3119 aliter
344 3064 525 3134 interpretati
542 3068 615 3117 sunt
635 3064 749 3128 Quaeri-
778 3064 882 3118 dixisse
901 3066 955 3119 sibi
975 3065 1065 3119 videri
1082 3083 1139 3119 non
1156 3066 1312 3135 potuisset,
1331 3063 1354 3116 si

173 3156 220 3207 tur
238 3152 404 3222 praecipue,
428 3151 497 3219 quid
519 3153 557 3206 sit
581 3151 749 3224 εὐαγγέλιον,
762 3186 765 3215 :
778 3150 891 3206 eosdem
909 3152 1046 3218 tanquam
1063 3152 1250 3222 epistularum
1270 3152 1353 3220 scrip·

174 3243 268 3293 utrum
293 3238 443 3309 evangelia
468 3237 573 3309 scripta
598 3238 641 3293 vel
659 3232 852 3309 primatiores
871 3238 1083 3307 evangeliorum
1101 3238 1182 3292 libris
1195 3238 1352 3294 adiecisset

174 3344 240 3396 pars
259 3326 331 3380 Novi
359 3326 551 3389 Testamenti,
581 3325 658 3379 cuius
684 3320 877 3394 parsiItaque
895 3325 1043 3395 evaugelio
1062 3324 1098 3378 ab
1117 3325 1258 3395 apostolis
1276 3341 1353 3396 prae·

175 3412 265 3465 altera
283 3411 436 3470 ἀπόστολοι
454 3413 500 3466 vel
519 3411 658 3482 epistulae
684 3428 749 3480 epo·
762 3438 765 3481 γ
777 3412 885 3474 dicato,
914 3413 950 3466 ab
968 3413 1089 3466 ecclesia
1107 3412 1162 3467 fide
1180 3419 1304 3484 recepto,
1323 3414 1353 3467 li·

174 3498 317 3561 stolorum,
337 3516 374 3553 an
391 3515 502 3553 summa
514 3499 660 3554 doctrinae
679 3497 749 3552 chri-
762 3488 764 3561 Ι
777 3501 834 3554 bris
854 3517 967 3567 quoque
985 3500 1070 3553 variis
1084 3506 1223 3570 concepto
1243 3504 1353 3571 aposta

174 3585 285 3639 atienae
304 3586 363 3639 sive
389 3586 511 3655 scriptae
535 3587 593 3639 sive
612 3601 660 3639 ore
687 3601 749 3655 pro·
778 3588 820 3642 los
834 3587 970 3657 adiungit,
985 3588 1034 3653 qui
1047 3587 1188 3658 evangelii
1200 3587 1353 3657 praeconio

173 3672 338 3737 nuntiatae,
366 3678 453 3741 atque
483 3673 607 3743 apostoli
635 3675 664 3727 et
686 3690 749 3741 prc-
776 3692 832 3729 non
845 3674 1354 3733 fundarunttantumecclesiam.sed

173 3758 277 3828 phetac
295 3759 328 3823 ii,
354 3761 403 3827 qui
422 3777 483 3814 euru
501 3761 702 3831 praedicarunt
720 3764 749 3815 et
761 3808 764 3849 5
776 3762 863 3816 etiam
880 3778 953 3814 nunc
966 3765 1105 3828 tanquam
1122 3762 1284 3831 presbyteri
1295 3761 1354 3816 uni·

172 3844 275 3900 litteris
296 3848 472 3901 mundarunt.
509 3847 589 3901 Hanc
612 3847 748 3916 interpre·
761 3854 763 3911 ί
776 3866 873 3903 versae
883 3848 1018 3903 ecclesiae
1028 3853 1165 3917 praesunt
1176 3850 1354 3919 (cf.Magn.b‘.

173 3933 312 3987 tationem
324 3934 367 3987 illi
379 3935 596 4005 praeferendum
609 3949 670 3986 esse
684 3949 747 3987 con·
761 3924 764 4017 ί
777 3935 861 3989 Trall.
874 3936 898 3989 2.
912 3936 946 4004 3),
967 3935 1100 3990 docentes
1112 3936 1221 3990 discere
1242 3935 1355 4005 cupien-

172 4022 267 4072 textus
302 4020 391 4075 dccet
438 4023 524 4076 Recte
553 4022 628 4075 enim
655 4020 747 4074 Zahn:
761 4062 763 4105 γ
776 4026 826 4085 tes,
834 4021 1036 4091 respondentes
1047 4023 1355 4091 consulentibusipsos.

175 4106 244 4159 Cum
256 4107 411 4175 prophetas
425 4110 454 4161 et
472 4109 549 4177 ipsos
563 4110 620 4179 (καί
638 4107 748 4176 αὐτούς)
775 4109 989 4179 praecipientes,
1004 4128 1199 4178 quaecumque
1216 4112 1254 4165 ad
1273 4109 1355 4164 disci·

174 4193 350 4260 evangelium
376 4195 559 4249 annuntiasse
583 4195 661 4248 dicat
679 4194 748 4263 Ign,
775 4195 882 4264 plinam
909 4197 1069 4264 pertinent:
1098 4214 1171 4266 quse
1199 4198 1298 4252 omnia
1320 4196 1355 4250 ub

169 4277 324 4345 primarios
350 4279 489 4348 evangelii
516 4297 669 4350 praecones
688 4297 748 4336 esse
776 4282 912 4352 apostolis
932 4283 1043 4338 assidue
1061 4285 1123 4338 fieri
1145 4302 1203 4339 non
1222 4301 1309 4355 posse
1325 4284 1357 4337 li-
