2834 5018
431 664 481 719 AD
501 663 676 719 Romanos
696 664 769 729 VIII,
790 666 875 730 l-X,
893 667 917 720 2.
1196 672 1261 736 263

167 842 253 906 VIII.
278 842 364 908 Nolo
395 843 532 928 amplius
561 846 733 909 secundnm
760 844 904 909 homines
935 843 1047 909 vivere.
1094 845 1131 910 Id
1156 850 1261 910 autem

78 950 143 1017 fiet,
169 948 196 1012 si
220 969 275 1013 vos
297 949 470 1014 volueritis
515 949 631 1013 Velitis
652 971 783 1032 precor,
814 954 850 1013 ut
873 954 905 1013 et
926 972 982 1014 vos
1008 950 1260 1015 benevolentiam

78 1052 258 1118 inveniatis.
307 1056 336 1118 2.
362 1053 478 1118 Paucis
501 1053 616 1117 litteris
640 1059 714 1137 peto
738 1077 757 1118 a
779 1055 882 1119 vobis:
908 1055 1025 1120 credite
1040 1055 1126 1119 mihi.
1172 1055 1259 1120 Iesus

80 1157 226 1222 Christus
242 1158 333 1222 robis
356 1157 435 1221 haec
450 1156 632 1240 patefaciet,
659 1157 742 1241 quod
765 1180 840 1222 vera
854 1158 984 1242 loquor3
1006 1160 1075 1243 ipse
1098 1180 1132 1223 os
1152 1180 1259 1227 verax.

79 1263 111 1325 in
136 1283 199 1346 quo
221 1267 313 1346 pater
335 1284 407 1326 vere
429 1261 554 1325 locutus
570 1265 627 1326 est.
674 1263 704 1326 3.
729 1262 835 1326 Petite
857 1285 992 1347 prome,
1016 1269 1053 1328 ut
1076 1285 1285 1349 consequens

79 1365 154 1431 Non
177 1368 349 1432 secundum
373 1388 507 1442 carnem,
533 1366 587 1429 sed
610 1368 783 1432 secundum
797 1374 935 1433 mentem
959 1369 1008 1433 dei
1032 1370 1120 1434 vobis
1136 1370 1257 1454 scripsi.

79 1472 114 1537 Si
138 1474 251 1557 patiar,
276 1474 357 1537 bene
380 1470 459 1535 mihi
482 1470 645 1546 voluistis3
669 1471 718 1535 sin
740 1473 862 1551 reiciar,
887 1473 1005 1538 odistis.

167 1629 222 1693 IX.
248 1628 405 1693 Memores
439 1633 540 1693 estote
572 1629 605 1692 in
633 1629 781 1712 precibus
814 1631 926 1695 vestris
959 1630 1107 1695 ecclesiae
1139 1630 1257 1714 Syriae,

79 1756 161 1819 quae
184 1735 247 1798 mei
269 1733 339 1798 loco
372 1734 431 1797 deo
453 1738 581 1816 pastore
614 1733 723 1798 utitur.
774 1732 866 1799 Solus
889 1734 976 1798 lesus
1000 1734 1143 1799 Christus
1169 1734 1259 1799 illam

78 1839 147 1903 vioe
164 1838 305 1922 episcopi
327 1843 418 1922 reget
434 1844 530 1922 atque
552 1842 657 1903 vestra
673 1838 799 1903 caritas.
846 1840 875 1902 2.
899 1839 971 1924 Ego
988 1845 1094 1903 autem
1110 1841 1258 1904 erubesco
1274 1862 1298 1899 10

78 1964 118 2006 ex
142 1965 251 2007 eorum
274 1965 405 2008 numero
429 1943 506 2018 dici;
539 1965 602 2007 non
625 1942 709 2007 enim
732 1964 802 2007 sum
825 1943 956 2028 dignus,
987 1948 1100 2027 utpote
1123 1944 1178 2028 qui
1200 1944 1259 2008 sim

78 2046 211 2112 ultimus
241 2048 349 2111 eorum
372 2051 404 2111 et
436 2048 609 2113 abortivus.
652 2047 771 2112 Verum
799 2047 1046 2112 misericordiam
1075 2053 1259 2113 consecutus

78 2173 159 2227 sum,
184 2156 220 2215 ut
243 2172 345 2215 essem
363 2151 489 2236 aliquis,
514 2152 542 2215 si
565 2153 658 2215 deum
674 2173 857 2236 consequar.
904 2153 933 2217 3.
959 2150 1084 2216 Salutat
1099 2172 1155 2216 vos
1171 2174 1259 2217 meus

78 2255 211 2339 spiritus
235 2259 267 2319 et
290 2256 406 2321 caritas
429 2254 649 2331 ecclesiamm,
683 2277 764 2338 quae
786 2277 836 2319 me
860 2259 1051 2339 exceperunt
1077 2255 1111 2319 in
1132 2255 1260 2320 nomine

78 2361 152 2425 Iesu
175 2360 303 2439 Christi,
327 2383 391 2426 non
415 2364 452 2424 ut
474 2363 699 2425 transeuntem.
746 2359 874 2425 Etenim
888 2360 1048 2438 ecclesiae,
1074 2381 1154 2444 quae
1176 2360 1258 2424 nihil
1274 2380 1299 2418 1⁶

79 2467 119 2530 ad
142 2487 192 2529 me
215 2465 418 2548 pertinebant
440 2466 474 2529 in
496 2465 568 2541 via,
601 2484 681 2548 quae
705 2466 875 2529 secundum
903 2486 1028 2530 carnem
1051 2469 1115 2542 est,
1148 2465 1188 2528 ad
1209 2487 1260 2528 me

77 2570 111 2633 in
136 2569 279 2654 singulas
304 2570 448 2635 civitates
471 2568 728 2654 praecurrebant.

167 2726 206 2790 X.
234 2724 344 2792 Scribo
369 2731 475 2791 autern
490 2727 569 2791 haec
591 2726 681 2791 vobis
704 2724 872 2809 eSmyrna
893 2747 950 2809 per
964 2726 1121 2809 Ephesios
1137 2727 1259 2813 dignis·

76 2831 186 2906 simos,
212 2831 267 2915 qui
289 2833 375 2897 beati
391 2832 622 2916 praedicentur.
670 2829 797 2895 Mecum
812 2829 909 2894 etiam
930 2833 1066 2895 osteum
1089 2830 1160 2896 aliis
1175 2832 1259 2896 mul·

75 2935 120 2998 tis
144 2940 176 2999 et
198 2934 330 3013 Crocus,
361 2937 573 3002 desideratum
602 2935 682 3000 mihi
708 2956 832 2999 nomen.
878 2936 908 2998 2.
932 2934 981 2999 De
1004 2935 1067 3015 his,
1092 2937 1147 3021 qui
1168 2959 1218 3001 me
1241 2956 1299 3002 eso

77 3038 172 3122 Syria
195 3040 331 3105 Romam
354 3061 454 3125 nsque
475 3043 718 3124 praecesserunt
741 3039 781 3102 ad
804 3038 938 3122 gloriam
964 3039 1034 3117 dei,
1070 3041 1179 3117 credo,
1203 3063 1259 3106 vos

76 3165 132 3208 eos
157 3145 361 3229 cognovisse3
391 3145 575 3209 annuntiate
599 3164 725 3228 quoque
747 3143 796 3222 iis,
820 3165 871 3208 me
892 3164 992 3228 prope
1015 3166 1092 3210 esse.
1142 3144 1258 3211 Omnes

76 3249 163 3312 enim
187 3249 245 3314 deo
270 3255 302 3315 et
325 3250 414 3315 vobis
438 3250 527 3335 digni
549 3253 638 3328 sunt,
674 3253 705 3313 et
727 3269 781 3313 eos
808 3248 842 3312 in
865 3249 1010 3314 omnibns
1041 3270 1181 3314 recreare
1202 3270 1258 3314 ros

151 3473 182 3525 11
202 3468 215 3522 I
234 3469 293 3524 Cor.
314 3472 354 3534 15,
374 3471 398 3525 8.
417 3473 441 3526 9.

78 3661 287 3731 1;Tit.3,13)‚
307 3661 444 3726 comitari,
463 3663 606 3733 prosequi,
626 3667 655 3718 et
718 3661 750 3725 Χ,
772 3662 794 3715 1.
813 3664 846 3718 δι’
864 3661 1015 3734 Ἕφησίων]
1036 3661 1077 3718 of.
1098 3661 1259 3732 8111111112,

75 3748 208 3818 plerique
228 3768 292 3805 eum
310 3749 400 3804 secuti
419 3754 492 3804 sunt.
518 3748 573 3804 Sed
583 3767 655 3805 erra·
685 3753 714 3812 1;
733 3747 843 3802 Philad.
865 3753 904 3812 11,
924 3751 955 3812 2;
975 3750 989 3804 Ι
1007 3748 1079 3803 Patr.
1099 3750 1124 3803 5.
1145 3749 1185 3804 12.
1209 3750 1257 3805 Le·

75 3841 193 3899 verunt;
211 3854 278 3890 nem
296 3853 350 3891 vox
368 3837 504 3910 προάγειν
513 3836 655 3909 significat
684 3838 759 3908 gatis
777 3836 908 3907 Ephesiis
938 3835 1052 3891 domum
1076 3835 1258 3892 redeuntibus

74 3924 192 3991 praeire,
207 3925 373 3991 praecedere.
411 3924 453 3979 cf.
472 3924 564 3994 Polyo.
585 3924 656 3978 Phil.
683 3924 758 3978 hano
777 3923 929 3992 epistulam
946 3920 1080 3985 tradidit,
1108 3938 1194 3989 quarn
1212 3923 1259 3978 via

76 4010 102 4073 3,
122 4008 153 4070 3;
172 4007 269 4062 Iudith
287 4010 326 4074 10,
338 4013 387 4074 22;
406 4011 507 4066 Mattta
518 4012 560 4074 21,
571 4013 594 4066 9.
605 4011 655 4076 31;
683 4008 827 4065 maritima
848 4008 967 4064 Romam
992 4008 1101 4078 portari
1129 4014 1258 4065 curarent

76 4096 119 4159 26,
139 4096 187 4157 32;
207 4095 248 4158 28,
269 4098 296 4157 7;
325 4095 409 4151 Marc
432 4099 470 4162 10,
490 4100 538 4161 32;
568 4099 608 4162 11,
626 4099 656 4162 9;
683 4113 735 4168 per
753 4097 873 4151 Crocum
891 4095 921 4149 ni
939 4094 1257 4165 fallorllphesiumlto-

79 4184 119 4244 14,
132 4182 181 4244 28;
203 4182 270 4245 16,7
287 4185 339 4236 etc.
376 4185 474 4253 Itaqm
488 4202 586 4239 sensus
599 4189 655 4240 est:
683 4183 774 4239 manis
793 4183 868 4238 haud
885 4182 1016 4253 ignotum
1035 4181 1141 4252 (Zahn).

76 4267 217 4323 ecclesiae
236 4285 253 4321 a
276 4267 322 4322 via
347 4274 473 4326 remotae
497 4272 532 4326 de
550 4271 657 4342 Ignatii
718 4273 742 4326 2
760 4270 972 4345 προελθόντων]
991 4269 1095 4325 Dahis
1113 4268 1188 4333 siris,
1208 4269 1258 4337 qui

76 4356 313 4410 condemnatione
332 4356 465 4411 certiores
483 4358 577 4412 factae
593 4375 656 4428 pro·
683 4357 760 4413 haud
778 4356 863 4411 dubie
878 4356 1055 4413 Christianos
1063 4355 1204 4411 Romanos
1223 4358 1258 4412 de

75 4443 218 4512 perabant
248 4443 278 4497 in
307 4443 437 4498 civitates
466 4443 520 4497 sibi
537 4443 655 4510 vicinas,
685 4448 759 4499 sorte
778 4442 884 4515 ignatii
903 4443 1037 4498 certiores
1055 4443 1198 4506 fecerunt,
1216 4444 1257 4498 ni·

76 4546 151 4598 quae
169 4548 191 4584 s.
217 4531 334 4599 martyri
358 4531 547 4586 transeundae
566 4536 654 4596 crant,
684 4531 726 4585 hil
745 4530 865 4602 amplius
884 4529 1077 4598 comperimus.

75 4620 108 4671 nt
127 4635 193 4673 eum
212 4618 376 4673 salutarent.
