2834 5018
332 673 510 730 EPISTULA
528 677 579 732 AD
598 675 818 733 DIOGNETUM
835 676 869 740 It
888 676 985 743 r-IV,
1009 681 1030 733 1.
1207 681 1272 746 395

92 856 186 914 nocte
208 851 369 916 includitis
392 858 488 936 atque
512 854 651 919 interdiu
673 855 818 919 custodes
842 854 1018 937 apponitis,
1041 877 1081 919 ne
1103 855 1190 921 furto
1213 878 1272 921 au·

93 957 262 1020 ferantur?
286 958 315 1021 8.
340 956 525 1023 Honoribus
540 980 624 1035 rere,
650 980 729 1042 quos
745 959 918 1042 opinamini
932 960 1053 1037 offerre,
1071 961 1178 1044 potius
1193 985 1271 1045 sup-

91 1061 189 1144 plicio
211 1082 264 1124 eos
288 1061 436 1134 afficitis,
470 1065 624 1148 siquidem
648 1086 740 1129 sensu
772 1064 908 1148 praediti
930 1069 1019 1140 sunt;
1054 1066 1103 1129 sin
1125 1071 1271 1149 expertes

93 1171 168 1230 sunt
200 1188 331 1245 sensns,
368 1169 591 1233 dedecorantes
624 1169 778 1254 sanguine
813 1173 844 1233 et
875 1169 1038 1233 nidoribus
1070 1191 1123 1234 eos
1155 1170 1269 1234 colitis.

93 1272 123 1334 9.
150 1270 238 1335 Haec
260 1276 399 1336 restrum
422 1273 537 1357 aliquis
553 1275 694 1349 sufferta,
719 1274 797 1338 haec
818 1275 940 1357 patitor
961 1273 1076 1356 aliquis
1099 1275 1161 1339 sibi
1182 1274 1298 1338 fierila

93 1375 155 1439 Sed
177 1399 216 1440 ne
241 1398 321 1441 unus
346 1378 473 1461 quidem
504 1378 668 1443 hominum
689 1378 751 1442 hoc
773 1377 965 1462 supplicium
987 1379 1048 1442 nisi
1070 1379 1187 1442 invitus
1210 1401 1270 1462 pa·

92 1480 205 1556 tietur,
238 1502 332 1545 sensu
366 1483 449 1546 enim
477 1484 640 1567 praeditus
664 1488 712 1548 est
744 1487 775 1547 et
797 1484 937 1553 ratione:
972 1489 1005 1547 at
1027 1484 1108 1568 lapis
1138 1484 1270 1567 patitur,

92 1606 186 1648 sensu
209 1586 293 1649 enirn
316 1593 411 1650 caret.
457 1587 532 1651 Non
554 1610 629 1651 sane
654 1609 779 1652 sensum
802 1589 869 1652 eius
885 1589 1036 1653 evincitis.
1086 1590 1135 1652 10.
1160 1587 1208 1652 Ac
1231 1589 1270 1652 de

92 1711 147 1765 ec,
181 1692 266 1773 quod
289 1689 460 1755 Christiani
491 1693 550 1756 diis
581 1692 760 1756 huiusmodi
791 1694 825 1757 in
855 1695 1039 1758 servitutem
1067 1694 1184 1758 addicti
1207 1715 1271 1757 non

91 1796 166 1869 sint,
190 1795 291 1859 multa
313 1797 439 1879 quidem
469 1802 501 1861 et
524 1797 588 1861 alia
610 1798 758 1862 haberem
781 1798 899 1868 dicere:
933 1799 960 1862 si
983 1799 1033 1862 cui
1063 1803 1169 1862 tamen
1191 1799 1270 1863 haec
1285 1820 1309 1857 io

91 1900 164 1983 ipsa
186 1900 333 1964 sufficere
355 1922 419 1964 non
451 1902 633 1981 videantur,
667 1924 935 1985 supervacaneum
964 1904 1102 1968 arbitror
1124 1908 1156 1967 et
1178 1903 1272 1987 plura

91 2004 203 2069 dicere.

180 2109 236 2173 III.
261 2111 418 2194 Deinceps
442 2117 548 2175 autem
571 2112 609 2175 de
633 2133 687 2187 eo,
722 2112 807 2196 quod
828 2132 892 2176 non
914 2112 998 2176 idem
1020 2112 1124 2175 cultus
1147 2113 1271 2177 divinus

91 2215 131 2278 iis
155 2220 203 2279 est
225 2220 320 2299 atque
343 2216 483 2294 Iudaeis,
516 2222 548 2280 te
571 2216 707 2280 maxime
738 2216 887 2299 cupidum
916 2238 984 2279 esse
1013 2217 1159 2281 audiendi
1181 2222 1269 2301 puto.

91 2322 122 2382 2.
148 2320 255 2384 Iudaei
286 2321 403 2403 igitur,
436 2320 464 2383 si
487 2319 614 2404 quidem
647 2320 808 2384 abstinent
839 2320 927 2402 cultu
959 2343 1056 2404 supra
1087 2326 1311 2398 memoratam

94 2425 175 2488 bene
198 2425 291 2488 deum
314 2447 413 2488 unum
436 2425 577 2487 omnium
599 2425 743 2488 venerari
765 2425 990 2509 dominumque
1013 2425 1192 2490 existimare
1214 2447 1270 2489 vo·

93 2528 179 2591 lunt:
214 2529 241 2592 si
264 2529 360 2592 simili
392 2535 499 2593 tamen
521 2530 632 2606 mode,
666 2551 728 2613 quo
751 2552 848 2613 supra
868 2530 962 2608 dicti,
997 2530 1058 2595 hoc
1090 2530 1178 2595 cultu
1200 2552 1272 2595 anm

92 2638 337 2718 prosequuntur,
362 2635 395 2698 in
419 2656 523 2698 errore
545 2640 718 2699 versantur.
765 2637 794 2699 3.
819 2635 904 2699 Nam
928 2657 1008 2719 quae
1032 2635 1176 2720 gentiles,
1200 2658 1272 2700 sen·

91 2759 148 2800 sus
171 2738 353 2821 expertibus
369 2743 402 2801 et
425 2739 527 2802 surdis
544 2739 721 2816 offerentes,
747 2740 924 2803 dementiae
947 2740 1024 2803 dant
1039 2745 1270 2823 argumentum,

92 2842 172 2905 haec
194 2842 259 2918 illi,
289 2844 347 2906 deo
369 2847 523 2926 tanquam
554 2844 709 2927 indigenti
737 2845 890 2927 praebere
912 2848 1078 2927 putantes,
1102 2844 1272 2909 stultitiam
1287 2863 1312 2901 aa

93 2946 176 3009 forte
199 2946 305 3029 potius
329 2947 518 3026 existiment,
543 2970 606 3011 non
630 2948 750 3012 cultum
765 2949 914 3013 divinum.
961 2951 991 3013 4.
1008 2948 1078 3025 ,Qui
1101 2950 1184 3013 enim
1200 2970 1272 3013 cae·

92 3055 162 3114 tarn
187 3061 219 3115 el
242 3061 367 3116 terram
391 3062 489 3133 atque
511 3059 643 3133 omnin,
666 3074 750 3135 quae
773 3060 808 3118 in
830 3060 875 3117 r'r's
897 3062 985 3133 sunl,
1008 3055 1156 3118 condidit
1178 3059 1273 3137 atque

93 3156 186 3220 nobis
202 3156 348 3220 omnibus
371 3179 409 3220 ea
425 3158 618 3241 suppeditat,
636 3159 751 3242 quibus
765 3159 953 3243 indigemus,
977 3159 1044 3242 ipse
1059 3157 1149 3222 nullo
1165 3180 1273 3222 eorum

91 3262 225 3344 indiget,
251 3282 331 3344 quae
354 3262 422 3344 ipse
445 3262 483 3325 iis
506 3262 653 3346 largitur,
678 3264 732 3347 qui
756 3264 784 3327 ei
807 3285 840 3327 se
865 3265 938 3328 dare
953 3268 1076 3344 putant.
1124 3264 1153 3325 5.
1178 3261 1270 3336 Atii,

94 3365 149 3449 qui
171 3388 228 3449 per
250 3367 438 3451 sanguinem
461 3373 493 3430 et
514 3367 658 3431 nidorem
681 3371 713 3431 et
728 3367 916 3432 holocausta
938 3387 971 3431 se
995 3366 1098 3430 facere
1122 3367 1150 3430 ci
1174 3367 1270 3430 sacri-
1285 3385 1310 3424 as

91 3472 165 3536 ficia
187 3476 302 3552 putant
324 3470 438 3554 hisque
470 3471 647 3536 honoribus
671 3493 742 3535 eum
765 3493 877 3536 ornare
901 3476 1032 3554 putant,
1064 3471 1144 3535 nihil
1168 3471 1208 3534 ab
1231 3471 1271 3535 iis

92 3577 219 3641 differre
242 3576 321 3640 mihi
336 3576 491 3649 videntur,
516 3577 570 3660 qui
587 3578 719 3641 eandem
738 3576 984 3641 munificentiam
1001 3582 1163 3659 praestant
1178 3598 1273 3640 sensu

92 3682 291 3749 carentibus:
326 3682 360 3745 hi
383 3682 467 3746 enim
488 3682 545 3756 iis,
577 3703 659 3764 quae
682 3681 833 3745 honorem
855 3702 919 3745 non
942 3685 1076 3764 possunt
1099 3681 1270 3764 percipere,

91 3785 142 3848 illi
165 3785 194 3848 ei
217 3785 338 3870 aliquid
360 3787 511 3870 praebere
535 3787 598 3851 sibi
621 3787 777 3861 videntur,
802 3787 857 3871 qui
880 3785 969 3849 nulla
992 3807 1025 3849 re
1047 3786 1178 3869 indiget.

183 3888 237 3954 IV.
262 3889 308 3954 At
330 3913 403 3955 vero
436 3913 543 3955 eornm
568 3893 672 3976 quoad
695 3892 781 3956 cibos
804 3891 1008 3955 timiditatem
1037 3895 1069 3953 et
1092 3889 1175 3953 circa
1197 3890 1272 3953 sab·
1286 3911 1313 3949 so

92 3995 171 4059 bata
192 3995 451 4078 superstitionem
475 4001 507 4059 et
530 3997 614 4061 circa
636 3996 905 4061 circumcisionem
928 3994 1112 4059 iactantiam
1134 3997 1166 4057 et
1189 3993 1273 4057 circa

93 4099 245 4163 ieiunium
260 4104 293 4162 et
314 4100 509 4164 novilunium
526 4101 770 4177 simulationem,
796 4121 877 4183 quae
892 4098 1025 4163 ridicula
1039 4103 1114 4162 sant
1136 4102 1168 4162 et
1182 4097 1274 4162 nulla

166 4251 197 4306 19
216 4249 304 4304 Exod.
324 4251 365 4313 20,
387 4253 432 4313 11;
451 4250 494 4304 Ps.
517 4253 573 4315 145,
593 4252 625 4315 6;
644 4255 706 4306 Act.
729 4253 769 4313 14,
791 4253 831 4306 15.

92 4373 180 4427 Melit
199 4372 302 4442 philos.
321 4371 338 4424 l
359 4390 381 4425 c
400 4389 427 4440 p.
445 4373 505 4427 405.
685 4382 687 4453 ξ
733 4376 757 4427 5.
778 4372 857 4430 οὐδὲν
874 4392 922 4443 μοι
939 4373 1010 4443 ortt]
1030 4371 1072 4426 Cf.
1090 4374 1173 4427 Barn.
1194 4374 1234 4437 16,
1247 4375 1272 4428 2.

128 4462 175 4525 111,
193 4462 219 4515 4.
241 4470 326 4518 πᾶσιν
343 4463 367 4531 ἡ.
385 4468 515 4534 χορηγῶν
528 4461 599 4530 nrt-l
628 4460 687 4531 cf„
733 4461 779 4523 lv,
803 4463 823 4515 1.
842 4463 906 4532 περὶ
924 4459 974 4526 τὰς
997 4458 1115 4533 βρώσεις
1135 4460 1206 4530 art]
1230 4462 1274 4517 cf.

93 4552 156 4603 Act.
177 4549 222 4611 17,
242 4550 284 4602 24.
302 4549 351 4610 25;
379 4547 447 4602 lust.
476 4546 603 4617 Apoll,
625 4536 837 4630 10;{Aristides
857 4547 941 4609 14,4;
960 4546 1035 4601 'Fert
1053 4546 1134 4617 Apol.
1154 4564 1177 4601 c.
1196 4550 1238 4604 21.

92 4633 234 4689 Aristides
255 4637 276 4696 1,
294 4635 326 4697 6;
348 4635 386 4698 13,
406 4636 431 4689 4.
