2834 5018
180 312 244 375 222
604 306 744 363 IGNATII
763 306 941 361 EPISTULA

180 482 365 566 ἐπιτρέψατε
393 480 447 547 οὑν
479 483 583 557 αὐτοῖς
613 484 674 546 κᾶν
707 482 744 547 ἐκ
777 492 840 547 τῶν
872 485 972 568 ἔργων
1001 486 1071 569 ὑμῖν
1103 490 1356 572 μαθητευθηναι.

181 592 209 654 2.
234 590 310 670 πρός
333 591 388 664 τὰς
404 589 498 673 όργὰς
521 589 624 650 αὑτῶν
641 588 727 671 ὑμεῖς
749 598 866 671 πραεῖς,
883 592 959 672 πρός
982 593 1037 666 τὰς
1062 591 1358 677 μεγαλορημοσὺνας

180 696 282 758 αὐτῶν
304 694 390 778 ὑμεῖς
405 692 653 775 ταπεινόφρονες,
676 694 753 775 πρός
775 696 830 769 τὰς
847 693 1046 779 βλασφημίας
1070 698 1172 761 αὑτῶν
1195 698 1282 781 ὑμεῖς
1304 700 1358 773 τὰς
1394 681 1396 684 ’

177 799 369 881 προσευχάς,
402 799 478 880 πρός
509 799 565 879 την
597 795 719 881 πλάνην
751 799 854 862 αὐτῶν
886 798 972 881 ὑμεῖς
1004 800 1131 887 ἑδραῖοι
1163 807 1204 889 τῇ
1234 806 1356 881 πίστει,

150 905 253 985 τπρδς
274 904 309 965 τό
333 905 440 986 άγριον
470 903 573 966 αὐτῶν
603 902 689 985 ὑμεῖς
712 903 839 985 ἣμεροι,
871 906 913 987 μὴ
936 906 1164 985 σπουδάζοντες
1195 907 1357 991 ἀντιμιμή-

177 1010 297 1073 σασθαι
321 1007 442 1083 αὑτοὺς.
490 1009 519 1072 3.
544 1005 674 1088 ἀδελφοί
690 1008 793 1072 αὑτῶν
817 1007 997 1091 εὑρεθῶμεν
1020 1020 1058 1094 τῷ
1074 1009 1239 1095 ἐπιεικείᾳ·
1264 1031 1356 1096 μιμη-

175 1114 225 1175 ταί
248 1112 283 1175 δέ
315 1121 370 1175 τοῦ
393 1110 500 1193 κυρίου
532 1110 757 1194 σπουδάζωμεν
792 1109 884 1190 είναι,
916 1112 960 1188 τίς
992 1111 1087 1178 πλέον
1119 1115 1277 1199 ἀδικηθῇ,
1311 1114 1355 1190 τίς

176 1217 390 1300 ἀποστερηθη,
413 1215 458 1290 τίς
474 1216 642 1300 ἀθετηθη,
665 1216 717 1278 ’ίνα
740 1217 781 1298 μὴ
798 1225 852 1277 τοῦ
876 1213 1023 1300 διαβόλου
1039 1216 1153 1301 βοτάνη
1176 1239 1221 1293 τις
1237 1219 1355 1302 εὑρεθῷ

175 1319 208 1383 ἐν
231 1321 319 1403 ὑμῖν,
350 1318 422 1382 ἀλλ’
445 1318 478 1382 ἐν
501 1320 587 1402 πάση
610 1317 719 1403 ἁγνείᾳ
751 1320 804 1381 καί
829 1319 1016 1404 σωφροσύνη
1050 1321 1162 1406 μένητε
1192 1322 1224 1385 ἐν
1249 1322 1352 1409 Ἰησοῦ

136 1442 162 1479 10
175 1423 302 1507 Χριστῷ
326 1432 484 1506 σαρκικιὺς
505 1424 559 1486 καί
581 1431 809 1505 πνευματικῶς.

260 1531 315 1595 ΧΙ.
340 1527 492 1612 Ἐσχατοι
522 1527 635 1610 καιροί.
670 1527 779 1591 λοιπόν
810 1528 1050 1611 αἰσχυνθῶμεν,
1081 1530 1275 1616 φοβηθῶμεν
1297 1534 1352 1614 την

172 1634 393 1718 μακροθυμίαν
420 1642 475 1698 τοῦ
499 1636 595 1712 θεοῦ,
627 1635 743 1715 ἵναμὴ
774 1631 849 1715 ημῖν
869 1634 911 1709 εἰς
941 1634 1036 1717 κρίμα
1067 1633 1203 1719 γένηται.
1249 1636 1352 1720 ἡγὰρ

172 1742 227 1822 τἠν
250 1738 426 1823 μέλλουσαν
450 1740 545 1823 όργὴν
568 1737 771 1823 φοβηθῶμεν,
796 1737 817 1820 ἣ
839 1740 894 1820 τὴν
918 1737 1093 1802 ἐνεστῶσαν
1116 1740 1206 1822 χάριν
1230 1739 1351 1823 ἀγαπη-

173 1865 294 1928 σωμεν,
327 1844 359 1908 ἓν
390 1852 452 1907 τῶν
475 1842 544 1906 δὺο·
580 1842 674 1925 μόνον
705 1840 737 1904 ἐν
761 1840 889 1925 Χριστῷ
915 1841 1018 1927 Ἰησοῦ
1051 1844 1219 1928 εὑρεθῆναι
1250 1845 1293 1920 είς
1316 1846 1350 1906 τό

132 1968 157 2007 ιι
171 1948 325 2032 ἀληθινόν
355 1949 421 2032 ζῆν.
468 1951 497 2012 2.
522 1948 617 2029 χωρίς
644 1945 754 2009 τοὺτου
787 1947 883 2031 μηδὲν
916 1948 986 2031 ὑμῖν
1014 1947 1172 2030 πρεπέτω,
1206 1948 1239 2011 ἐν
1263 1946 1288 2033 ῷ
1311 1950 1350 2011 τὰ

171 2053 271 2135 δεσμά
294 2052 459 2136 περιφέρω,
484 2054 555 2126 τοὺς
578 2053 805 2133 πνιυματικοὺς
821 2051 1022 2135 μαργαρίτας,
1046 2052 1078 2116 ἐν
1095 2051 1140 2128 οίς
1162 2052 1284 2137 γένοιτό
1299 2074 1349 2136 μοι

171 2158 340 2241 ἀναστῆναι
365 2167 402 2241 τῷ
424 2166 583 2239 προσευχη
606 2156 707 2239 ὑμῶν,
740 2154 776 2240 ης
799 2155 920 2239 γένοιτό
944 2177 995 2239 μοι
1025 2158 1073 2220 ἀεί
1106 2157 1239 2241 μέτοχον
1263 2155 1349 2235 εἶναι,

169 2263 221 2325 ίνα
255 2261 287 2326 ἐν
320 2261 427 2346 κλήρῳ
458 2261 613 2343 Ἐφεσίων
648 2262 771 2344 εὑρεθῶ
803 2269 866 2324 τῶν
895 2259 1108 2343 Χριστιανῶν,
1142 2263 1172 2324 οἳ
1200 2264 1254 2324 καί
1287 2270 1349 2337 τοῖς

170 2364 356 2441 ἀποστόλοις
378 2368 512 2431 πάντοτε
535 2368 706 2452 συνῄνεσαν
730 2367 763 2430 ἐν
785 2367 913 2450 δυνάμει
937 2367 1041 2451 Ἰησοῦ
1064 2366 1211 2449 Χριστοῦ.

131 2488 157 2525 ²⁰
259 2473 329 2537 XII.
354 2470 444 2551 Οίδα,
468 2472 512 2548 τίς
535 2474 596 2556 εἰμι
619 2475 672 2535 καί
696 2472 773 2536 τίσιν
789 2473 911 2556 γράφω.
957 2472 1019 2555 ἐγὼ
1043 2472 1240 2554 κατάκριτος,
1264 2472 1348 2556 ὑμεῖς

170 2573 346 2658 ἐλεημένοι·
370 2575 433 2660 ἐγὼ
456 2576 516 2639 ὑπὸ
533 2576 685 2657 κίνδυνον,
701 2578 786 2661 ὑμεῖς
803 2576 1025 2661 ἐστηριγμένοι.
1071 2581 1100 2642 2.
1126 2576 1261 2658 πάροδός
1277 2576 1347 2640 ἐστε

169 2690 231 2744 τῶν
254 2681 296 2756 είς
320 2683 396 2746 θεὸν
420 2681 667 2765 ἀναιρουμένων,
691 2681 819 2745 Παῦλου
844 2681 1038 2765 συμμὺσται,
1068 2689 1123 2744 τοῦ
1146 2679 1346 2764 ἡγιασμένον,

169 2795 223 2847 τοῦ
246 2784 529 2870 μεμαρτυρημένου,
553 2785 825 2869 ἀξιομακαρίστου,
850 2784 886 2849 οὑ
909 2785 1030 2870 γένοιτό
1054 2806 1104 2869 μοι
1128 2785 1189 2847 ὑπό
1211 2787 1251 2848 τὰ
1274 2787 1343 2869 ῖχνη

168 2888 353 2974 εὑρεθῆναι,
384 2894 458 2955 όταν
483 2894 561 2957 θεοῦ
585 2890 738 2973 ἐπιτὺχω,
769 2892 802 2965 ὃς
826 2889 859 2954 ἐν
882 2890 968 2973 πάση
991 2887 1140 2973 ἐπιστολῇ
1162 2889 1345 2973 μνημονεύει

128 3010 154 3050 2⁵
168 2993 254 3076 ὑμῶν
277 2993 309 3059 ἐν
332 2995 459 3080 Χριστῷ
483 2996 598 3081 Ἰησοῦ.

235 3132 250 3184 7
270 3130 388 3204 ἀδικηθῇ
405 3139 464 3190 κτλ.
484 3133 508 3188 G
527 3134 610 3202 (θεῖ)
627 3133 669 3186 LS
682 3152 688 3185 :
702 3131 843 3203 ἀδικηθείς
859 3139 918 3188 κτλ.
946 3133 1046 3186 Helele
1069 3134 1073 3201 Ι
1095 3133 1111 3185 9
1131 3131 1233 3203 μένητε
1254 3131 1342 3199 L(A):

164 3215 263 3286 μένετε
282 3218 305 3274 G
321 3221 325 3290 l
344 3220 373 3274 11
395 3217 695 3291 αίσχυνθῶμεν-λ-καί
713 3221 735 3272 h
751 3219 755 3290 Ι
774 3221 806 3274 14
824 3216 855 3276 ἓν
874 3228 930 3276 τῶν
948 3221 997 3276 δύο
1012 3218 1121 3276 (mv
1139 3222 1178 3294 τῷ
1197 3229 1248 3277 νῦν
1264 3223 1346 3294 βίφς

165 3305 238 3358 Dam
256 3307 329 3376 (A‘l)
354 3307 357 3379 l
383 3306 530 3381 εὑρεθῆναι
550 3305 789 3380 ὑριεὺρεθῶμεν
807 3308 831 3360 Α
850 3307 930 3369 Bam,
950 3306 1105 3380 εὑρίσκεται
1124 3307 1164 3377 ὑί
1191 3309 1223 3360 15
1242 3300 1264 3382 (ξ
1284 3306 1342 3376 Lg:

165 3400 206 3448 τῶ
224 3395 248 3448 G
264 3395 268 3465 l
287 3395 319 3448 18
337 3392 368 3450 ἐν
386 3394 427 3465 Lg
440 3415 446 3448 ι
459 3394 501 3453 ἑνὶ
520 3397 544 3451 G
560 3399 563 3464 Ι
582 3396 613 3450 19
631 3395 783 3467 συνῄνεσαν
802 3393 849 3449 GL
862 3414 869 3446 ι
882 3408 1007 3464 συνῆσαν
1019 3394 1063 3465 gli
1081 3393 1158 3448 Zahn
1177 3396 1227 3462 qui
1245 3395 1342 3448 lectio·

166 3496 230 3533 nem
249 3481 336 3536 etiam
355 3483 384 3535 in
406 3483 560 3538 θεεοόίοόῖο
577 3485 625 3538 des
641 3488 751 3538 mutest.
771 3482 889 3536 Κοκονε
907 3482 927 3544 Ι,
949 3481 999 3536 807
1019 3499 1044 3535 ιι.
1066 3483 1082 3536 3
1100 3481 1229 3535 defendit

199 3587 274 3640 2-3.
304 3587 434 3642 Antioch.
464 3589 538 3643 Mon.
567 3589 649 3644 Hom.
680 3588 737 3649 116,
766 3585 827 3640 Cor.
847 3587 870 3650 6,
891 3586 966 3640 7-8.
985 3617 1020 3625 -
1038 3586 1155 3659 βοτάνη]
1176 3586 1218 3639 Cf.
1232 3585 1341 3639 Philad.

163 3670 212 3725 PG
230 3672 353 3736 89‚1794
374 3676 420 3745 (-
432 3674 566 3747 ἀδικηθῇ),
593 3707 627 3715 -
653 3694 738 3747 προσ·
765 3673 788 3733 3,
811 3676 843 3741 1·ι
866 3673 950 3726 Trall.
970 3673 986 3726 6
1007 3675 1064 3741 (11,
1086 3677 1120 3739 l).
1146 3704 1181 3712 -
1204 3680 1343 3746 σαρκικῶς

163 3759 254 3829 ενχάς]
283 3778 320 3816 ευ.
347 3761 527 3831 ἄντιτάξατε,
558 3764 634 3830 quod
659 3763 809 3837 addilwxal
827 3761 1030 3830 πνευματικῶς]
1048 3761 1066 3813 i.
1086 3777 1110 3815 e.
1129 3760 1159 3812 in
1182 3760 1342 3815 substantia

162 3844 357 3915 interpolator.
389 3880 422 3888 —
452 3847 556 3923 ἑδραῖοι
581 3871 604 3906 τ.
623 3850 663 3920 π]
694 3842 888 3931 Cljhumana
905 3850 975 3902 tot-a.
1014 3847 1149 3902 Similiter
1167 3848 1261 3918 Magn.
1276 3848 1299 3910 1,
1312 3849 1340 3908 2;

163 3931 217 3986 Sm.
239 3935 278 3997 13,
298 3936 326 3995 λς
346 3934 437 4004 Polyc.
458 3934 528 3990 Phil.
550 3937 589 3999 10,
611 3937 633 3990 1.
653 3967 688 3976 -
698 3942 751 4007 1¹1!
765 3936 804 3994 13,
815 3937 842 3996 1;
857 3934 941 3987 Τιυλλ.
953 3937 1050 3997 inscr.;
1066 3935 1105 3996 12,
1118 3939 1146 3998 1;
1159 3935 1238 3989 Rom.
1249 3937 1339 3996 insum

162 4021 364 4090 σπουδάζοντες
374 4023 443 4092 κτλ]
464 4022 554 4077 Smith
565 4026 595 4077 et
606 4024 656 4076 alii
666 4023 737 4077 haee
749 4012 751 4043 ¹
765 4021 818 4074 Sm.
840 4024 862 4083 1,
884 4026 912 4084 1;
933 4024 973 4088 12,
992 4024 1023 4086 2;
1045 4024 1083 4087 13,
1103 4025 1134 4086 2;
1154 4024 1247 4092 Polyc.
1270 4026 1291 4086 1,
1310 4023 1339 4084 2;

161 4106 248 4159 verba
267 4126 331 4161 cum
349 4107 463 4181 ἀδελφοὶ
480 4116 539 4167 κτλ.
558 4111 587 4163 in
598 4110 653 4164 v.3
673 4126 736 4163 con·
749 4158 751 4195 Ι
763 4110 787 4169 5,
811 4112 832 4163 1.

161 4198 319 4252 iunxerunt.
748 4202 751 4237 ί
799 4197 844 4258 Χί,
866 4200 888 4251 1.
907 4197 1005 4250 loann.
1025 4198 1105 4253 Dam.
1125 4197 1151 4251 S.
1165 4199 1194 4251 P.
1214 4195 1339 4263 Lequien

196 4285 220 4338 3.
241 4287 282 4350 τίς
308 4282 394 4339 πλέον
420 4282 539 4353 ἀδικηθῇ
564 4283 635 4353 κτλ]
662 4270 880 4346 cf.1211,777;
917 4283 994 4348 Ηολλ,
1018 4284 1180 4354 Ρνιιμνιεπῖο
1197 4302 1225 4353 p.
1247 4283 1286 4337 18.
1305 4313 1339 4321 -
