2834 5018
385 634 435 688 AD
455 632 684 690 TRALLIANOS
702 633 747 699 XI,
769 634 892 701 l-XIII,
911 638 935 689 3.
1181 641 1243 706 251

70 813 174 876 ferum
190 811 336 889 fructum,
362 833 456 896 quem
471 813 497 875 si
522 813 592 897 quis
609 814 754 897 gustarit,
780 814 887 878 statim
903 815 1042 878 moritur.
1089 814 1147 878 Isti
1162 815 1245 879 enim

69 940 134 981 non
157 921 231 980 sunt
252 917 409 1000 plantatio
431 917 540 1000 patris.
588 920 617 981 2.
643 917 676 982 Si
699 918 781 982 enim
805 922 922 995 essent,
956 924 1143 1002 apparerent
1165 920 1246 983 rami

71 1022 172 1085 crucis
196 1026 227 1086 et
251 1027 333 1086 esset
357 1022 477 1086 fructus
501 1043 608 1087 eorum
631 1023 888 1107 incorruptibilis.
934 1023 995 1088 Per
1016 1025 1099 1090 hanc
1123 1046 1247 1089 crucem

71 1126 216 1190 Christus
238 1127 272 1190 in
303 1127 450 1211 passione
481 1149 539 1191 sua
560 1128 674 1192 invitat
704 1150 779 1206 vos,
814 1129 868 1213 qui
890 1129 965 1192 estis
997 1130 1139 1193 membra
1169 1129 1245 1192 eius.

71 1230 147 1296 Non
170 1235 276 1314 potest
298 1232 398 1316 igitur
421 1236 518 1315 caput
539 1254 680 1296 seorsum
702 1234 789 1298 nasci
811 1234 878 1297 sine
901 1233 1067 1312 membris,
1098 1234 1273 1297 unionems

71 1336 278 1420 promittente
302 1337 368 1413 deo,
395 1337 449 1420 qui
471 1337 539 1420 ipse
563 1340 611 1400 est
632 1337 716 1401 unio.

159 1439 230 1503 XII.
256 1439 366 1505 Saluto
390 1462 445 1505 vos
469 1441 636 1525 eSmyma
658 1464 808 1506 unacum
824 1441 964 1507 ecclesiis
987 1441 1052 1519 dei,
1078 1463 1157 1525 quae
1180 1463 1246 1505 me-

74 1569 147 1610 cum
170 1549 252 1622 sunt,
277 1568 358 1627 quae
381 1546 413 1610 in
429 1546 574 1611 omnibus
597 1568 647 1610 me
670 1551 853 1612 recrearunt
868 1549 973 1632 quoad
996 1568 1111 1631 corpus
1133 1550 1166 1611 et
1181 1547 1247 1630 spi-

72 1652 179 1714 ritum.
233 1651 263 1712 2.
295 1647 433 1713 Vincula
463 1671 549 1726 mea,
582 1672 663 1734 quae
694 1655 824 1735 propter
853 1650 957 1716 lesum
988 1650 1149 1715 Christum
1180 1651 1248 1715 fero

72 1777 175 1830 orans,
199 1758 236 1818 ut
259 1755 350 1818 deum
374 1775 532 1837 assequar,
557 1777 612 1818 vos
635 1756 820 1821 obsecrant:
852 1759 1034 1841 permanete
1056 1757 1089 1819 in
1118 1773 1287 1820 concor-10

73 1861 126 1924 dia
148 1864 253 1924 vestra
276 1865 308 1925 et
329 1861 472 1925 oratione
495 1864 613 1923 mutua.
659 1860 759 1924 Decet
781 1861 865 1925 enim
885 1860 1031 1944 singulos
1054 1865 1194 1924 vestrum
1217 1863 1248 1923 et

72 1965 242 2048 praecipue
264 1966 482 2048 presbyteros,
515 1987 654 2029 recreare
685 1967 868 2050 episcopum
898 1967 931 2030 in
963 1966 1113 2030 honorem
1136 1964 1246 2048 patris,

73 2069 146 2133 Iesu
169 2067 287 2132 Christi
310 2075 341 2133 et
365 2069 590 2153 apostolorum.
637 2071 666 2134 3.
692 2068 787 2154 Opto,
812 2074 848 2134 ut
870 2071 902 2134 in
926 2070 1057 2134 caritate
1084 2091 1134 2133 me
1158 2069 1248 2132 audi-

74 2174 145 2249 atis,
167 2195 206 2236 ne
217 2173 296 2237 haec
319 2174 457 2238 scribens
469 2174 501 2236 in
517 2174 731 2237 testimonium
748 2177 858 2238 contra
873 2195 928 2238 vos
940 2175 1008 2237 sim.
1034 2172 1095 2237 Sed
1113 2178 1145 2237 et
1160 2176 1249 2237 orate

72 2302 132 2362 pro
148 2300 207 2352 me,
232 2279 286 2359 qui
307 2278 341 2341 in
357 2279 405 2342 dei
421 2277 635 2342 misericordia
654 2279 784 2343 caritate
799 2283 904 2342 vestra
922 2277 1059 2362 indigeo,
1083 2280 1119 2340 ut
1135 2277 1249 2361 dignus
1263 2293 1288 2333 1⁶

74 2383 159 2459 fiam,
184 2382 239 2465 qui
258 2404 407 2467 assequar
430 2387 548 2447 sortem
564 2382 642 2446 mihi
663 2383 844 2459 instantem,
868 2402 907 2445 ne
923 2380 1074 2464 reprobus
1098 2381 1247 2445 inveniar.

163 2486 249 2550 XIII.
282 2487 407 2553 Salutat
441 2509 496 2551 vos
530 2487 646 2552 caritas
686 2486 930 2570 Smyrnaeorum
964 2489 996 2548 et
1027 2484 1248 2568 Ephesiorum.

75 2591 233 2655 Memores
255 2595 355 2656 estote
385 2594 417 2656 in
439 2592 585 2658 omnibus
609 2593 804 2658 orationibus
833 2590 946 2654 vestris
968 2587 1136 2667 ecclesiae,
1170 2612 1250 2674 quae

74 2700 123 2759 est
146 2695 179 2758 in
201 2694 301 2779 Syria,
327 2698 364 2761 de
388 2702 502 2782 quaet
523 2721 637 2762 nomen
660 2698 777 2761 habere
799 2718 863 2760 non
886 2716 957 2758 sum
972 2693 1096 2777 dignus,
1121 2694 1175 2777 qui
1191 2694 1251 2759 sim

76 2821 185 2863 eorum
216 2800 354 2864 ultimus.
401 2803 431 2864 2.
455 2800 570 2866 Valete
598 2802 631 2864 in
659 2800 730 2865 Iesu
762 2798 904 2876 Christo,
937 2796 1070 2862 subiecti
1101 2797 1250 2881 episcopo
1263 2814 1289 2854 ro

76 2910 112 2968 ut
136 2905 185 2968 dei
200 2910 380 2990 praecepto,
405 2906 551 2971 similiter
573 2910 604 2970 et
618 2904 824 2989 presbyteria.
870 2901 919 2967 Ao
942 2901 1130 2985 singillatim
1145 2922 1252 2965 omnes

76 3010 159 3073 alter
181 3009 315 3075 alterum
339 3012 462 3096 diligite
486 3012 578 3076 corde
600 3010 767 3075 indivulsa.
814 3010 843 3073 3.
868 3005 1056 3071 lmmolatur
1082 3025 1140 3089 pro
1163 3006 1252 3070 vobis

77 3114 207 3196 spiritus
240 3137 329 3179 meus
356 3139 420 3180 non
452 3116 554 3181 solum
583 3139 682 3193 nunc,
715 3116 770 3179 sed
799 3119 831 3178 et
862 3112 988 3196 quando
1020 3112 1112 3174 deum
1140 3113 1252 3174 nactus

79 3215 179 3280 fuera.
226 3215 340 3283 Adhuc
363 3220 446 3284 enim
468 3221 502 3283 in
525 3219 665 3303 periculo
688 3240 811 3292 versor3
835 3217 889 3281 sed
912 3214 1014 3279 fidelis
1037 3217 1085 3277 est
1106 3218 1199 3298 pater
1220 3214 1252 3277 in

76 3320 150 3384 Iesu
173 3319 315 3399 Christo,
350 3327 386 3387 ut
407 3323 540 3408 impleat
561 3324 748 3408 petitionem
770 3343 873 3386 meam
896 3324 928 3384 et
950 3323 1101 3396 vestram,
1134 3319 1167 3382 in
1190 3339 1252 3401 quo
1266 3336 1292 3375 ab

78 3429 155 3507 opto
178 3428 214 3488 ut
236 3425 440 3490 inveniamini
462 3427 528 3491 sine
551 3427 683 3491 macula.

149 3544 166 3596 2
185 3543 286 3597 Matth.
309 3546 348 3608 15,
369 3547 408 3599 13.
432 3575 467 3584 -
488 3544 630 3600 171001.
650 3545 674 3608 9,
695 3543 737 3597 27.

80 3646 134 3699 Sed
147 3646 206 3716 lgn.
222 3648 384 3717 episcopum
397 3667 454 3704 nou
466 3653 577 3705 tantum
590 3668 653 3704 cum
679 3649 759 3714 loqui
777 3645 896 3700 videtur.

78 3737 174 3802 patre,
204 3736 253 3788 sod
273 3736 359 3789 etiam
379 3754 442 3790 cum
460 3739 523 3792 Iesu
542 3738 653 3792 Christo
715 3734 739 3787 3.
759 3731 798 3801 εἰς
814 3732 967 3807 μαρτύριον
984 3729 1054 3802 nh]
1084 3729 1126 3785 of.
1144 3728 1253 3784 Philad.

80 3821 164 3891 (Eph.
177 3823 247 3885 3‚2;
266 3823 350 3876 Trall.
364 3826 387 3887 2,
403 3827 428 3891 1)
448 3829 477 3880 et
497 3825 579 3879 simul
591 3843 654 3879 cum
680 3822 705 3883 6,
724 3821 748 3875 3.

80 3909 217 3964 ambobus
246 3910 366 3977 (Philad
387 3914 419 3975 3,
442 3915 471 3977 2)
500 3917 654 3981 comparat,
715 3906 787 3971 XIII,
808 3908 831 3960 1.
851 3909 867 3978 ἡ
885 3905 980 3980 ἀγάπη
992 3905 1058 3975 Σμ.]
1076 3903 1095 3957 i.
1109 3919 1131 3957 e.
1151 3902 1254 3956 fratres

80 4013 133 4049 nec
151 3997 304 4051 verisimile
323 4003 374 4061 est,
393 4003 504 4068 patrem
520 4000 574 4054 hoo
592 4000 654 4053 looo
682 3993 834 4063 Smyrnaei
864 3993 906 4048 cf.
936 3994 1015 4048 Rom.
1043 3991 1124 4045 inser.
1143 3991 1202 4045 not.
1221 4019 1256 4029 —

80 4084 160 4138 illam
171 4084 384 4139 similitudinem
397 4086 426 4140 in
434 4089 529 4141 mente
543 4087 654 4140 habere.
682 4078 752 4138 ὅθεν
768 4081 839 4151 κτλ.)
860 4080 901 4136 of.
914 4082 1009 4149 Magn.
1025 4078 1070 4140 14;
1089 4076 1160 4147 Eph·
1174 4076 1216 4140 21,
1229 4074 1254 4128 2·

81 4171 214 4225 Fortasse
233 4172 460 4238 addendumest
476 4178 522 4231 καὶ
547 4174 591 4228 vel
608 4179 655 4231 reat
716 4169 740 4222 2-
759 4165 798 4234 ὼς
816 4171 850 4239 τῇ
868 4165 976 4238 ἐντολῇ]
1005 4182 1042 4219 ⁸⁰·
1062 4170 1145 4228 θεοῦ,
1172 4179 1257 4231 quam

80 4260 120 4326 εἰς
138 4264 235 4332 τιμήν,
264 4277 336 4327 quae
364 4261 451 4314 verba
474 4260 502 4313 in
527 4261 655 4315 versione
681 4273 778 4311 vocem
797 4254 965 4324 interpretes
984 4251 1162 4306 addiderunt.

81 4348 244 4401 armeniaca
268 4351 296 4400 et
324 4348 398 4415 apud
425 4346 656 4416 interpolatorem
717 4346 740 4399 3.
769 4340 918 4415 ἁγνίζεται]
947 4339 989 4396 Cf·
1015 4337 1085 4407 Eph·
1114 4338 1145 4400 8,
1173 4336 1195 4388 Ῑ·
1223 4366 1257 4375 -

80 4439 221 4508 leguntur.
259 4434 330 4488 Utut
349 4439 443 4488 autem
455 4433 515 4502 lgn.
535 4434 655 4503 scripsit,
682 4430 780 4497 πιστὸς
807 4429 824 4486 ὁ
851 4427 951 4502 πατὴρ]
989 4426 1030 4481 cf.
1058 4423 1103 4477 Ps.
1124 4425 1188 4487 144,
1210 4423 1256 4485 143

81 4524 192 4578 nonde
215 4523 321 4576 honore
344 4521 434 4592 patris
460 4520 524 4574 Iesu
542 4521 655 4583 Christi,
683 4515 775 4569 1001.
798 4516 870 4579 1‚9;
900 4514 1007 4579 10,1e;
1033 4509 1257 4573 IICor.l,18;

83 4611 132 4664 sed
151 4608 186 4663 de
204 4609 310 4664 honore
323 4610 413 4679 patris
431 4611 460 4663 et
473 4607 536 4662 lesu
550 4606 655 4662 christi
683 4605 696 4658 I
713 4603 810 4657 Thess.
824 4605 848 4667 5,
866 4604 914 4666 24;
933 4600 959 4655 11
977 4600 1075 4655 Thess.
1095 4597 1119 4662 3,
1137 4598 1163 4653 3.

565 4748 774 4759 ..μ-
