2834 5018
170 318 192 380 4
663 310 852 366 DOCTRINA

258 491 287 553 3.
313 485 439 550 Τούτων
456 489 491 551 δὲ
510 498 571 553 τῶν
588 487 691 570 λόγων
707 488 728 572 ἡ
745 488 858 571 διδαχή
875 490 956 550 ἐστιν
973 489 1067 571 αὕτη·
1090 488 1257 572 εὐλογεῖτε
1269 490 1349 569 τοὺς

174 593 435 676 καταρωμένους
457 597 539 673 ὑμῖν
562 594 616 656 καί
633 592 868 678 προσεύχεσθε
891 593 1064 676 ὑστεριῶν
1087 592 1224 679 ἐχθρῶν
1239 598 1349 674 ὑμῶν,

173 695 335 778 νηστεὺετε
358 697 392 759 δὲ
414 697 501 782 ὑπὲρ
526 704 596 763 τῶν
621 697 817 763 διωκόντων
839 702 942 779 ὑμᾶς·
968 700 1051 762 κολα
1073 700 1135 780 γὰρ
1158 700 1263 783 χάρις,
1288 698 1351 761 ἐὰν

173 800 325 882 ἀγαπᾶτε
351 803 429 881 τοὺς
453 801 658 885 ἀγαπῶντας
685 805 793 882 δμᾶς,·
825 803 899 882 οὐχὶ
931 802 988 865 καὶ
1018 802 1059 865 τὰ
1092 800 1179 885 ἔθνη
1204 802 1242 865 τὸ
1266 802 1350 864 αὐτὸ

146 910 347 980 saorodow,⁸
381 904 466 986 ὑμεῖς
496 904 531 967 δὲ
563 906 715 987 ἀγαπᾶτε
745 907 823 984 τοὺς
851 912 1036 985 μισοῦντας
1067 909 1169 986 ὑμᾶς,
1203 906 1258 968 καί
1290 907 1351 989 οὐχ

172 1005 257 1083 ἕξετε
280 1007 406 1089 ἐχθρόν.
453 1011 482 1073 l.
511 1009 641 1091 ἀπέχου
664 1015 734 1073 τῶν
750 1015 923 1093 σαρκικῶν
945 1010 999 1072 καὶ
1016 1019 1203 1093 σωματικῶν
1227 1009 1350 1074 ἐπιθο-

171 1119 270 1193 μιῶν.
317 1112 371 1175 ἐάν
394 1113 438 1189 τίς
455 1134 503 1177 σοι
526 1115 569 1198 δῷ
587 1113 728 1197 ῥάπισμα
750 1117 798 1195 εἰς
813 1117 876 1199 τὴν
892 1113 1007 1196 δεξιὰν
1023 1117 1174 1199 σιαγόνα,
1199 1116 1351 1199 στρέψον

173 1220 265 1300 αὐτῷ
289 1219 344 1282 καὶ
367 1220 431 1303 τὴν
453 1218 576 1303 ἄλλην,
610 1219 665 1281 καλ
688 1220 750 1304 ἔσῃ
773 1218 913 1299 τέλειος·
949 1219 1001 1281 ἐὰν
1025 1221 1215 1304 ἀγγαρεδσῃ
1240 1220 1278 1283 σε’
1302 1243 1351 1300 τις

172 1320 286 1403 μίλιον
308 1325 357 1403 ἒν,
380 1328 490 1408 ὕπαγε
511 1325 584 1405 μετ’
608 1327 714 1389 αὐτοῦ
737 1324 811 1388 δύο·
836 1323 890 1386 ἐὰν
915 1327 976 1409 ἄρῃ
997 1345 1041 1398 τις
1065 1324 1102 1388 τδ
1125 1324 1260 1404 ἱμάτιόν
1276 1345 1350 1402 σον,

133 1425 226 1500 ιοδδς
249 1429 342 1510 αὐτῷ
365 1429 421 1492 καὶ
444 1429 505 1493 τὸν
526 1435 670 1510 χιτῶνα·
706 1429 760 1492 ἐὰν
784 1428 865 1515 λάβῃ
896 1450 940 1503 τις
966 1431 1028 1492 ἀπὸ
1052 1438 1108 1492 σοῦ
1131 1430 1169 1493 τὸ
1193 1430 1272 1508 σόν,
1302 1432 1351 1513 μὴ

172 1532 321 1596 διιαίτει·
347 1534 419 1596 οὐδὲ
442 1536 503 1617 γὰρ
521 1535 661 1601 δύνασαι.
708 1538 738 1602 5.
762 1536 866 1600 παντὶ
881 1542 929 1618 τῷ
954 1537 1105 1599 αἰτοῦντί
1122 1555 1159 1598 σε
1183 1532 1277 1597 δίδου
1294 1535 1350 1597 καὶ

243 1710 255 1761 1
275 1707 413 1780 εὐλογεῖτε
427 1738 462 1748 -
475 1714 584 1781 διδαχῆς
595 1728 622 1779 p.
635 1711 660 1773 6,
674 1710 725 1776 9>
742 1709 771 1774 L,
791 1711 826 1762 cf.
840 1712 934 1762 autem
955 1726 983 1777 p.
999 1709 1038 1769 12,
1061 1708 1090 1761 11
1108 1706 1112 1776 Ι
1128 1707 1145 1759 6
1163 1714 1330 1775 σωματικῶν
1343 1724 1349 1756 :

175 1802 318 1864 κοσμικῶν
336 1795 424 1851 Const

172 1917 314 1970 sententia
337 1918 381 1971 vel
406 1919 506 1989 regula
534 1936 606 1986 quae
630 1924 748 1974 vocatur
774 1914 1351 1992 -εδλογεῖιε-διωκδντωνὑμᾶςΠετὶιτι

173 2020 258 2057 aurea
275 2021 413 2074 persaepe
432 2006 506 2074 apud
519 2008 627 2060 veteres
646 2010 746 2071 exstat,
774 2008 869 2062 omnia
886 2007 1018 2076 leguntur
1037 2004 1137 2058 Mat-th.
1157 2005 1180 2066 5,
1193 2004 1235 2056 44.
1267 2004 1350 2057 Modo

172 2093 243 2145 Iren.
253 2091 322 2145 Adv.
338 2093 412 2146 haer.
426 2093 472 2157 ΠΙ,
488 2095 526 2157 12,
540 2095 585 2156 14;
607 2094 689 2163 cypr.
704 2095 747 2149 Ad
773 2093 918 2165 νηστεδετε
937 2093 1017 2146 deest
1036 2092 1066 2144 in
1078 2092 1104 2145 S.
1124 2091 1285 2160 Scriptura
1304 2109 1350 2144 VO·

173 2178 280 2242 Quirin.
307 2178 362 2241 ΙΙΙ,
393 2180 441 2234 119
473 2180 584 2250 (Hartel
603 2183 640 2244 Ι,
672 2182 747 2252 184);
775 2198 835 2235 τοττι
862 2179 974 2255 ἐχθρῶν
1002 2178 1177 2248 evangelista
1203 2194 1259 2232 non
1286 2182 1351 2248 post

175 2265 300 2334 Theoph.
328 2267 372 2319 Ad
400 2267 494 2321 Autol.
519 2267 557 2329 ΙΙ,
582 2268 631 2329 34;
662 2269 746 2324 Clenu
774 2269 964 2342 προσεύχεσθε
974 2267 1077 2336 posuit,
1085 2266 1134 2321 ubi
1144 2265 1230 2320 habet
1239 2264 1352 2338 ἐπηρεα-

173 2353 295 2421 Recogn.
306 2351 434 2415 Vlll‚58;
454 2354 572 2409 Constit.
583 2359 674 2425 apost.
685 2359 747 2423 1‚1;
774 2358 893 2427 ζόντων,
922 2356 970 2408 sed
998 2357 1064 2408 ante
1087 2354 1239 2427 εὐλογεῖτε,
1265 2354 1353 2407 verba

173 2440 219 2505 ΠΙ,
241 2442 287 2503 15;
316 2440 443 2494 Lactant
462 2441 553 2495 Instit.
574 2444 619 2507 VI,
639 2445 679 2506 23,
700 2444 747 2505 32;
775 2438 1352 2512 nonnulla-praemittens.—uola-o'rya·

174 2526 284 2596 Didym.
297 2528 339 2581 Dc
357 2529 459 2598 spiritu
478 2533 575 2584 saneto
592 2547 616 2584 c.
628 2530 662 2583 39
680 2531 747 2597 (PG.
775 2537 886 2594 πῶντας
904 2525 986 2597 ὑμᾶς]
1012 2529 1090 2581 Haec
1109 2527 1233 2581 scribens
1253 2528 1352 2580 auctor

173 2615 215 2679 89,
237 2614 329 2685 1668);
361 2616 387 2669 S.
415 2616 518 2671 Bened
547 2617 656 2687 Regula
675 2634 697 2670 ο.
715 2618 747 2680 4;
775 2634 831 2671 non
851 2616 941 2685 solum
953 2613 1283 2683 Matth.5‚46respexit‚
1304 2615 1352 2667 sed

173 2703 302 2774 Ps-Aug.
325 2702 368 2756 De
385 2703 447 2757 vita
471 2704 565 2758 christ
590 2721 610 2757 a
634 2703 665 2759 16
684 2704 747 2771 (PL.
774 2704 849 2757 hunc
867 2703 960 2757 locum
978 2706 1006 2756 et
1026 2701 1090 2755 Luc„
1110 2702 1133 2762 6,
1154 2703 1187 2756 32
1211 2701 1241 2754 in
1265 2718 1353 2754 unum

171 2789 325 2860 40,1039);
355 2790 525 2845 Pa-Hieron
552 2790 602 2861 Ep.
623 2790 655 2846 12
683 2791 747 2858 (PL.
776 2789 916 2845 conflavit.
936 2789 1026 2844 Voces
1045 2789 1099 2862 γὰρ
1117 2787 1165 2845 ἐὰν
1180 2787 1351 2843 habetMut·

173 2877 214 2941 30,
236 2879 304 2949 149).
341 2877 447 2932 Auctor
465 2877 564 2947 Operis
589 2878 748 2948 imperfecti
774 2880 888 2940 thaeus,
917 2895 981 2932 cum
1007 2878 1098 2930 Lucas
1127 2877 1234 2930 scribat
1255 2880 1301 2932 καὶ
1320 2876 1351 2933 ελ

174 2963 203 3017 in
222 2966 321 3020 Matth.
335 2966 359 3029 8,
372 2968 403 3028 4;
422 2969 463 3029 21,
483 2967 512 3027 2;
532 2966 603 3027 284
621 2965 749 3036 regulam
774 2965 869 3021 Verba
886 2968 953 3023 κολα
976 2965 1056 3037 χάρις
1076 2963 1189 3017 exhibet
1208 2962 1269 3026 hie,
1289 2980 1352 3017 cum

174 3052 280 3121 duplici
300 3052 399 3116 forma,
418 3053 542 3123 positiva
553 3070 586 3107 ao
603 3053 747 3123 negativa,
776 3054 937 3107 Matthaeus
951 3053 1042 3106 dieat:
1062 3055 1123 3108 τίνα
1139 3051 1246 3120 μισθὸν
1260 3044 1353 3122 ἔχετε;

175 3139 288 3194 exhibet
314 3140 466 3209 (Chrysost
492 3158 557 3209 opp.
583 3141 625 3194 ed.
645 3140 747 3193 Bened.
776 3141 902 3195 Membra
920 3139 1076 3194 sententiae
1102 3139 1176 3207 apud
1200 3138 1353 3204 utrumque

174 3225 262 3280 Paris.
284 3226 351 3281 1836
372 3228 416 3290 VI,
435 3228 493 3286 837.
516 3229 574 3290 896,
594 3228 664 3298 929),
685 3228 748 3282 Plu·
776 3227 979 3298 evangelistam
1012 3227 1197 3279 invertuntur.
1227 3256 1262 3264 —
1293 3224 1352 3296 οὐχὶ

173 3331 218 3368 res
246 3314 317 3367 alios
334 3314 411 3369 locos
440 3315 541 3385 collegi
568 3316 598 3368 in
625 3314 749 3369 editione
775 3317 845 3387 κτλ]
865 3315 965 3369 Mutth.
976 3315 1000 3376 5,
1011 3314 1053 3367 46.
1063 3315 1105 3369 47.
1134 3311 1224 3366 Versu
1236 3313 1270 3366 47
1283 3312 1353 3365 haec

173 3401 327 3456 Doctrinae
347 3402 414 3457 1887
433 3420 459 3471 p.
479 3404 557 3455 4-5,
588 3402 630 3457 cf.
650 3402 748 3465 Resch‚
776 3404 922 3473 leguntur:
951 3401 1011 3475 οδχὶ
1028 3405 1075 3457 καὶ
1093 3400 1120 3457 οἳ
1138 3398 1245 3456 ἐ9νιιιο1
1264 3396 1354 3465 οὕτως

174 3490 309 3560 Agrapha
328 3490 395 3545 1889
413 3508 439 3560 p.
459 3489 499 3543 95.
520 3490 579 3543 272.
776 3499 917 3554 ποιοῦσαν,-
934 3490 1029 3545 Verba
1042 3490 1076 3546 τδ
1088 3487 1156 3544 αιἰιδ
1169 3485 1283 3540 exhibet
1295 3502 1353 3538 ver-

209 3579 233 3632 3.
253 3577 361 3633 τούτων
373 3576 403 3634 δὲ
421 3598 445 3633 τ.
457 3583 481 3633 λ.
495 3579 511 3648 ἡ
524 3576 627 3648 διδαχὴ]
642 3577 748 3629 Indica·
776 3595 822 3631 sus
840 3578 882 3640 46,
902 3579 931 3630 in
950 3594 1005 3645 quo
1024 3577 1118 3631 locum
1138 3573 1289 3644 gentilium
1307 3573 1354 3628 ob·

173 3670 221 3722 tur
238 3663 390 3735 explicatio
411 3664 561 3718 verborum
580 3662 749 3731 praeceden·
761 3708 764 3723 ,
776 3664 868 3716 tinent
895 3661 1049 3730 publicani.
1098 3660 1187 3714 Lucas
1205 3661 1235 3720 6,
1259 3660 1300 3713 32.
1321 3658 1354 3714 33

174 3755 253 3815 tium,
264 3754 293 3807 ct
304 3750 420 3818 quidem
433 3749 563 3811 omnium,
576 3767 639 3802 cum
652 3751 750 3804 auctor
776 3751 810 3803 dc
828 3750 1026 3818 peccatoribus
1040 3748 1117 3801 dicit
1136 3778 1171 3788 -
1188 3744 1317 3819 ἀγαπᾶτε
1329 3766 1354 3801 τ.

175 3856 262 3892 unum
279 3838 324 3891 vel
342 3838 463 3891 alterum
481 3836 646 3889 mandatum
659 3836 749 3890 solum
776 3858 804 3904 μ.
819 3834 901 3905 ὑμᾶς]
914 3837 1010 3891 Verba
1022 3832 1161 3904 leguntur,
1175 3834 1258 3887 modo
1273 3833 1355 3887 aliter

176 3925 315 3995 explicare
334 3925 449 3979 sevelle
467 3940 524 3977 non
537 3923 620 3977 dicat
641 3924 670 3976 Si
683 3940 749 3993 pars
777 3924 922 3992 disposita
943 3923 1044 3978 Matth.
1058 3924 1081 3981 5.
1098 3922 1133 3975 44
1150 3925 1179 3975 et
1197 3921 1261 3974 Luc.
1277 3921 1301 3983 6,
1312 3921 1354 3974 27.

176 4028 308 4078 sequens,
327 4010 467 4083 εὐλογεῖτε
493 4041 528 4049 -
554 4015 663 4083 διδαχῆς
681 4010 704 4074 2,
727 4012 748 4073 1,
777 4009 818 4064 28.
837 4043 871 4050 -
888 4015 935 4067 καὶ
953 4009 1003 4082 οὐχ
1020 4009 1090 4077 κτλ]
1112 4008 1189 4062 Haec
1207 4008 1295 4062 verba
1314 4008 1355 4062 ita

175 4097 347 4166 interpolata
373 4101 454 4159 esset,
474 4098 562 4150 verba
588 4097 638 4150 illa
666 4098 702 4151 ad
726 4097 750 4159 2,
777 4097 1008 4151 antecedentibus
1038 4097 1244 4166 adiunguntur,
1274 4098 1306 4148 ut
1328 4094 1354 4148 S.

176 4185 243 4240 2-7
263 4185 410 4239 referenda
428 4187 529 4239 essent
568 4184 609 4240 (lt.
631 4184 665 4239 de
688 4201 750 4254 par·
778 4184 939 4253 Scripturas
952 4200 1013 4238 esse
1024 4183 1181 4238 videantur.
1220 4181 1353 4237 Didasca-

176 4272 265 4326 tioula
284 4274 305 4335 1,
325 4272 431 4335 8-2,1
461 4273 664 4343 Prolegomena
685 4288 707 4326 a
727 4273 750 4326 2.
777 4270 817 4326 lia
837 4271 1042 4340 apostolorum,
1061 4287 1134 4339 quae
1152 4271 1267 4339 praeter
1284 4268 1355 4322 Doe-
