2834 5018
500 607 694 664 BARNABAE
712 608 900 665 EPISTULA.
1198 616 1288 682 XXV

114 787 248 853 handum
272 791 353 865 erat,
378 792 411 852 et
426 786 644 871 Vespasianus
666 809 730 851 non
752 788 945 865 undecimus,
979 792 1033 854 sed
1055 812 1157 855 nonus
1180 791 1241 865 vel,
1265 794 1292 856 si

114 895 201 958 etiarn
234 892 357 956 Iulium
389 890 557 956 Caesarem
590 913 806 970 numeramus,
844 894 982 958 decimus
1015 897 1189 980 imperator
1220 896 1290 962 fuit.

114 998 256 1082 'tempori
273 996 470 1081 Vespasiani
490 995 679 1081 Lightfoot¹
706 1020 831 1083 quoque
855 999 1025 1082 epistulam
1040 1001 1217 1086 adscripsit,
1240 1025 1292 1066 ar-

114 1103 268 1184 gumentis
298 1123 374 1165 vero
405 1101 478 1165 aliis
507 1123 543 1165 ac
567 1102 769 1167 Weizs'aclrer
799 1126 874 1169 usus
897 1109 955 1183 est,
980 1127 1075 1170 comu
1098 1129 1229 1189 parvum
1256 1108 1293 1172 de

115 1208 311 1272 Antichristo
340 1207 391 1271 vel
414 1205 542 1270 Nerone
568 1207 708 1272 redituro
731 1208 920 1293 intellegens
943 1214 1038 1294 atque
1060 1210 1293 1295 Vespasianum

115 1333 171 1376 una
194 1334 269 1376 cum
293 1310 369 1375 Tito
393 1317 425 1376 et
445 1311 627 1376 Domitiano
650 1312 724 1376 filiis
748 1315 1013 1398 conregnantibus
1035 1337 1127 1400 reges
1150 1321 1214 1380 tres
1238 1316 1292 1379 de-

69 1439 71 1442 *
116 1415 276 1499 ponendos
300 1415 477 1494 declarans,
501 1421 534 1481 et
548 1414 712 1500 Ramsay²
738 1417 766 1481 ei
790 1440 935 1483 assensus
957 1424 1013 1497 est,
1037 1421 1132 1484 modo
1154 1420 1292 1505 impera-

117 1523 194 1584 tores
217 1519 314 1584 aliter
336 1543 505 1585 numerans
536 1521 587 1586 vel
611 1520 769 1587 Othonem
796 1528 828 1587 et
851 1523 1016 1588 Vitellium
1039 1524 1203 1597 omittens;
1233 1548 1292 1609 pa-

119 1646 181 1688 rum
204 1629 313 1689 autern
328 1624 510 1689 Bamabam
529 1630 594 1689 tres
615 1646 707 1709 reges
723 1627 786 1691 iarn
809 1627 978 1710 depositos,
1001 1649 1067 1691 non
1090 1629 1214 1692 demum
1238 1629 1292 1692 de·

119 1730 275 1812 ponendos
309 1730 476 1815 designare
511 1731 795 1795 consideraverunt.
847 1730 976 1796 Rectius
1009 1753 1118 1817 regem
1151 1752 1292 1816 parvum,

122 1832 327 1918 hilgenfeld³
352 1836 390 1898 de
412 1833 520 1900 Nerva
542 1836 766 1919 interpretatus
790 1839 846 1900 est.
893 1834 973 1900 Cum
994 1838 1077 1901 inter
1100 1858 1293 1901 successores

122 1935 427 2026 Neronisexiguum
450 1943 576 2024 tempus
599 1944 767 2024 regnantes
790 1963 871 2004 unus
894 1939 987 2005 facile
1006 1939 1110 2004 omitti
1133 1946 1240 2023 posset
1263 1944 1295 2003 et

123 2040 264 2106 Vitellius
287 2043 321 2106 in
344 2042 504 2128 Aegypto,
529 2043 695 2109 Barnabae
717 2045 832 2128 patria,
856 2049 892 2108 ut
905 2045 1037 2119 videtur,
1061 2065 1124 2107 non
1141 2064 1293 2126 agnosce·

126 2150 211 2226 retur,
233 2147 342 2212 Nerva
364 2149 548 2213 undecimus
571 2149 753 2232 imperator,
778 2170 911 2232 cumque
933 2148 1035 2212 tribus
1051 2147 1295 2231 imperatoribus

128 2253 306 2328 succederet,
332 2254 387 2337 qui
410 2254 549 2317 eiusdem
571 2253 713 2318 familiae
729 2258 827 2329 erant,
852 2253 1054 2317 Domitianus
1069 2253 1198 2335 insuper
1211 2251 1295 2315 filios

131 2353 162 2417 Τ.
182 2354 279 2420 Flavii
302 2356 473 2422 Clementis
496 2359 573 2423 duos
597 2357 747 2423 Caesares
774 2358 971 2436 destinasset,
1000 2357 1094 2422 etiam
1117 2362 1181 2421 tres
1203 2378 1295 2440 reges

135 2459 215 2524 simul
237 2463 420 2546 deposuisse
444 2463 504 2527 dici
526 2464 641 2546 potuit.
687 2463 799 2547 Itaque
822 2463 991 2546 epistulam
1014 2462 1121 2527 Nerva
1142 2464 1295 2545 regnante

134 2563 177 2627 rel
194 2566 277 2631 brevi
299 2571 374 2650 post
397 2572 558 2632 exaratam
581 2589 648 2633 esse
670 2589 733 2631 non
748 2568 815 2631 sine
831 2567 952 2632 ratione
970 2567 1144 2631 iudicamus
1156 2569 1176 2629 ⁴.
1217 2564 1295 2629 Cum

138 2673 226 2734 autern
250 2693 300 2736 res
324 2671 437 2736 saltem
458 2693 522 2736 non
545 2672 587 2736 sit
609 2677 703 2750 certa,
734 2672 888 2755 originem
910 2671 1117 2754 posteriorem
1139 2693 1203 2735 non
1226 2692 1294 2734 om-

139 2772 199 2837 uino
223 2797 338 2860 negare
364 2775 448 2840 licet.
495 2776 634 2860 Tempus
656 2777 846 2860 Vespasiani
875 2797 948 2839 vero
971 2777 1092 2840 ratione
1122 2776 1204 2839 inter
1227 2776 1295 2857 epi·

141 2877 236 2943 stulam
264 2887 296 2945 et
319 2881 506 2946 Doctrinam
536 2882 751 2966 apostolorum
782 2882 994 2946 intercedente
1026 2880 1150 2944 excludi
1172 2881 1224 2943 rix
1248 2884 1296 2943 est

144 2979 259 3049 dubium.

213 3087 284 3155 Cum
312 3090 477 3155 Barnabas
508 3112 595 3155 more
618 3090 903 3155 Alexandrinorum
936 3089 1036 3153 Vetus
1059 3087 1297 3152 Testamentum

147 3187 289 3274 allegorice
324 3195 587 3278 interpretaretur
621 3199 717 3277 atque
751 3192 959 3257 Alexandrini
993 3192 1129 3275 epistula
1161 3192 1297 3255 maxime

146 3295 282 3361 uterentur
313 3319 386 3362 eum
414 3297 666 3363 Alexandrinum
699 3298 798 3362 fuisse
829 3296 979 3381 colligere
1012 3296 1095 3360 licet.
1142 3296 1297 3379 Equidem

148 3413 202 3461 cun
218 3402 359 3484 plurimis
387 3403 433 3467 ita
455 3404 566 3479 sentio,
598 3424 656 3467 nec
678 3423 752 3466 vero
775 3424 838 3466 non
860 3423 989 3485 possum
1013 3401 1135 3477 addere,
1159 3400 1297 3464 rationes

147 3493 203 3564 illas
220 3527 279 3570 rem
301 3528 366 3571 non
387 3507 482 3591 plane
504 3513 622 3572 certam
646 3508 759 3571 facere.

216 3608 378 3686 Quaeritur
400 3613 504 3690 etiam,
529 3614 617 3678 cuius
640 3612 828 3677 conditionis
847 3611 982 3676 lectores
998 3609 1153 3694 epistulae
1168 3608 1295 3672 fuerint.

150 3699 389 3781 C11111Barnabas
411 3718 445 3781 id
466 3719 602 3782 maxime
625 3723 745 3802 ageret,
775 3722 812 3781 ut
834 3716 1026 3801 prohiberet,
1051 3737 1090 3778 ne
1110 3714 1243 3777 lectores
1265 3713 1298 3775 in

149 3803 229 3894 legem
242 3819 397 3886 iudaicam
411 3823 625 3901 illaberentur,
641 3823 830 3905 interpretes
845 3821 966 3904 priores
982 3819 1211 3892 concluserunt,
1234 3817 1296 3899 epi·

151 3945 329 3969 *κ-

205 4039 215 4090 l
234 4039 286 4095 lte
302 4043 439 4110 Apostolic
457 4042 581 4110 Fatters,
601 4041 626 4096 S.
648 4041 764 4097 Gleneot
783 4040 902 4103 189011,
921 4038 1067 4094 toa—512.

204 4122 217 4173 2
236 4127 284 4182 The
303 4128 411 4184 Ohurcb
428 4131 458 4183 in
476 4131 519 4184 the
536 4131 642 4185 Rom
661 4131 775 4199 Empire
799 4131 888 4198 before
904 4129 939 4182 A.
959 4127 997 4181 D.
1017 4131 1071 4181 170
1088 4124 1178 4194 (1893)
1201 4143 1229 4194 p.
1248 4124 1298 4178 307

150 4201 225 4262 ‘317-
263 4215 340 4269 Haec
368 4215 553 4286 chronologia
579 4217 655 4286 apud
682 4215 790 4286 Anglos
817 4217 876 4269 fere
905 4213 1059 4268 communis
1088 4227 1149 4266 esse
1180 4212 1298 4265 videtur.
1348 4203 1351 4207 ’

151 4285 185 4342 Cf·
200 4292 302 4366 Bartlet,
325 4301 382 4357 The
398 4303 538 4373 Apostolic
556 4307 614 4374 Ape
634 4304 701 4359 1900
719 4322 746 4373 p.
765 4305 822 4357 521.

206 4384 309 4443 thorn.
330 4391 412 4460 epist.
432 4391 473 4445 ed.
492 4391 519 4444 II
538 4392 604 4448 1877
624 4410 651 4461 p.
672 4388 789 4445 XXXIV
808 4406 847 4457 sq.

151 4543 172 4598 H
207 4471 273 4528 tuf.
292 4476 386 4541 Funk,
415 4477 733 4548 Kircumpercuicuuuue
753 4477 967 4546 Abbandtunpen
986 4476 1045 4529 und
1067 4475 1300 4543 Ualersucbunpen

186 4551 268 4629 (ltu),
287 4562 414 4618 n-roe.
