2834 5018
544 1382 886 1497 PRAEFATIO.

208 1667 291 1731 Inde
316 1666 356 1730 ab
380 1686 462 1729 anno
486 1664 581 1742 1855,
605 1687 668 1747 quo
691 1664 725 1730 C.
741 1666 765 1730 L
782 1667 897 1732 Hefele
917 1671 1046 1751 patrum
1061 1667 1308 1751 apostolicorum

114 1797 222 1859 opera
259 1772 399 1836 editione
431 1773 545 1854 quarta
572 1769 755 1852 publicavit,
786 1793 886 1855 usque
915 1771 955 1835 ad
983 1773 1218 1848 annum1878,
1244 1794 1307 1856 quo

116 1903 181 1964 ego
207 1901 247 1943 ea
271 1875 367 1951 edidi,
391 1874 524 1938 scientia
546 1875 713 1958 patristica
734 1874 880 1958 pluribus
903 1876 1063 1940 codicibus
1087 1876 1222 1940 inventis
1245 1877 1306 1940 mi·

119 2008 192 2049 rum
207 1985 252 2047 >in
275 1982 406 2045 modum
427 1983 575 2064 promota
598 1984 655 2043 est.
701 1979 770 2043 Iam
799 2002 882 2044 anno
906 1982 989 2044 1856
1012 1980 1150 2044 Hermae
1181 1980 1305 2058 Pastor,

122 2089 178 2172 qui
213 2088 382 2170 hucusque
414 2084 540 2148 nonnisi
574 2084 608 2147 in
637 2085 780 2149 versione
811 2087 910 2149 veteri
932 2086 1032 2149 latina
1058 2086 1203 2170 cognitus
1235 2086 1306 2164 fuit,

123 2213 239 2276 graece
270 2193 374 2256 editus
406 2194 464 2264 est,
496 2193 528 2252 et
558 2189 646 2252 brevi
668 2193 794 2253 secutae
816 2195 891 2253 sunt
914 2191 993 2253 duae
1015 2211 1116 2254 novas
1139 2191 1306 2267 versiones,

124 2297 227 2360 versio
251 2294 354 2359 latina
383 2293 483 2358 altera
511 2293 563 2358 vel
587 2293 735 2359 Palatina
757 2317 838 2379 quae
862 2296 976 2359 dicitur
998 2319 1035 2360 ac
1056 2296 1159 2359 versio
1183 2297 1307 2360 aethio-

122 2401 205 2485 pica.
254 2398 362 2464 Codex
386 2397 568 2476 SinaiticuS,
594 2421 688 2482 quem
711 2421 793 2463 anno
812 2400 895 2463 1859
912 2399 1136 2464 Constantinus
1152 2399 1306 2464 Tischen-

124 2504 201 2569 dori
220 2505 256 2568 in
277 2504 381 2568 lucem
409 2503 570 2588 produxit,
603 2505 644 2568 ad
665 2507 788 2568 textum
810 2504 951 2568 Pastoris
975 2504 1202 2569 emendandum
1232 2504 1307 2588 plu-

125 2610 244 2672 rimum
269 2608 413 2683 contulit,
437 2608 583 2692 idemque
599 2607 742 2672 exhibuit
765 2609 935 2693 epistulam
951 2608 1116 2673 Barnabae
1138 2609 1305 2692 integram,

125 2714 216 2778 cuius
247 2713 375 2777 initium
406 2732 505 2796 usque
534 2713 575 2776 ad
603 2712 684 2776 illud
715 2717 842 2797 tempus
864 2713 898 2777 in
920 2713 1062 2777 versione
1085 2713 1184 2776 veteri
1206 2711 1308 2777 latina

124 2822 252 2880 tantum
283 2816 460 2901 legebatur.
511 2814 605 2881 Anno
636 2817 719 2881 1875
744 2841 762 2881 a
785 2818 955 2882 Philotheo
978 2818 1137 2901 Bryennio
1161 2839 1178 2881 e
1201 2818 1307 2882 codice

128 2918 406 3004 Constantinopoli
439 2923 602 2985 asservato
635 2921 738 2986 adhuc
770 2923 933 3007 incognito
968 2921 1138 2987 Clementis
1170 2922 1307 2986 Romani

127 3025 284 3109 epistulae
306 3030 340 3088 et
356 3024 483 3108 quidem
497 3025 640 3110 integrae
656 3026 757 3089 editae
773 3032 856 3101 sunt,
873 3048 944 3090 cum
959 3026 1122 3110 hucusque
1139 3031 1306 3110 quattuor-

126 3131 230 3194 decim
262 3129 370 3214 capita
392 3134 424 3193 et
446 3129 611 3193 dimidium
632 3152 761 3213 prorsus
795 3133 945 3196 deessent.
989 3130 1084 3194 Brevi
1105 3135 1179 3213 post
1204 3131 1306 3195 versio

127 3234 298 3297 eanmdem
320 3232 530 3317 epistularum
554 3234 677 3316 syriaca
697 3235 826 3299 inventa
849 3241 904 3301 est.
952 3235 1046 3300 Anno
1065 3236 1147 3299 1877
1172 3237 1306 3319 denique

128 3337 297 3421 Adolphus
320 3337 507 3422 Hilgenfeld
529 3338 696 3402 Barnabae
719 3339 886 3422 epistulam
909 3340 1054 3423 pluribus
1074 3338 1152 3401 locis
1167 3360 1184 3401 e
1201 3340 1307 3402 codice

126 3443 184 3506 illo
208 3441 557 3525 Constantinopolitano
581 3444 753 3507 emendatis
775 3444 808 3507 in
830 3443 946 3528 vulgus
968 3443 1081 3506 emisit.

216 3545 296 3611 Cum
326 3544 515 3610 documenta
545 3547 585 3611 ad
616 3551 739 3611 textum
771 3547 994 3611 recensendum
1018 3546 1196 3610 adhibenda
1227 3546 1305 3610 adeo

127 3656 223 3714 aucta
244 3653 358 3726 essent,
382 3670 445 3712 non
468 3653 536 3714 tam
558 3650 655 3714 editio
680 3650 850 3714 Hefeliana
870 3651 1073 3727 emendanda,
1099 3672 1195 3733 quam
1210 3651 1306 3715 editio

126 3777 210 3819 nova
232 3754 376 3838 paranda
398 3758 474 3817 erat.
522 3752 602 3817 Cum
629 3757 736 3817 autem
760 3754 882 3831 Hefele‚
914 3777 940 3817 a.
968 3754 1051 3817 1869
1076 3754 1116 3816 ad
1139 3754 1306 3817 dioecesim

128 3860 439 3944 Rottenburgensem
466 3858 706 3942 gubernandam
738 3863 877 3934 vocatus,
908 3859 1078 3941 impeditus
1101 3862 1192 3933 esset,
1227 3879 1306 3941 quo·

125 3964 232 4027 minus
254 3963 340 4027 hunc
355 3961 496 4026 laborem
520 3963 554 4025 in
570 3984 603 4026 se
619 3961 802 4045 susciperet,
828 3967 923 4046 atque
938 3985 1009 4026 eum
1025 3961 1102 4025 mihi
1118 3962 1304 4036 comitteret,

125 4092 241 4134 nomen
274 4069 333 4132 viri
356 4068 394 4131 de
416 4068 531 4132 studiis
553 4067 727 4151 patristicis
749 4066 969 4148 promovendis
993 4066 1120 4150 egregie
1142 4066 1248 4130 meriti
1270 4066 1304 4129 in

124 4174 221 4238 titulo
244 4172 393 4238 editionis
415 4192 503 4235 meae
525 4170 641 4254 prioris
664 4171 778 4254 recepi.

212 4279 297 4342 Huic
320 4276 453 4341 editioni
475 4296 590 4339 nomen
611 4295 717 4338 meum
739 4274 842 4338 solum
857 4274 1096 4358 praefigendum
1118 4278 1195 4336 erat.
1226 4272 1305 4337 Cum

125 4382 216 4447 initio
238 4383 273 4447 id
296 4404 436 4466 agerem,
461 4385 496 4444 ut
519 4403 573 4444 eas
595 4379 768 4462 scripturas
791 4383 915 4444 tanturn
938 4380 1070 4454 ederem,
1096 4399 1174 4461 quas
1191 4375 1305 4441 Hefele

125 4487 355 4570 publicaverat,
390 4486 440 4550 vel
475 4485 649 4567 scripturas
683 4488 811 4567 patrum
841 4481 1059 4567 apostolorum
1088 4480 1240 4565 genuinas
1275 4481 1305 4541 et
