2834 5018
144 332 185 395 24
637 328 828 385 DOCTRINA

144 502 235 586 σάν]
261 501 336 580 δδξα
366 502 408 579 εἰς
434 506 505 578 τοὺς
533 505 659 581 αἰῶνας.
713 509 741 571 5.
766 504 932 589 μνήσθητι,
955 505 1050 588 κύριε,
1075 516 1128 590 τῆς
1155 506 1328 592 ἐκκλησίας

145 631 202 673 σου
224 619 278 672 τοῠ
302 608 459 692 ῥύσασθαι
483 609 579 691 αὐτὴν
602 609 667 671 ἀπὸ
692 611 807 685 παντὸς
829 620 965 694 πονηροῦ
980 612 1033 673 καί
1049 609 1211 675 τελειῶσαι
1230 614 1329 695 αὐτὴν

146 713 178 778 ἐν
193 723 231 798 τῇ
247 714 354 797 ἀγάπῃ
373 733 439 791 σου,
461 714 517 776 καὶ
534 711 684 792 σύναξον
701 715 797 797 αὐτὴν
812 716 881 778 άπὸ
897 721 968 779 τῶν
983 718 1160 802 τεσσάρων
1176 717 1328 797 ἀνέμων,

145 822 200 903 τὴν
223 819 442 903 ἁγιασθεῖσαν,
467 817 509 892 εἰς
531 819 586 900 τὴν
610 820 668 900 σὴν
695 817 868 903 βασιλείαν,
892 820 930 903 ἣν
953 819 1124 903 ἡτοίμασας
1147 823 1242 905 αὐτῇ·
1280 826 1329 886 δτι

120 934 202 989 εσοῦ
225 923 306 987 ἐστιν
330 921 350 1004 ι]
374 921 501 1004 δύναμις
524 922 578 983 καλ
600 921 620 1004 ι]
643 921 720 998 δδξα
736 923 779 998 εἰς
794 926 865 998 τοὺς
881 924 1005 999 αἰῶνας.
1037 928 1065 991 6.
1091 924 1213 990 ἐλθέτω
1238 926 1331 1010 χάρις

145 1030 198 1091 καλ
221 1024 407 1109 παρελθέτω
431 1026 448 1088 δ
470 1025 587 1108 κδσμος
603 1023 701 1101 οὗτος.
738 1026 891 1093 Ὡσαννά
913 1036 961 1113 τῷ
983 1028 1056 1114 θεῷ
1079 1028 1191 1095 Δαυὶὁ.
1231 1033 1258 1093 εἴ
1284 1053 1331 1107 τις

146 1131 232 1216 ἅγιός
255 1130 348 1209 ἐστιν,
371 1128 535 1211 ἐρχέσθω·
560 1132 654 1207 εἴτις
677 1133 737 1195 οὐκ
759 1133 840 1213 ἔστι,
865 1133 1067 1216 μετανοείτω·
1096 1136 1212 1220 μαράν
1235 1135 1328 1200 ἀθά·

146 1236 237 1320 ἀμήν.
283 1244 346 1310 τοῖς
369 1235 404 1297 δὲ
426 1233 597 1318 προφήταις
622 1234 801 1317 ἐπιτρέπετε
824 1240 1025 1320 εὐχαριστεῖν,
1050 1241 1109 1302 ὅσα
1132 1236 1293 1304 θέλουσιν.

234 1341 289 1406 XI.
313 1337 371 1413 Ὃς
394 1340 431 1401 ἂν
455 1335 508 1403 οὖν
532 1338 638 1405 ἐλθὼν
661 1340 769 1425 διδάξῃ
792 1342 870 1425 ὑμᾶς
893 1352 991 1405 ταῦτα
1006 1341 1108 1405 πάντα
1131 1345 1170 1405 τὰ
1185 1363 1330 1428 προειρη·

110 1465 136 1501 10
149 1444 236 1530 μένα,
260 1443 396 1521 δέξασθε
420 1443 533 1507 αὐτόν·
557 1448 586 1510 2.
605 1444 658 1507 ἐὰν
675 1445 709 1507 δὲ
721 1446 813 1520 αὐτὸς
828 1445 844 1507 δ
860 1446 1016 1509 διδάσκων
1032 1448 1176 1528 στραφεὶς
1193 1447 1331 1531 διδάσκῃ

149 1549 248 1634 ἄλλην
270 1549 399 1632 διδαχὴν
422 1548 465 1623 εἰς
487 1550 522 1610 τὸ
544 1548 737 1627 καταλῦσαι,
772 1553 813 1633 μὴ
837 1552 931 1613 αὐτοῦ
954 1550 1127 1635 ἀκούσητε·
1160 1552 1202 1627 εἰς
1234 1554 1332 1617 δὲτὸ

220 1724 298 1780 Ισοὶ
315 1739 359 1776 em
379 1722 482 1780 Βτισὺ
501 1723 553 1776 cod
579 1723 582 1793 ]
608 1720 826 1790 δὼσαννάεὼς
843 1721 912 1779 άννά
932 1723 984 1776 cod
1005 1724 1010 1792 Ι
1032 1729 1091 1798 θεῷ
1110 1723 1244 1799 οοάευλῷ
1272 1726 1329 1779 edd

149 1810 242 1881 plures
259 1810 263 1880 ]
280 1813 295 1865 7
312 1808 406 1882 μαράν
428 1807 486 1867 άθά
500 1825 507 1865 2
519 1809 674 1883 μαραναθὰ
694 1808 747 1862 cod

185 1917 208 1969 5.
228 1915 366 1989 ῥύσασθαι
383 1920 442 1971 κτλ.
471 1913 512 1968 Of.
526 1914 628 1968 Mutth.
641 1916 665 1977 6,
681 1915 726 1976 133
739 1915 856 1968 scribit:
877 1915 993 1968 Orumuu
1012 1932 1064 1984 pro
1082 1931 1144 1967 mor
1157 1932 1174 1967 u
1193 1919 1266 1971 finis.
1296 1919 1336 1973 Si-

151 2003 245 2058 Ionnn,
267 2005 306 2067 17,
328 2004 367 2057 15.
381 2007 569 2058 -τελειῶσαι
592 2001 662 2071 κτλ]
683 2000 725 2055 cf.
753 2003 859 2057 militer
876 2002 918 2057 De
938 2005 1008 2057 orut.
1029 2020 1050 2057 e.
1070 2005 1086 2056 5
1111 2004 1141 2056 in
1161 2006 1332 2074 explicando

151 2093 246 2148 Ioann.
268 2095 307 2154 17,
319 2091 370 2151 23;
390 2091 402 2143 Ι
420 2092 514 2144 Ioann.
526 2094 549 2151 2,
560 2092 593 2150 5;
613 2088 725 2142 lClem.
754 2092 875 2145 secundo
889 2091 1025 2146 orationis
1038 2092 1195 2146 dominicae
1209 2094 1333 2147 articulo

151 2181 192 2243 50,
212 2182 228 2234 3
247 2178 285 2247 (ολ
303 2178 333 2236 ἐν
349 2178 444 2251 ἀγάπῃ
462 2177 675 2248 τελειωθέντες).
694 2208 724 2217 -
738 2210 742 2232 ι
754 2184 967 2241 commemorat,
993 2180 1129 2246 quosdam
1153 2183 1333 2247 protractum

151 2271 268 2337 σ”οναξον
285 2267 355 2336 κτλ]
369 2266 419 2320 ies.
437 2267 534 2326 11,12;
553 2269 598 2321 καλ
616 2265 726 2335 συνάξει
753 2266 1245 2336 ι]ιιειιιι1ππι(ἰπ]ειιοοσλοροελολσιο.
1269 2267 1334 2336 Ipse

150 2354 214 2421 τοὺς
232 2353 423 2423 ἀπολομένους
442 2352 568 2425 Ἰσραήλ,
591 2356 637 2407 καὶ
660 2353 726 2420 τοὺς
754 2358 848 2407 autem
872 2355 969 2408 eodem
989 2354 1051 2407 loeo
1076 2358 1184 2417 censet,
1211 2372 1332 2424 regnum

150 2441 366 2515 διεσπαρμένους
384 2440 475 2497 Ἰούδα
493 2440 603 2508 συνάξει
621 2437 726 2496 ἐκτῶν
753 2439 814 2503 Dei,
834 2443 910 2508 quod
927 2444 959 2494 ut
978 2442 1111 2496 adveniat
1137 2459 1264 2504 orumuS,
1297 2443 1332 2495 ad

151 2529 294 2601 τεσσάρων
314 2529 459 2603 πτερύγων
471 2539 519 2597 τῆς
539 2540 595 2598 γῆς.
625 2527 725 2580 Oratio
754 2530 1022 2583 consummationem
1041 2528 1146 2582 saeculi
1164 2531 1283 2583 tendere
1305 2534 1333 2583 et

151 2618 263 2671 iudaice
293 2615 511 2672 Sermone-nare
546 2613 591 2667 vel
618 2613 723 2666 Duode·
754 2632 816 2669 oum
835 2615 898 2669 aliis
909 2616 1076 2670 Christianis
1089 2616 1171 2684 optut
1189 2619 1333 2670 maturius

152 2705 255 2775 viginti
273 2707 387 2760 exhibet
406 2724 431 2759 v.
453 2704 485 2758 10
503 2705 605 2757 verbu:
625 2704 654 2755 et
672 2703 726 2757 col·
754 2719 874 2773 regnare
899 2706 928 2757 et
949 2722 1005 2757 non
1030 2703 1136 2757 diutius
1162 2705 1275 2758 servire.
1299 2734 1332 2744 —

152 2793 210 2862 lige
228 2810 279 2845 nos
300 2809 317 2845 n
337 2795 472 2859 quattuor
498 2790 599 2844 finibus
627 2793 725 2843 temne.
752 2791 842 2864 χάρις]
871 2791 913 2846 cf.
941 2791 1045 2845 lPetr.
1075 2791 1101 2851 1,
1129 2792 1174 2844 13:
1201 2788 1333 2847 ἐλπίσατε

153 2880 193 2933 of.
208 2880 334 2941 Sabinou
357 2880 510 2934 Geeehictte
528 2879 574 2932 dee
586 2879 728 2932 ιῗάάὶσάιικ
755 2876 798 2934 ἐπὶ
818 2884 867 2950 τὴν
879 2879 1036 2951 φερομένην
1052 2876 1115 2948 ὑμῖν
1125 2878 1206 2950 χάριν
1219 2877 1249 2936 ἐν
1266 2878 1334 2937 άπα-

160 2968 252 3021 Volkes
272 2967 313 3020 ed.
324 2965 392 3020 1111.
403 2967 428 3019 ΙΙ
446 2965 546 3035 (1898),
565 2967 624 3019 461.
657 2965 727 3017 Doc-
754 2966 872 3036 καλύψει
894 2970 924 3023 Ἰ,
945 2972 1076 3039 Χριστοῦ.
1100 2999 1134 3006 -
1152 2965 1332 3037 παρελθέτω]

152 3053 227 3106 trinu
236 3054 351 3122 propius
366 3053 511 3106 miratu.
523 3053 564 3113 24,
576 3053 607 3106 τι
619 3052 729 3105 aecem
740 3026 743 3071 ¹
756 3053 798 3107 of.
811 3052 912 3108 Manu.
927 3056 951 3116 5,
966 3056 1012 3116 ιο
1023 3055 1035 3107 1
1045 3055 1107 3109 eor.
1118 3054 1141 3116 τ,
1153 3055 1201 3111 :m
1220 3054 1246 3106 u
1258 3055 1332 3107 retr.

154 3156 238 3207 quarn
258 3141 292 3193 ια]
311 3139 374 3194 iilos
393 3141 479 3193 locos.
506 3170 541 3180 —
568 3144 618 3210 τὴν
636 3137 727 3211 ἁγιασ-
755 3140 779 3203 3,
801 3141 847 3202 10;
867 3143 952 3209 Apoc.
972 3141 1013 3203 21,
1036 3143 1056 3194 1.
1079 3172 1107 3181 -
1127 3139 1240 3197 ὼσαννά
1260 3141 1332 3210 κτλ]

154 3226 262 3295 θεῖσαν]
293 3244 329 3280 so.
359 3226 494 3295 sunguine
522 3226 635 3282 christ-i.
686 3226 728 3282 cf.
755 3226 855 3281 Verbis
879 3226 990 3285 ὼσαννά
1017 3236 1056 3302 τῷ
1082 3224 1131 3301 υἱῷ
1150 3231 1236 3284 Auito
1255 3226 1334 3281 lesus

154 3313 249 3368 lonun.
278 3316 323 3377 17,
345 3315 390 3375 19;
417 3314 488 3384 Eph.
516 3316 549 3379 5,
567 3315 615 3377 25;
644 3313 728 3366 Hebr.
757 3314 953 3384 Hierosolyma
971 3316 1078 3369 intrans
1098 3315 1217 3368 sturbis
1231 3314 1333 3383 populi

157 3403 202 3463 10,
233 3402 271 3455 10.
302 3433 337 3440 -
366 3402 527 3472 ἡτοίμασας]
556 3401 597 3455 cf.
627 3402 727 3455 Matth.
756 3402 895 3457 salutatus
917 3405 973 3464 est,
1000 3402 1160 3467 eisdemque
1185 3404 1260 3454 teste
1280 3401 1333 3455 He-

154 3490 196 3549 25.
216 3490 257 3544 34.
279 3489 362 3542 Hebr.
384 3492 423 3551 11,
444 3491 483 3543 16.
758 3488 874 3557 gesippo
893 3487 968 3557 (Eue.
988 3487 1169 3549 H.1J.11‚23‚
1187 3490 1229 3551 14]
1251 3489 1335 3541 multi

190 3577 213 3629 6.
233 3574 340 3632 ἐλθέτω
351 3575 420 3644 κτλ]
441 3577 558 3630 Veteres
572 3574 726 3631 Christiani
756 3575 919 3628 testimonio
939 3576 1032 3628 iacobi
1057 3574 1094 3627 nd
1112 3575 1196 3628 fidem
1215 3576 1334 3630 adduct-i

155 3681 211 3717 non
230 3664 319 3717 solum
332 3664 406 3716 huno
419 3664 551 3717 mundum
565 3662 727 3717 brevitem·
756 3661 800 3715 rel
827 3662 855 3714 in
881 3661 935 3714 fide
960 3661 1116 3714 confirmati
1135 3660 1226 3715 Iesum
1247 3663 1333 3733 glori-

155 3767 223 3819 pore
240 3753 458 3820 praeteriturum
483 3768 543 3805 esse
565 3749 725 3809 eredebant,
756 3748 917 3802 ficaverunt.
936 3747 1029 3802 Verba
1042 3747 1188 3817 aptissime
1202 3750 1257 3803 hoc
1270 3750 1334 3804 loco

156 3838 205 3890 sed
223 3838 309 3890 etiam
326 3856 377 3906 pro
397 3838 579 3891 accelerando
602 3838 662 3890 eius
675 3837 728 3888 fine
756 3837 852 3904 positu
870 3840 948 3898 sunt,
974 3836 1023 3890 ubi
1042 3836 1168 3889 Christus
1194 3837 1337 3890 rediturus

158 3922 944 3992 adventuqueChristiorabant.OtApoe.'exspectatun
988 3923 1036 3977 Sin
1064 3926 1162 3976 unctor
1189 3923 1336 3977 Christum

157 4010 198 4071 22,
219 4012 262 4065 17:
290 4016 335 4066 καὶ
362 4013 394 4068 τὸ
413 4021 520 4081 πνεῦμα
538 4016 584 4068 καὶ
604 4014 620 4081 ι]
639 4011 729 4079 νύμφη
758 4011 847 4064 Deum
866 4011 958 4065 David
982 4011 1122 4080 reppellat,
1152 4027 1209 4063 non
1237 4011 1334 4074 filium,

157 4096 297 4167 λέγουσιν·
328 4094 416 4170 ἔρχου,
434 4103 479 4155 καὶ
497 4098 637 4156 ιλάκοάιον
654 4098 730 4154 εἶπά·
758 4097 992 4151 considerandum
1021 4099 1075 4162 est,
1103 4098 1207 4152 Lucam
1237 4098 1282 4161 19,
1302 4099 1337 4153 23

158 4201 208 4239 τω·
231 4180 320 4255 ἔρχου,
339 4186 386 4237 2οι
415 4181 504 4257 ἔρχου,
527 4186 604 4258 κύριε
629 4184 729 4255 Ἰησοῦ.
759 4184 793 4237 de
820 4186 882 4238 Iesu
911 4184 1106 4253 Hierosolyma
1137 4185 1262 4239 intrante
1296 4185 1334 4238 di·

159 4269 345 4324 Tertullianus
370 4272 489 4341 Apolog.
516 4290 538 4326 o.
558 4273 591 4326 39
616 4270 730 4339 quidem
757 4274 866 4326 centem
883 4277 976 4328 totum
994 4272 1094 4333 locum,
1116 4270 1243 4325 Murcum
1265 4272 1336 4330 11.9
