2834 5018
189 314 277 379 cxli
635 306 918 363 Paonaconana

188 491 248 555 sibi
279 491 365 554 visus
387 494 451 566 est,
483 487 609 571 eloquia
641 487 747 551 omnia
770 489 809 552 ad
831 487 923 551 illum
951 487 1066 552 librum
1099 488 1263 552 referenda
1286 507 1364 550 esse.

189 594 352 659 Sententia
373 614 447 656 vero
469 592 599 656 minime
622 596 754 655 constat.
802 592 951 656 Protinus
972 593 1110 676 primum
1133 597 1364 677 argumentum,

190 721 251 784 qno
274 699 435 782 probatur,
460 719 522 761 non
544 701 593 761 est
607 696 755 760 validum.
802 696 954 761 Harnack
968 697 1052 761 enim
1076 702 1196 762 certum
1211 718 1280 762 esse
1304 720 1364 780 pu·

188 809 245 879 tat,
269 804 388 868 dictum
411 804 449 866 de
472 801 639 865 fertilitate
653 806 757 865 terrae
780 801 813 864 in
828 823 926 886 regno
950 802 1059 866 futuro
1075 825 1140 867 non
1163 803 1289 866 aliunde
1305 802 1366 866 nisi

188 931 204 971 e
227 908 346 992 Papiae
369 909 452 972 libro
481 907 631 970 haustum
655 928 731 970 esse.
778 906 859 970 Rem
882 911 987 970 autem
1020 907 1113 971 aliter
1136 928 1169 970 se
1191 906 1309 971 habere
1334 908 1365 970 in

188 1014 391 1079 adnotatione
421 1012 461 1075 ad
483 1011 602 1095 Papiae
624 1009 784 1096 Fragml
807 1012 938 1075 ostendi.
986 1010 1098 1095 Neque
1128 1011 1270 1076 firmiora
1292 1016 1366 1075 sunt

187 1142 234 1197 ea,
259 1139 340 1203 quae
355 1116 506 1180 Harnaclr
529 1118 567 1180 de
582 1116 783 1200 Fragmentis
806 1116 1062 1200 presbyterorum
1077 1115 1184 1181 I—IV
1207 1117 1363 1200 exposuit.

186 1225 237 1289 Ex
260 1223 427 1299 contrario,
452 1244 469 1285 e
490 1221 603 1296 verbis,
630 1221 744 1304 quibus
767 1220 915 1285 Irenaeus
936 1221 1015 1285 haec
1037 1221 1122 1285 dicta
1143 1221 1273 1298 inducit,
1298 1221 1364 1285 cla·

187 1329 310 1393 rissime
333 1332 475 1412 apparet,
500 1348 537 1391 ea
559 1348 623 1390 non
646 1348 663 1389 e
686 1326 767 1390 libro
791 1326 949 1409 exscripta
972 1346 1049 1389 esse.
1098 1325 1257 1389 Distincte
1281 1325 1364 1389 enim

186 1437 279 1517 pater
302 1433 392 1507 dicit,
426 1451 459 1494 se
482 1452 519 1494 ea
551 1454 570 1493 a
591 1432 776 1513 presbytero
810 1430 1021 1494 audivisse
1045 1428 1081 1511 (Ι,
1109 1429 1160 1511 1),
1193 1435 1226 1494 et
1248 1431 1362 1495 verba:

188 1537 280 1601 Talia
304 1537 458 1620 quaedam
473 1557 622 1599 enarrans
646 1537 683 1600 de
700 1535 839 1618 antiquis
861 1535 1026 1619 presbyter
1041 1535 1204 1600 reficiebat
1217 1558 1275 1600 nos
1293 1539 1362 1609 etc,

187 1643 314 1708 omnino
336 1663 400 1705 non
423 1638 516 1704 aliter
537 1640 598 1703 nisi
622 1642 659 1703 de
682 1661 825 1704 sermone
848 1639 929 1703 orali
952 1639 1167 1724 intellegenda
1189 1644 1272 1703 sunt.
1298 1639 1362 1703 De·

186 1749 281 1831 nique
304 1745 565 1810 considerandum
581 1748 638 1821 est,
664 1745 747 1827 quod
764 1742 792 1804 οἱ
815 1740 1017 1826 πρεσβύτεροι
1032 1744 1152 1827 Papiae
1174 1749 1249 1808 sunt
1268 1743 1363 1807 disci·

185 1852 255 1936 pnli
276 1850 415 1926 Domini,
441 1872 512 1913 curn
534 1849 713 1932 presbyteri
735 1848 857 1912 irenaei
878 1849 942 1913 sint
965 1849 1111 1933 discipuli
1134 1848 1362 1932 apostolorum,

186 1963 219 2021 et
241 1978 304 2042 quo
327 1957 394 2019 iure
417 1975 597 2031 censemus,
631 1954 794 2018 Irenaeum
818 1958 873 2016 aut
895 1953 1012 2018 librum
1033 1953 1153 2037 Papiae
1182 1975 1245 2017 non
1266 1952 1363 2016 intel-

186 2062 300 2125 lexisse
323 2064 377 2123 aut
400 2060 478 2123 adeo
500 2058 705 2143 neglegenter
727 2059 945 2140 exscripsisse,
978 2063 1014 2122 ut
1036 2057 1116 2121 nihil
1139 2058 1245 2122 dicens
1268 2057 1362 2121 disci·

185 2165 270 2249 pulis
293 2164 422 2228 Domini
446 2163 617 2246 discipulos
642 2163 857 2246 apostolorum
880 2163 1129 2228 substituerett¹

274 2269 405 2332 Praeter
432 2268 712 2350 presbyteros
734 2267 881 2331 Irenaens
905 2267 945 2330 ad
967 2271 1064 2330 testes
1086 2272 1247 2349 provocat,
1284 2287 1363 2349 quos

186 2374 257 2438 aliis
280 2373 384 2437 verbis
418 2372 554 2448 inducit,
579 2393 621 2434 sc.
648 2369 727 2434 adv.
752 2372 838 2435 haer.
862 2372 877 2435 Ι
899 2371 1020 2455 praet:
1056 2371 1321 2454 quemadmodum
1345 2392 1364 2433 a

185 2478 313 2542 meliore
336 2476 427 2541 nobis
461 2474 534 2557 (ὑπὸ
560 2482 616 2534 τοῦ
639 2473 815 2555 κρείττονος
842 2474 944 2557 ἡμῶν)
981 2476 1098 2539 dictum
1128 2480 1195 2551 est;
1230 2475 1363 2553 1,13,3

185 2582 348 2656 similiter3
372 2580 429 2657 Ill,
449 2581 498 2658 17,
515 2581 550 2643 4:
575 2580 657 2643 sicut
673 2580 800 2663 quidam
815 2580 894 2643 dixit
910 2580 1054 2663 superior
1068 2579 1176 2654 nobis;
1193 2579 1249 2657 Ill,
1263 2581 1316 2655 23,
1327 2582 1362 2644 3:

185 2707 223 2749 ex
245 2685 404 2749 veteribus
422 2685 565 2767 quidam3
589 2684 628 2761 V,
648 2684 698 2760 17,
714 2686 735 2748 4
752 2684 911 2758 similiter3
936 2683 992 2760 IV,
1009 2685 1061 2761 41,
1080 2683 1115 2748 l:
1140 2685 1268 2768 quidam
1289 2688 1364 2749 ante

184 2813 258 2863 nos;
282 2789 328 2853 IV
342 2789 463 2873 praei:
487 2789 522 2852 hi
545 2789 599 2872 qui
622 2793 695 2851 ante
718 2810 774 2852 nos
798 2790 927 2852 fuerunt
949 2793 981 2852 et
1004 2789 1130 2873 quidem
1152 2788 1253 2852 multo
1268 2790 1364 2854 nobis

184 2895 346 2969 meliores3
371 2892 425 2969 IV,
443 2894 473 2970 4,
490 2893 527 2955 2:
552 2897 584 2956 et
606 2893 686 2956 bene
709 2893 764 2975 qui
786 2893 883 2967 dixit;
908 2894 931 2969 l,
951 2895 1000 2971 15,
1018 2896 1056 2958 6:
1091 2894 1214 2958 divinae
1237 2895 1364 2978 aspira·

184 3001 279 3065 tionis
302 3000 406 3064 senior
428 3004 460 3063 et
482 3019 595 3081 praeco
631 2999 788 3075 veritatis,
823 2996 949 3070 ὁθεῐος
981 2996 1154 3082 πρεσβύτης
1177 2997 1232 3059 καὶ
1260 2995 1364 3078 κήρυξ

184 3112 239 3185 τῆς
262 3101 424 3185 ἀληθείας.
469 3103 616 3167 Editores
638 3102 759 3185 priores
774 3103 847 3167 illos
870 3103 955 3167 viros
971 3104 1174 3187 presbyteros
1191 3125 1248 3167 seu
1263 3103 1362 3168 disci·

183 3208 276 3291 pulos
300 3208 514 3291 apostolorum
537 3208 716 3271 habuerunt
731 3230 901 3291 eorumque
925 3209 1007 3272 dicta
1029 3209 1111 3272 inter
1133 3208 1246 3271 horum
1270 3208 1363 3292 frag·

183 3316 292 3375 menta
313 3317 506 3395 receperunt.
553 3312 616 3376 Vix
631 3317 723 3376 recte.
770 3312 918 3377 Irenaeus
934 3335 987 3377 eos
1010 3333 1073 3376 non
1089 3313 1192 3377 solnm
1213 3333 1278 3375 non
1301 3334 1363 3377 no·

184 3415 268 3478 mine
291 3411 492 3497 πρεσβύτεροι
508 3415 649 3498 insignit,
674 3437 736 3499 quo
753 3416 923 3500 discipulos
947 3417 1165 3497 apostolorum
1180 3420 1281 3492 vocat,
1307 3419 1363 3481 sed

184 3520 279 3583 etiam
301 3540 459 3602 nusquam
487 3540 541 3582 eos
565 3519 724 3602 apostolos
748 3520 861 3583 vidisse
892 3519 942 3583 vel
965 3521 1120 3585 audivisse
1148 3521 1231 3596 dicit,
1257 3525 1289 3584 et
1313 3542 1362 3598 ea,

184 3646 264 3707 quae
287 3647 306 3689 a
328 3645 482 3708 praecone
504 3624 646 3688 veritatis
672 3625 875 3707 deprompsit,
901 3624 1017 3707 quippe
1042 3647 1121 3708 quae
1144 3625 1208 3688 sint
1229 3626 1363 3691 metrice

182 3730 373 3812 composita,
404 3729 489 3793 haud
512 3729 606 3793 dnbie
629 3750 645 3792 e
669 3728 750 3793 libro
783 3728 889 3811 aliquo
920 3730 1093 3813 descripsit.
1139 3728 1250 3812 Itaque
1275 3730 1363 3793 dicta

182 3831 310 3897 illorum
331 3834 470 3897 virorum
493 3856 576 3898 nunc
597 3833 676 3896 mihi
698 3834 979 3915 praetermittenda
1002 3854 1069 3897 esse
1092 3833 1239 3896 videntur
1251 3829 1274 3895 ².

270 3935 474 4021 Collegerunt
504 3937 666 4019 hucusque
696 3934 889 4018 Fragmenta
916 3935 1059 4015 Ronth³,
1093 3933 1247 4021 Migne⁴,
1272 3936 1359 4001 Har·

254 4089 266 4139 l
288 4088 329 4142 cf.
349 4088 433 4152 Zahn,
452 4091 648 4158 Forsclmnqcn
666 4086 711 4148 Vl,
732 4086 844 4141 78-94.

252 4174 268 4225 2
288 4174 329 4228 uf.
349 4176 482 4229 Harnaclr
499 4176 517 4233 l.
537 4194 557 4229 c.
577 4194 604 4244 p.
625 4174 689 4235 334;
709 4173 787 4226 Zahn
805 4175 821 4226 l.
842 4191 864 4226 c.
883 4193 910 4243 p.
930 4176 1041 4229 53-60.

252 4260 268 4312 3
287 4260 432 4328 Reliquiae
451 4278 554 4316 sacrae.
591 4261 641 4315 Ed.
660 4260 673 4313 I
690 4264 710 4314 t.
731 4261 750 4323 I,
769 4262 882 4316 41-65.
918 4261 968 4315 Ed.
987 4263 1014 4315 ΙΙ
1032 4266 1051 4316 t.
1073 4263 1091 4324 l,
1111 4262 1223 4318 47-68.
