2834 5018
1264 298 1277 395 l

418 630 1012 690 nunrunmcmuuurrsaouauu
1233 639 1304 706 XLI

115 807 227 892 priore,
264 830 352 893 quae
375 809 473 874 Pauli
495 813 636 894 tempore
659 810 757 875 fucrit
780 810 946 895 (lu—47).
993 811 1150 878 Corinthii
1172 814 1301 879 seditio-

117 935 184 976 nem
208 913 365 978 celeriter
387 914 536 980 auferant
558 919 590 980 et
613 915 653 980 ad
668 916 833 980 caritatem
849 917 987 995 redeant,
1012 939 1093 1001 quae
1108 919 1215 983 omnia
1229 941 1302 1003 pos·

119 1018 158 1082 sit
178 1016 357 1103 (48-50).
398 1019 597 1085 Dissidentes
619 1025 787 1104 peccatum
803 1043 894 1084 sumn
912 1022 1122 1086 confiteantur
1144 1021 1301 1105 (51—52)

120 1126 149 1186 et
170 1123 258 1187 sicut
281 1123 390 1188 Moses
426 1123 536 1188 etalii
564 1125 673 1208 potius
706 1125 854 1189 damnum
882 1125 1047 1208 patiantur
1076 1149 1170 1210 quam
1191 1149 1302 1211 pacem

124 1226 278 1291 ecclesiae
302 1228 492 1311 perturbent
515 1227 687 1310 (ὅθ-Βίης
720 1229 816 1293 ceteri
841 1251 900 1312 pro
923 1229 962 1292 iis
984 1234 1090 1308 orent,
1120 1234 1157 1294 ut
1179 1231 1302 1296 divinae

121 1331 283 1396 voluntati
306 1332 421 1396 cedant
445 1331 512 1414 (56)
543 1337 574 1396 et
596 1333 759 1397 seditionis
786 1338 930 1397 auctores
953 1335 1146 1418 presbyteris
1168 1355 1201 1398 se
1224 1337 1301 1401 sub·

122 1435 220 1500 iciant
244 1434 326 1517 (57).
358 1435 449 1513 Quod
472 1437 637 1502 consilium
660 1436 869 1519 aiaccipiant,
893 1436 961 1501 fore
976 1443 1012 1502 ut
1026 1438 1106 1503 salvi
1120 1439 1199 1503 fiant
1216 1438 1300 1521 (58);

123 1541 170 1603 sin
194 1544 304 1604 autem
326 1562 391 1606 non
413 1547 556 1624 pareant,
580 1543 667 1625 ipsos
691 1541 817 1625 quidem
839 1541 873 1605 in
888 1540 1054 1605 discrimen
1077 1565 1229 1627 magnum
1251 1544 1301 1608 in-

124 1665 281 1721 cursuros,
307 1645 512 1710 consiliantes
532 1667 607 1711 vero
631 1669 650 1710 a
671 1651 801 1729 peccato
823 1645 1006 1710 innocentes
1024 1645 1148 1712 futuros
1165 1670 1233 1712 esse
1249 1671 1300 1712 as-

125 1748 213 1813 sidue
229 1750 460 1833 supplicantes,
484 1754 521 1815 nt
535 1750 624 1815 Deus
638 1772 803 1816 numerum
819 1750 990 1815 electorum
1004 1758 1176 1830 conservet,
1192 1753 1301 1818 fideles

125 1852 234 1932 salvet,
259 1875 369 1919 omnes
393 1860 505 1939 gentes
529 1856 726 1920 adventatis
746 1854 958 1938 cognitionem
973 1855 1110 1920 adducat
1133 1855 1300 1940 (59-60),

125 1957 323 2042 principibus
345 1963 451 2023 terrae
473 1982 585 2042 pacem
608 1959 766 2044 largiatur
787 1980 824 2022 ac
847 1958 1046 2023 concordiam
1073 1958 1151 2041 (61).

210 2061 249 2127 ln
271 2051 401 2147 epilogo
427 2061 582 2145 (oa-65)
608 2060 764 2126 corinthii
786 2061 902 2126 iterum
918 2061 1134 2139 admonentur,
1157 2068 1193 2127 ut
1209 2064 1302 2130 dictis

127 2165 294 2231 oboediant
315 2167 512 2249 redeantque
536 2167 576 2231 ad
598 2188 710 2251 pacem
733 2171 764 2231 et
787 2165 942 2229 unitatem
965 2164 1134 2247 (62-64),
1158 2171 1190 2230 et
1213 2168 1301 2232 deni·

129 2291 187 2352 qne
208 2273 375 2356 rogantur,
398 2275 436 2334 ut
459 2271 544 2335 viros
567 2272 607 2334 ad
630 2293 662 2336 se
685 2271 799 2335 missos
820 2270 909 2335 brevi
932 2269 1103 2348 remittant,
1129 2275 1165 2335 ut
1188 2272 1302 2336 fratres

131 2371 260 2438 Romani
284 2375 321 2439 de
343 2396 424 2458 pace
447 2375 597 2440 restituta
619 2398 690 2440 cum
713 2375 791 2459 ipsis
814 2375 976 2460 gaudeant
1000 2373 1077 2458 (65).

685 2581 740 2646 IV.

210 2738 360 2823 Epistula
390 2761 409 2802 a
433 2738 595 2803 veteribus
624 2738 754 2802 maximi
783 2738 950 2802 aestimata
972 2743 1029 2803 est.
1076 2737 1299 2823 Scriptoribns,

133 2843 181 2926 qui
201 2845 268 2908 eius
290 2844 486 2909 mentionem
512 2843 655 2908 fecerunt
674 2842 725 2906 vel
739 2842 886 2906 notitiam
902 2841 1090 2919 habuerunt,
1114 2844 1178 2908 iam
1195 2843 1301 2908 allatis

132 2946 162 3011 hi
182 2948 314 3014 addendi
331 2951 415 3012 sunt.
463 2945 509 3012 Ut
522 2946 667 3013 Ussher¹
692 2946 815 3031 primus
829 2946 916 3023 vidit,
940 2946 1003 3011 iam
1017 2947 1213 3031 Polycarpus
1233 2949 1300 3032 epi·

133 3053 241 3117 sulam
271 3075 369 3116 manu
398 3052 536 3116 versavit
564 3073 623 3117 nec
654 3073 757 3135 pauca
791 3072 829 3114 ex
859 3071 897 3114 ea
927 3073 1028 3134 paene
1058 3053 1247 3117 verbotenus
1268 3053 1302 3116 in

133 3177 212 3221 suam
239 3158 279 3221 ad
303 3155 531 3240 Philippenses
555 3155 726 3240 epistulam
747 3153 921 3219 transtulit.
967 3155 1183 3220 Exscribimus
1205 3155 1301 3219 haec:

261 3307 414 3378 Polycarpi
433 3307 563 3378 epistula
862 3305 1015 3361 Clementis
1034 3305 1163 3376 epistula

168 3400 264 3466 Inscr.
314 3395 524 3480 Πολῦκαρπος
556 3448 564 3463 .
590 3449 597 3463 .
622 3444 629 3459 .
663 3406 701 3481 τῇ
769 3397 866 3462 Inscr.
899 3393 939 3458 Ἡ
961 3396 1113 3481 ἐκκλησία
1145 3405 1198 3459 τοῦ
1222 3398 1302 3462 θεοῦ

133 3499 278 3587 ἐκκλησίᾳ
321 3509 377 3565 τοῦ
423 3504 505 3568 θεοῦ
549 3511 587 3585 τη
623 3520 700 3583 παρ·
818 3508 856 3582 τῇ
885 3498 1038 3584 ἐκκλησίᾳ
1067 3508 1122 3564 τοῦ
1153 3503 1232 3567 θεοῦ
1264 3509 1302 3584 τη

132 3608 253 3691 ακοῦση
285 3605 481 3681 Φιλίππους·
515 3605 602 3680 ἔλεος
631 3605 701 3688 ὑμῖν
726 3605 921 3687 παρακούσῃ
949 3603 1107 3687 Κόρινθον
1132 3604 1301 3686 χάρις

131 3712 176 3773 καί
207 3710 312 3795 εἰρήνη
347 3713 434 3793 παρὰ
472 3713 551 3777 θεοῦ
586 3730 701 3772 παντο·
726 3709 797 3791 ὑμῖν
819 3710 872 3770 καί
906 3708 1009 3792 εἰρήνη
1032 3710 1095 3772 ἀπὸ
1124 3708 1301 3789 παντοκρά·

131 3816 274 3898 κροίτορος
302 3818 356 3879 καί
385 3814 494 3897 κυρίου
515 3813 617 3898 Ἰησοῦ
640 3811 700 3895 Χρ.
726 3831 815 3894 τορος
838 3815 917 3879 θεοῦ
940 3812 991 3875 διὰ
1012 3814 1115 3896 Ἰησοῦ
1139 3814 1196 3894 Χρ.
1223 3810 1302 3895 πλη-

132 3929 179 3982 τσῦ
209 3929 350 4003 σατηρος
372 3919 460 4003 ημῶν
488 3915 700 4002 πληθυνθείη.
726 3916 872 4000 θυνθείη.

170 4029 198 4104 l,
221 4029 262 4091 2:
292 4022 313 4106 ί]
343 4021 453 4108 βεβαία
483 4031 537 4105 τῆς
568 4020 701 4095 πίστεως
772 4024 800 4100 1,
825 4025 864 4086 2:
897 4020 1033 4096 τίς...
1058 4018 1185 4104 βεβαίαν
1216 4019 1302 4102 ὑμῶν

134 4125 210 4209 δρῦν
239 4126 327 4212 ῥίζα,
360 4125 393 4202 ἐξ
416 4124 555 4209 ἀρχαίων
584 4145 701 4207 καταγ-
726 4123 828 4187 πίστιν
851 4125 911 4187 οὐκ
934 4122 1136 4206 ἐδοκίμασεν;

133 4229 296 4316 γελλορὲνη
334 4230 476 4314 χρόνων,
520 4229 609 4314 μέχρι
647 4238 701 4292 νῦν
771 4232 827 4307 47,
853 4232 890 4294 6:
923 4229 979 4310 τὴν
1013 4226 1215 4312 βεβαιοτάτην
1248 4228 1302 4289 καί

136 4332 268 4418 διαμένει.
728 4331 861 4415 ἀρχαίαν
883 4329 1062 4412 Κορινθίων
1086 4329 1267 4415 ἐκκλησίαν.

141 4491 337 4504 *—

198 4576 259 4632 lIn
276 4575 512 4646 Polycarpianam
540 4573 622 4644 epist
643 4572 749 4644 Ignatii
768 4570 896 4642 syllogen
924 4569 1121 4625 annotationes
1141 4570 1209 4624 1644
1228 4586 1256 4638 p.
1278 4571 1299 4623 l.
