2834 5018
170 333 235 398 396
515 326 693 383 EPISTULA
711 325 761 380 AD
780 325 999 382 DIOGNE'I'UM

170 506 225 566 καί
249 504 373 579 οὐδενὸς
397 503 468 582 ἀξια
490 504 596 588 λόγου,
620 505 657 567 ού
680 503 795 586 νομίζω
819 523 855 566 σε
877 503 1002 586 χρῄζειν
1025 501 1099 585 παρ’
1122 503 1204 586 ἐμοῦ
1229 509 1366 589 μαθεῖν.

171 613 200 675 2.
225 610 261 673 τύ
283 630 317 673 τε
338 611 399 694 γὰρ
420 620 482 675 τῶν
498 609 558 672 ύπὸ
581 618 636 671 τοῦ
660 610 738 673 θεοῦ
753 605 950 672 κτισθέντων
974 607 1017 682 είς
1039 619 1152 692 χρῆσιν
1169 609 1366 693 ἀνθρώπων

170 715 191 776 ἃ
213 714 269 797 μὲν
292 713 335 789 ὡς
356 713 463 788 καλῶς
486 712 656 778 κτισθέντα
679 712 937 794 παραδέχεσθαι,
969 713 1039 775 ἅδ’
1063 713 1106 789 ὡς
1129 716 1286 800 ἀχρηστα
1308 718 1364 779 καί

168 821 301 901 περισσὰ
316 821 548 901 παραιτεῖσθαι,
564 826 630 892 πῶς
646 818 705 879 ούκ
720 815 909 899 ἀθέμιστονς
933 820 963 882 3.
987 818 1023 880 τὸ
1039 817 1074 881 δέ
1088 819 1362 901 καταψεύδεσθαι

141 925 248 989 ιθεοῦ
271 921 313 997 ὡς
335 921 512 995 κωλύοντος
544 920 576 984 ἐν
599 930 638 1004 τῇ
660 929 723 982 τῶν
746 919 913 1005 σαββάτων
942 921 1044 1006 ήμέρᾳ
1065 922 1165 986 καλύν
1190 944 1220 987 τι
1244 935 1360 1005 ποιεῖν,

167 1037 234 1103 πῶς
258 1028 316 1092 οὐκ
339 1025 465 1111 ἀσεβές;
489 1031 518 1091 4.
544 1027 579 1088 τὸ
602 1026 711 1089 δὲκαὶ
735 1027 791 1108 τήν
814 1024 941 1108 μείωσιν
964 1036 1019 1110 τῆς
1043 1028 1159 1108 σαρκδς
1184 1029 1359 1111 μαρτύριον

169 1132 302 1217 ἐκλογῆς
325 1130 575 1208 ἀλαζονεύεσθαι
599 1129 641 1205 ὡς
663 1131 715 1192 διὰ
737 1138 828 1192 τοῦτο
860 1129 1023 1212 ἐξαιρέτως
1045 1131 1275 1215 ήγαπημένους
1298 1135 1359 1197 ὑπὸ

168 1240 257 1316 θεοῦ,
281 1246 348 1312 πῶς
364 1237 400 1299 ού
423 1235 538 1318 χλεύης
553 1234 655 1314 ἀξιον;
680 1240 708 1302 5.
733 1237 768 1298 τὸ
784 1235 818 1297 δέ
835 1235 1080 1317 παρεδρεύοντος
1095 1237 1213 1311 αύτούς
1228 1239 1358 1320 ἄστροις

167 1343 221 1404 καί
238 1340 353 1425 σελήνη
376 1343 431 1424 τήν
446 1339 658 1424 παρατήρησιν
681 1351 743 1405 τῶν
760 1349 865 1425 μηνῶν
888 1342 943 1403 καί
958 1349 1020 1403 τῶν
1041 1339 1167 1424 ήμερῶν
1190 1346 1356 1409 ποιεῖσθαι

130 1465 155 1501 10
168 1446 223 1508 καί
255 1447 310 1521 τὰς
341 1445 518 1528 οἰκονομίας
550 1447 629 1511 θεοῦ
662 1446 716 1507 καί
748 1446 804 1519 τὰς
836 1453 898 1508 τῶν
928 1455 1045 1526 καιρῶν
1076 1443 1223 1528 ἀλλαγὰς
1261 1469 1355 1511 κατα·

168 1550 293 1632 διαιρεῖν
316 1551 391 1632 πρὸς
414 1552 469 1625 τὰς
492 1552 595 1613 αὐτῶν
620 1550 726 1632 ὁρμάς,
751 1551 788 1624 ἃς
811 1549 868 1632 μέν
892 1550 936 1624 εἰς
958 1549 1076 1631 έορτσίς,
1100 1550 1137 1624 ἀς
1161 1550 1197 1613 δὲ
1221 1552 1269 1628 εἰς
1285 1552 1356 1616 πέν-

168 1656 231 1738 θη·
262 1655 306 1728 τίς
329 1656 366 1716 ἂν
397 1653 579 1739 θεοσεβείας
602 1655 655 1716 καί
679 1654 738 1716 ούκ
768 1653 947 1737 ἀιρροσύνης
968 1652 1049 1715 πολὺ
1076 1652 1174 1716 πλέον
1198 1654 1355 1739 ήγήσαιτο

167 1759 294 1842 δεῖγμα;
326 1763 355 1825 6.
385 1768 440 1842 τής
463 1759 518 1842 μέν
551 1756 604 1822 σύν
627 1767 733 1841 κοινής
764 1757 956 1842 είκαιύτητσς
986 1760 1040 1820 καί
1065 1759 1189 1843 ἀπάτης
1220 1763 1279 1823 καί
1302 1772 1354 1845 της

166 1860 325 1927 Ἰουδαίων
355 1862 657 1947 πολυπραγμοσύνης
680 1863 734 1924 καί
768 1861 953 1940 ἀλαζονείας
976 1861 1018 1937 ὡς
1042 1863 1148 1944 ὀρθῶς
1179 1863 1354 1947 ἀπέχονται

129 1988 154 2024 ιι
167 1965 365 2049 Χριστιανοί,
398 1966 576 2049 ἀρκούντως
600 1987 636 2030 σε
658 1965 774 2049 νομίζω
805 1965 1041 2050 μεμαθηκέναι·
1076 1969 1111 2029 τὸ
1135 1967 1170 2030 δὲ
1194 1979 1253 2053 της
1278 1969 1353 2043 ἰδίας

167 2073 270 2135 αὐτῶν
295 2070 478 2155 θεοσεβείας
500 2070 665 2154 μυστήριον
694 2072 735 2153 μή
759 2069 978 2153 προσδοκήσῃς
1001 2069 1158 2136 δύνασθαι
1189 2077 1280 2156 παρά
1303 2076 1353 2139 ἀν·

168 2175 299 2258 θρύπου
322 2178 446 2258 μαθεῖν.

255 2282 295 2346 V.
321 2282 498 2362 Χριστιανοί
526 2281 586 2363 γὰρ
610 2281 681 2341 οὔτε
703 2288 745 2363 γῇ
768 2280 839 2341 οὔτε
871 2289 959 2362 φωνή
982 2281 1054 2342 οὔτε
1076 2279 1167 2344 έθεσι
1196 2281 1353 2364 διακεκμ-

168 2383 254 2468 μένσι
275 2392 337 2446 τῶν
361 2383 478 2446 λοιπῶν
502 2384 577 2447 εἰσιν
600 2382 789 2466 ἀνθρώπων.
836 2388 866 2449 2.
891 2386 963 2447 οὔτε
985 2385 1046 2467 γάρ
1061 2406 1122 2448 που
1145 2384 1259 2462 πόλεις
1278 2387 1353 2462 ἰδίας

129 2503 155 2542 20
168 2498 367 2553 κατοικοῦσιν
391 2491 462 2552 οὔτε
493 2488 647 2572 διαλέκτῳ
670 2490 727 2552 τινί
760 2488 1005 2573 παρηλλαγμένη
1027 2497 1164 2571 χρῶνται
1189 2492 1267 2555 οὔτε
1290 2491 1353 2577 βίον

240 2665 253 2717 1
273 2660 307 2719 σύ
324 2661 356 2716 st
368 2681 375 2714 τ
387 2654 496 2729 >'Ah
512 2662 516 2732 ]
531 2663 549 2716 4
567 2660 618 2719 σύκ
636 2660 792 2731 ἀθέμιστον
811 2677 856 2714 em
870 2660 1018 2716 Gebhardt
1031 2680 1037 2713 :
1050 2661 1085 2719 ού
1103 2661 1188 2731 θέμις
1207 2661 1270 2721 ἐστὶ
1282 2664 1334 2719 Ah

167 2749 398 2822 ύμαρτυρίωνίι
424 2750 428 2820 ]
455 2750 968 2822 10111κατασιωριῑνικατασ...εῑν
995 2750 1052 2801 Ah
1077 2749 1080 2819 ]
1109 2750 1141 2804 12
1161 2753 1300 2822 ήγήσαιτσ
1317 2752 1353 2805 h:

168 2840 296 2910 ἡγήσεται
321 2837 423 2907 ί-σηται
443 2836 485 2907 St)
510 2837 543 2894 τύ
562 2839 586 2891 Α
602 2837 607 2908 Ι
625 2839 657 2892 14
674 2833 713 2904 ὼς
733 2837 912 2904 Bunsen:>
931 2836 986 2890 Ah
1012 2836 1016 2905 Ι
1045 2837 1076 2890 15
1094 2855 1126 2893 σε
1147 2836 1186 2889 h:
1201 2857 1233 2895 τε
1252 2840 1280 2892 A
1299 2844 1354 2907 (sec

167 2943 196 2977 m
215 2924 332 2993 corr.)b

202 3064 226 3116 5.
245 3058 369 3136 ἄστροις]
387 3062 448 3117 Ηοο
466 3080 499 3117 eo
518 3063 648 3125 refertur,
668 3063 744 3130 quod
772 3063 864 3118 oribus
896 3062 1055 3132 conspectis
1088 3065 1224 3131 operatus
1258 3063 1352 3124 fuerit,

167 3150 273 3213 Iudaei,
293 3166 310 3203 a
328 3154 465 3204 nocturno
479 3154 606 3219 tempore
619 3148 693 3203 diem
705 3149 744 3202 la·
772 3167 834 3204 eum
854 3165 988 3219 peccasse
1008 3148 1136 3215 adeoque
1155 3150 1252 3204 teneri
1271 3151 1352 3204 sacri·

167 3237 240 3291 tiore
259 3254 341 3290 sensu
361 3239 401 3291 sie
420 3238 527 3291 dictum
545 3238 743 3309 (νυχθήμερον)
770 3237 834 3291 ficio
854 3237 993 3307 piaculari
1018 3234 1179 3289 offerendo:
1210 3238 1262 3304 qui
1287 3236 1352 3291 visis

168 3324 350 3385 inchoantes,
386 3325 500 3378 initium
532 3324 589 3378 diei
617 3324 745 3389 adeoque
771 3323 888 3385 duabus,
908 3340 971 3377 oum
991 3322 1150 3385 dubitetur,
1177 3326 1278 3378 utrum
1295 3325 1353 3379 dies

168 3410 255 3464 etiam
282 3411 394 3466 sabbati
414 3415 442 3467 et
469 3411 576 3465 dierum
604 3411 744 3464 festorum
771 3412 865 3464 sitan
882 3428 946 3472 nox,
965 3409 1057 3464 teneri
1068 3426 1132 3463 eum
1150 3410 1291 3465 victimae
1302 3427 1351 3481 pro

167 3495 198 3549 in
216 3502 279 3552 ortu
298 3499 443 3552 stellarum
456 3499 593 3559 statuunt,
613 3496 667 3551 hoc
686 3513 743 3550 mo·
771 3497 875 3551 delicto
892 3497 977 3551 dubio
991 3495 1198 3550 immolandae:
1219 3499 1273 3565 qui
1292 3515 1351 3552 con·

168 3583 212 3648 do,
231 3589 276 3647 ut,
303 3602 366 3638 cum
389 3589 447 3639 tres
472 3584 571 3638 stellae
594 3583 744 3637 mediocu's
771 3586 882 3654 spicata
908 3601 981 3646 uua,
1010 3585 1084 3637 hunc
1111 3584 1237 3638 liberum
1256 3601 1352 3640 casea

167 3672 370 3741 magnitudinis
389 3671 611 3740 comparuerint,
631 3675 744 3725 noctem
771 3671 907 3726 sacrificio
927 3670 1029 3740 (Boni).
1044 3701 1077 3710 —
1089 3673 1202 3744 σελήνη]
1222 3689 1262 3727 so.
1277 3673 1352 3728 nosi-

168 3774 228 3811 esse
242 3757 352 3811 dicant:
371 3774 434 3811 oum
448 3758 528 3819 duae,
547 3762 659 3827 tempus
675 3774 743 3819 esse,
770 3759 849 3813 lunia
883 3757 1042 3812 celebrandi
1074 3774 1169 3812 eausa
1202 3789 1237 3800 -
1267 3780 1353 3835 παρα·

167 3844 243 3911 quod
266 3849 369 3898 vocant
392 3847 463 3899 inter
487 3847 567 3900 soles:
598 3860 660 3897 cum
679 3860 743 3906 una,
771 3851 883 3919 τήρησιν
901 3845 971 3914 κτλ]
993 3845 1033 3899 ef.
1055 3844 1114 3899 Gal.
1135 3846 1160 3909 4,
1184 3847 1223 3901 10,
1254 3880 1290 3888 ..
1317 3846 1352 3905 ος.

168 3928 242 3984 diem
269 3932 384 4000 proprie
415 3932 455 3985 sic
483 3932 588 3987 dictum
621 3931 744 3985 nondum
770 3937 903 4002 κσνομίας
929 3935 999 3999 κτλ]
1032 3948 1069 3985 sc.
1098 3931 1298 3990 ordinationes
1324 3935 1353 3987 in

168 4018 268 4071 exiisse
279 4018 459 4072 contendant.
482 4019 660 4088 Quapropter
672 4017 744 4071 haec
771 4036 863 4072 rerum
876 4019 1063 4073 universitate
1084 4019 1175 4076 aDeo
1196 4022 1307 4077 factas:
1326 4024 1353 4076 et

166 4102 212 4155 lex
231 4105 307 4173 apud
327 4104 446 4159 Iudaeos
467 4105 604 4159 obtinuit:
631 4105 744 4171 quicun·
771 4105 824 4160 hoc
853 4107 966 4173 quidem
994 4109 1056 4161 loco
1084 4110 1294 4177 tempestatum
1315 4108 1352 4163 si·

167 4205 221 4255 que
241 4189 285 4243 die
304 4191 422 4246 Veneris
441 4197 574 4254 exeunte,
600 4191 675 4245 circa
692 4191 743 4245 ini-
772 4192 952 4247 eissitudines
971 4194 1058 4249 aDeo
1075 4195 1116 4248 sic
1128 4195 1291 4265 dispositae
1301 4198 1352 4252 huo

166 4275 238 4330 tium
256 4277 380 4339 sabbati,
410 4277 500 4332 stellis
524 4279 615 4331 tribus
639 4279 744 4333 medio·
756 4298 759 4317 ¹
770 4295 839 4334 voce
858 4278 1063 4349 significantur,
1077 4297 1149 4349 quas
1163 4285 1268 4338 statim
1286 4283 1353 4340 dicit
