2834 5018
596 304 736 361 IGNATII
753 303 931 359 EPISTULA

581 687 743 742 penalem
761 689 929 741 ΙΓΝΔΤΙΟΣ.

262 863 428 949 Ἰγνάτιος,
462 864 480 927 ὁ
508 863 562 926 καί
596 860 771 944 Θεοφορος,
806 870 844 945 τη
877 860 1033 946 ηλεημὲνη
1067 861 1100 926 ἐν
1133 862 1350 948 μεγαλειότητι

304 969 421 1051 πατρὸς
443 966 574 1050 ὑψίστου
596 967 650 1030 καί
673 964 778 1050 Ἰησοῦ
801 968 935 1049 Χριστοῦ
958 975 1013 1029 τοῦ
1036 966 1131 1050 μόνου
1161 967 1229 1031 υίοῦ
1253 968 1350 1031 αὐτοῦ

305 1071 458 1158 ἐκκλησίᾳ
488 1069 673 1156 ἠγαπημένη
702 1071 757 1134 καί
788 1071 1006 1155 πεφωτισμένη
1036 1070 1068 1136 ἐν
1104 1071 1259 1156 θελήματι
1295 1080 1350 1135 τοῦ

306 1177 500 1261 θελήσαντος
522 1177 561 1239 τὰ
583 1175 696 1256 πάντα,
719 1176 740 1237 ἀ
763 1175 856 1253 ἔστιν,
890 1174 973 1237 κατὰ
995 1176 1120 1261 ἀγάπην
1143 1174 1247 1260 Ἰησοῦ
1275 1178 1349 1260 Χρι-

305 1290 390 1361 στοῦ,
413 1291 468 1345 τοῦ
492 1283 570 1346 θεοῦ
593 1280 697 1364 ἡμῶν,
729 1280 795 1363 ἥτις
816 1281 869 1342 καί
892 1279 1093 1364 προκάθηται
1116 1279 1148 1343 ἐν
1171 1281 1258 1366 τόπῳ
1281 1300 1347 1365 χω-

304 1386 371 1469 ρίου
394 1384 568 1469 Ῥωμαίων,
592 1384 747 1465 ἀξιόθεος,
770 1382 967 1468 ἀξιοπρεπὴς,
990 1384 1259 1469 ἀξιομακάριστος,
1285 1383 1348 1463 ἀξι-

304 1489 444 1572 έπαινος,
477 1489 738 1570 ἀξιοεπίτευκτος,
770 1487 933 1573 ἀξιὸαγνος
961 1490 1015 1551 καί
1043 1488 1272 1574 προκαθημὲνη
1295 1499 1349 1572 τῆς

305 1594 447 1680 ἀγάπης,
477 1595 695 1679 χριστόνομος,
724 1591 942 1676 πατρώνυμος,
975 1593 1013 1676 ἢν
1035 1595 1088 1656 καί
1112 1594 1292 1677 ἀσπάζομαι
1316 1592 1348 1656 ἐν

304 1700 431 1784 ὀνόματι
460 1700 564 1785 Ἰησοῦ
594 1699 751 1783 Χριστοῦ,
785 1698 852 1762 υἱοῦ
885 1699 1013 1781 πατρὸς·
1047 1700 1130 1761 κατὰ
1163 1700 1267 1780 σάρκα
1295 1697 1349 1759 καί

304 1814 425 1889 πνεῦμα
440 1805 608 1890 ἡνωμένοις
630 1805 716 1889 πάση
733 1803 843 1888 ἐντολῇ
866 1806 971 1883 αὐτοῦ,
987 1802 1239 1889 πεπληρωμένοις
1262 1802 1349 1885 χάρι·

303 1931 354 1985 τος
378 1912 456 1976 θεοῦ
486 1909 671 1992 ἀδιακρίτως
693 1910 747 1972 καί
777 1907 1043 1991 ἀποδιῦλισμὲνοις
1067 1908 1128 1970 ἀπὸ
1157 1908 1272 1982 παντὸς
1294 1905 1347 1969 ἀλ-

304 2013 426 2097 λοτρίου
460 2012 624 2098 χρώματος
657 2012 789 2077 πλεῖστα
822 2012 855 2077 ἐν
891 2011 994 2097 Ἰησοῦ
1028 2010 1172 2096 Χριστῷ,
1208 2019 1252 2095 τῷ
1280 2014 1348 2094 θεῷ

303 2117 400 2202 ἡμῶν,
424 2115 561 2202 ἀμώμως
583 2117 711 2201 χαίρειν.

246 2239 426 2308 ΙιΡωμαίοις
444 2238 483 2302 ⁸1,
511 2237 626 2292 titulum
645 2238 681 2291 ad
708 2236 807 2291 titulos
825 2235 997 2305 reliquorum
1024 2237 1210 2307 epistularum
1239 2236 1347 2290 confor-

174 2324 249 2377 mavi
263 2323 389 2393 :Ignatii
407 2324 530 2393 epistola
548 2325 584 2378 ad
602 2324 742 2379 Romanos
760 2324 868 2392 L,>G
893 2326 896 2396 Ι
921 2326 937 2378 5
955 2325 1027 2382 κατὰ
1051 2325 1176 2379 casnm
1189 2343 1195 2376 :
1209 2329 1242 2389 θ
1255 2326 1348 2381 πίστιν

173 2414 219 2467 καί
238 2410 335 2481 guam
347 2411 454 2482 Lightt'.
471 2415 474 2480 Ι
490 2413 507 2466 6
525 2414 604 2488 τόπῳ
617 2432 623 2466 z
636 2413 714 2489 τύπῳ
727 2412 804 2466 Zahn
820 2413 824 2482 Ι
840 2413 883 2479 dl?
900 2416 1004 2486 χωρίου
1016 2431 1022 2464 :
1034 2415 1121 2485 χορυῖ
1133 2412 1155 2465 L
1176 2411 1180 2480 1
1205 2411 1222 2464 9
1237 2410 1347 2483 χριστό-

173 2518 260 2567 versor
277 2497 354 2552 LSm
365 2500 448 2570 Amg
465 2498 531 2568 (SA)
545 2517 551 2551 :
563 2499 755 2573 χριστὼνυμος
772 2500 797 2556 G

208 2603 292 2656 Inscr.
305 2599 323 2660 ἃ
333 2598 417 2673 ἔστιν]
428 2604 489 2659 Hae
497 2621 580 2659 voces
589 2605 685 2675 potius
695 2622 746 2674 per
757 2605 760 2663 Ι
774 2604 902 2658 absolute
914 2607 1073 2673 usurpatur,
1087 2605 1116 2657 et
1127 2602 1215 2655 verba
1225 2599 1256 2658 ἐν
1268 2603 1348 2676 τόπῳ

173 2703 202 2742 se
215 2689 366 2744 sumendae
383 2707 468 2758 quarn
484 2709 548 2746 cnm
562 2692 745 2761 sequentibus
771 2713 797 2763 χ.
812 2690 854 2747 ‘P.
873 2690 966 2745 locum
985 2690 1133 2760 designat,
1160 2690 1210 2743 ubi
1229 2688 1350 2744 ecclesia

174 2777 744 2853 construendaeemendentur-upote&
772 2777 936 2847 praesidens
956 2777 1076 2832 habitat.
1112 2776 1296 2832 Locutionem
1318 2773 1348 2833 ἐκ

172 2866 257 2932 θηται
268 2863 338 2933 κτλ]
359 2863 488 2933 Plerique
496 2865 672 2937 προκάθηται
683 2882 745 2919 cum
772 2866 851 2939 τόπῳ
875 2867 979 2938 χωρίου
1001 2863 1152 2932 Ῥωμαίων
1176 2863 1348 2932 singularem

170 2952 274 3023 χωρίου
296 2948 446 3021 Ῥωμαίων
472 2953 688 3006 construxerunt
717 2954 746 3005 et
773 2969 833 3006 csse
842 2953 918 3005 haud
931 2951 1044 3006 infitior.
1064 2951 1166 3020 Aptius
1179 2951 1242 3004 erat
1255 2949 1349 3003 dicere

172 3035 223 3090 alii
247 3036 340 3092 locum
364 3039 448 3094 aliter
472 3038 652 3108 interpretati
671 3041 743 3092 sunt
772 3037 921 3110 dv‘Prbpp.
959 3038 1061 3091 Sensus
1083 3054 1149 3091 vero
1175 3037 1223 3091 vix
1246 3036 1347 3091 dubius

172 3123 305 3179 Vedelius
322 3128 422 3194 putat,
451 3126 592 3196 ignatium
610 3125 745 3179 ecclesiae
773 3130 822 3180 est
837 3130 1005 3199 -προκαθ,
1019 3124 1136 3197 ἀγάπης]
1150 3125 1210 3177 Iam
1223 3123 1347 3178 Psarson

173 3209 316 3266 Romanae
327 3213 481 3281 primatum
490 3213 671 3267 ecclesiarum
681 3213 744 3267 sub·
771 3213 932 3283 (Annotat)
945 3212 1146 3281 interpretatus
1160 3216 1219 3267 est:
1233 3228 1306 3279 quae
1317 3212 1347 3265 in

171 3297 529 3353 urbicariammrindicarc.
548 3298 744 3366 Pearscn(An-
773 3300 891 3353 caritate
913 3298 959 3352 vel
981 3297 1011 3351 in
1036 3297 1166 3367 operibus
1190 3298 1347 3353 misericor·

170 3383 343 3452 notationes)
358 3386 456 3440 vertit:
476 3401 549 3452 quae
560 3386 704 3454 praesidet
715 3385 745 3438 in
773 3385 836 3440 diae
850 3390 879 3439 et
891 3383 1019 3439 caritatis
1031 3384 1208 3453 praeeminet
1220 3384 1268 3451 (cf.
1282 3384 1346 3440 Eus.

171 3470 235 3539 ipsa
268 3471 337 3525 urbe
373 3472 463 3527 Roma
499 3489 563 3526 cnm
596 3471 744 3536 suburbiis,
772 3473 805 3527 Η.
825 3471 855 3527 Ε.
875 3471 922 3535 IV,
942 3472 984 3535 23,
1005 3472 1064 3541 10),
1093 3475 1122 3524 et
1151 3471 1347 3527 Protestnntes

171 3557 283 3612 Bunsen
300 3557 387 3627 (adh.
400 3558 445 3628 i):
464 3575 538 3626 quae
556 3561 585 3612 in
604 3559 745 3629 dignitate
772 3560 831 3614 fere
850 3576 945 3615 omnes
965 3576 1028 3612 eum
1046 3558 1136 3613 secuti
1154 3564 1227 3621 sunt,
1245 3575 1347 3631 nuper·

172 3661 291 3699 sussen
310 3645 403 3700 officio
429 3646 585 3717 episcopali
607 3644 649 3717 (ἐν
666 3648 745 3722 τόπῳ
772 3646 841 3700 rime
860 3647 937 3701 Zahn
957 3649 985 3700 et
1003 3646 1160 3715 Lighti'oot.
1189 3645 1245 3701 Sed
1263 3662 1346 3714 quae-

173 3729 207 3784 cf.
222 3730 314 3800 Polyc.
329 3733 351 3795 1,
366 3732 393 3802 2)
411 3732 554 3803 praesidet
569 3733 680 3804 regioni
691 3732 744 3787 Ro-
771 3733 850 3797 nitur,
871 3751 939 3787 num
950 3738 1150 3806 προκαθῆσθαι
1168 3733 1210 3786 ita
1223 3731 1348 3788 construi

171 3834 325 3873 manorum.
362 3818 439 3872 Zahn
467 3819 629 3883 contendit,
658 3820 744 3873 eccle·
771 3821 869 3890 possit.
906 3820 1082 3888 Ubicumque
1108 3821 1182 3875 enim
1206 3837 1261 3874 vox
1279 3818 1347 3888 legi·

172 3905 241 3960 siam
260 3906 291 3959 R.
310 3904 473 3975 regionibns
499 3907 644 3970 omnibus,
672 3922 745 3973 quae
771 3911 835 3971 tur,
865 3907 902 3961 ad
920 3908 1012 3962 locum
1038 3906 1084 3961 vel
1111 3909 1279 3962 societatem
1298 3905 1346 3959 ali·

172 3991 223 4045 sub
241 3993 432 4049 Romanorum
446 3996 528 4050 erant
540 3995 656 4057 ditione,
677 4010 745 4060 qno·
772 4011 858 4063 quam
870 3994 996 4050 refertur.
1033 3994 1152 4048 Ioannes
1165 3993 1272 4048 Malnla
1285 4009 1308 4047 s.
1321 4009 1346 4061 g.

172 4080 321 4135 dammodo
349 4083 509 4152 praesidere
536 4083 599 4137 dici.
636 4081 745 4136 Revera
772 4081 827 4152 (ed.
847 4081 935 4137 Onon.
958 4081 1022 4137 1691
1042 4100 1069 4150 p.
1084 4080 1146 4152 278)
1165 4079 1347 4135 Antiochiam

172 4171 268 4220 autem
286 4168 403 4223 verbnm
415 4168 590 4244 προκάθηται
608 4183 665 4221 non
683 4184 745 4220 curn
771 4171 856 4222 vocat
881 4169 1098 4242 προκαθημένην
1124 4180 1173 4238 τῆς
1203 4166 1348 4235 ἀνατολῆς,

171 4252 285 4308 vocibus
304 4258 407 4327 χωρίου
421 4253 465 4313 ίΡ.
484 4254 669 4318 construitur,
695 4253 746 4307 sed
773 4253 987 4325 chrysostomus
1007 4256 1039 4309 In
1055 4253 1156 4309 Matth.
1170 4256 1244 4309 horn.
1258 4253 1318 4316 VH,
1332 4251 1347 4305 7
