2834 5018
186 316 249 380 500
620 302 775 359 Ησιιιιιιτ
792 300 936 358 PASTOR

185 487 279 552 πάλιν
303 484 412 564 σώζεις
450 487 480 550 3.
505 480 600 566 Ἐγώ,
624 478 719 564 φημί,
741 478 847 562 κύριε,
879 477 1027 553 ἀσύνετός
1050 477 1115 561 είμι
1140 479 1202 541 καί
1228 479 1268 541 ού
1293 477 1379 542 συνύι

187 595 242 668 τὰς
265 587 446 674 παραβολὰς
468 584 591 661 ταύτας.
637 593 704 659 πῶς
725 586 787 668 γάρ
802 582 929 648 δύναται
952 582 1106 669 ἐκτρίβειν
1122 585 1184 646 καί
1210 583 1312 647 πάλιν
1327 582 1378 646 σύ

187 699 261 777 ζειν,
285 697 321 759 ού
344 704 416 759 νοῦ.
463 697 492 758 4.
517 691 648 770 Ἀκουε,
672 689 785 775 φησίν·
817 688 845 753 οἱ
868 687 1024 773 μηδέποτε
1050 686 1294 772 ἐρευνήσαντες
1321 690 1379 771 περὶ

188 812 242 887 της
265 797 419 883 ἀληθείας
441 796 519 881 μηδὲ
541 793 782 878 ἐπιζητήσαντες
797 795 866 876 περὶ
889 803 943 878 της
961 791 1128 878 θεότητος,
1154 793 1380 868 πιστεύσανπς

163 908 223 972 ιδὲ
245 908 354 991 μόνον,
379 901 605 989 ἐμπεφυρμὲνοι
628 901 663 964 δὲ
684 898 909 984 πραγματείαις
937 901 991 961 καί
1014 897 1148 982 πλούτῳ
1183 900 1243 961 καί
1275 897 1379 981 φιλίας

188 1012 330 1085 ἐθνικαῖς
345 1010 399 1072 καί
423 1006 533 1082 ἀλλαις
548 1005 680 1081 πολλαῖς
702 1004 927 1090 πραγματείαις
941 1013 996 1068 τοῦ
1020 1004 1138 1080 αἰῶνος
1158 1005 1299 1068 τούτου·
1323 1006 1379 1067 ὅσα

189 1114 243 1180 ούν
266 1114 385 1188 τούτοις
407 1112 621 1194 πρόσκεινται,
650 1111 685 1174 ού
709 1118 814 1173 νοοῦσι
837 1111 892 1184 τὰς
915 1107 1100 1193 παραβολὰς
1124 1119 1188 1193 τῆς
1214 1109 1378 1194 θεότητος·

189 1219 424 1283 ἐπισκοτοῦνται
451 1217 512 1298 γὰρ
534 1215 594 1277 ύπό
625 1213 743 1277 τούτων
766 1223 828 1277 τῶν
850 1212 992 1296 πράξεων
1023 1214 1078 1275 καί
1103 1215 1379 1298 καταφθείροντες

188 1326 242 1387 καί
264 1324 400 1407 γίνονται
415 1318 655 1403 κεχερσωμένοι.
702 1323 731 1384 5.
754 1319 867 1393 καθὼς
883 1318 912 1380 οί
926 1316 1113 1401 ἀμπελῶνες
1129 1317 1163 1380 σί
1180 1318 1295 1397 καλοί,
1316 1322 1378 1382 όταν

152 1453 177 1489 1⁰
191 1426 337 1510 ἀμελείας
359 1425 487 1508 τύχωσι,
509 1433 693 1507 χερσοῦνται
717 1425 779 1486 ἀπδ
802 1434 863 1489 τῶν
887 1423 1037 1486 ἀκανθῶν
1060 1424 1118 1485 καί
1144 1422 1302 1508 βοτανῶν
1324 1446 1379 1486 ποι-

189 1531 305 1611 κίλων,
338 1534 436 1606 ούτυς
459 1530 487 1593 οί
518 1531 681 1611 ἀνθρωποι
705 1528 733 1592 οί
762 1528 982 1602 πιστεύσαντες
1011 1529 1065 1590 καί
1099 1528 1145 1603 εἰς
1183 1530 1309 1605 ταύτας
1334 1531 1379 1602 τίς

190 1635 314 1719 πράξεις
336 1637 392 1710 τάς
414 1633 533 1709 πολλάς
557 1633 759 1716 ἐμπίπτοντες
782 1635 837 1709 τάς
860 1631 1103 1717 προειρημένας,
1129 1633 1379 1698 ἀποπλανῦνυι

191 1742 253 1804 ἀπό
275 1750 329 1825 τῆς
352 1739 488 1814 διανοίας
511 1740 625 1816 αὐτῶν,
647 1740 701 1800 καί
725 1737 814 1802 ούδὲν
837 1736 918 1812 όλως
941 1745 1045 1799 νοοῦσι
1069 1738 1142 1819 περί
1170 1737 1378 1820 δικαιοσύνης,

192 1845 275 1908 ἀλλά
296 1846 350 1908 καί
373 1847 448 1907 όταν
471 1843 630 1906 ἀκούσωσι
654 1845 722 1925 περί
747 1841 898 1927 θεότητος
920 1842 976 1903 καί
999 1839 1174 1924 ἀληθείας,
1203 1843 1222 1906 δ
1248 1853 1321 1918 νοῦς
1336 1843 1378 1904 αθ

153 1979 177 2016 ιι
191 1959 252 2014 τῶν
275 1952 343 2032 περί
366 1952 422 2032 τὴν
444 1947 553 2030 πρᾶξιν
576 1949 679 2011 αὐτῶν
702 1946 911 2031 καταγίνεται,
935 1947 988 2008 καί
1012 1944 1106 2009 ούδὲν
1135 1945 1230 2023 όλως
1254 1957 1376 2012 νοοῦοτν.

192 2059 220 2121 6.
246 2055 274 2117 οί
296 2055 331 2118 δὲ
360 2052 456 2138 φόβον
480 2053 604 2134 ἔχοντες
634 2054 713 2118 θεοῦ
742 2052 797 2114 καί
826 2051 1009 2133 ἐρευνῶντες
1038 2051 1110 2132 περὶ
1141 2052 1309 2137 θεότητος
1335 2051 1377 2113 καί

192 2160 345 2244 ἀληθείας
367 2160 422 2221 καί
436 2160 492 2240 τὴν
513 2157 644 2239 καρδίαν
661 2158 785 2239 ἔχοντες
808 2158 884 2238 πρός
899 2157 952 2219 τόν
974 2155 1092 2237 κύριον,
1109 2155 1228 2220 πάντα
1244 2160 1286 2221 τὰ
1301 2155 1376 2239 λεγέ»

192 2285 270 2347 μενοι
292 2265 395 2338 αὐτοῖς
423 2262 530 2344 τάχιον
562 2271 667 2325 νοοῦσι
685 2263 742 2335 ,καί
766 2261 937 2338 συνίουσιν,
971 2260 1017 2321 ότι
1048 2259 1164 2341 ἔχουσι
1200 2263 1259 2325 τόν
1293 2260 1376 2344 φόβον

193 2379 247 2432 τοῦ
270 2369 376 2451 κυρίου
400 2368 432 2431 ἐν
456 2367 590 2442 ἑαυτοῖς·
621 2369 700 2430 ὅπου
723 2368 783 2451 γὰρ
806 2365 823 2427 ό
846 2365 950 2447 κύριος
971 2373 1131 2441 κατοικεῖ,
1159 2366 1235 2430 ἐκεῖ
1258 2368 1313 2429 καί
1334 2364 1376 2426 ού

153 2501 179 2537 ιο
193 2494 274 2547 νεσις
297 2471 408 2554 πολλή.
453 2470 630 2555 κολλήθητι
653 2469 707 2534 ούν
731 2478 774 2553 τῷ
802 2469 915 2552 κυρίῳ,
949 2469 1002 2529 καί
1024 2467 1133 2530 πάντα
1158 2470 1313 2555 συνίησεις
1332 2467 1375 2530 καί

192 2598 322 2660 νοησεις.

280 2680 317 2747 2.
341 2680 458 2743 Ἀκουε
481 2677 546 2756 ούν,
570 2676 671 2761 φησίν,
689 2676 811 2759 ἀνόητε,
835 2683 901 2750 πῶς
924 2674 944 2758 η
967 2673 1049 2758 λύπη
1067 2674 1213 2762 ἐκτρίβει
1237 2681 1275 2742 τό
1297 2686 1374 2741 me}

193 2810 236 2871 μα
259 2789 294 2850 τό
328 2789 415 2870 ἅγιον
449 2786 502 2847 καί
536 2782 629 2846 ποίλιν
663 2780 765 2860 σύζει.
812 2785 841 2847 2.
867 2783 941 2844 όταν
975 2781 992 2843 ό
1020 2781 1157 2866 δίψυχος
1197 2785 1372 2872 ἑπιβοίλητπ·

193 2892 301 2975 πρᾶξίν
325 2910 393 2955 τινα
415 2890 469 2952 καί
492 2889 605 2972 ταύτης
629 2888 771 2971 ἀποτύχη
794 2886 844 2949 διά
867 2887 922 2967 τὴν
945 2884 1093 2967 διψυχίαν
1118 2888 1235 2968 αὐτοῦ,
1259 2889 1280 2973 ἡ
1302 2889 1371 2968 λύπη

156 3026 180 3062 ιι
195 3002 273 3083 αύτη
296 2995 506 3077 εἰσπορεύεται
522 2994 564 3067 εἰς
586 2993 639 3056 τόν
655 2994 824 3074 ἀνθρωπον
847 2992 901 3053 καί
916 2989 1006 3052 λυπεῖ
1029 2993 1064 3053 τό
1081 3003 1215 3076 πνεῦμα
1239 2999 1276 3060 τό
1296 2998 1371 3080 όμον

192 3104 245 3165 καί
269 3098 399 3184 ἐκτρίβει
434 3097 519 3160 αύτό.
565 3100 595 3162 3.
619 3092 686 3158 είτα
708 3093 802 3157 πάλιν
824 3093 845 3177 η
868 3093 1016 3177 δξυχολία
1052 3096 1131 3160 όταν
1161 3099 1371 3184 κολληθητῷ

195 3205 354 3288 ἀνθρώπῳ
377 3204 445 3284 περί
468 3199 648 3284 πράγματός
664 3220 755 3278 τινος,
778 3201 831 3262 καί
855 3199 924 3263 λίαν
940 3202 1114 3282 πικρανθῇ,
1139 3203 1244 3267 πάλιν
1266 3204 1370 3288 ἡλύτη

194 3309 405 3392 εἰσπορεύεται
437 3306 479 3380 είς
501 3308 557 3388 τὴν
587 3302 717 3386 καρδίαν
740 3312 795 3366 τοῦ
827 3304 998 3387 ἀνθρώπου
1026 3314 1082 3367 τοῦ
1114 3306 1371 3394 όξυχολήσανςςς,

267 3497 426 3553 Ισννιῶύί
450 3500 454 3563 Ι
480 3497 524 3563 5Ι6
542 3498 643 3566 φιλίαις
661 3492 847 3562 ἐθνικιιῖςεΙιι
867 3494 913 3548 hie
939 3493 1066 3557 exhibet,
1092 3513 1170 3563 quae
1191 3499 1273 3554 infra
1289 3494 1371 3553 Μυσό

195 3583 241 3647 xl,
263 3585 329 3638 1-6
348 3583 492 3653 leguntur,
519 3581 638 3637 scilieet:
667 3584 696 3635 et
722 3583 793 3635 alius
818 3583 938 3636 mendax
962 3582 1105 3650 propheta
1132 3586 1373 3660 (ψευδοπροφήτης

194 3689 218 3725 v.
235 3672 259 3739 1)
278 3702 312 3709 -
332 3670 458 3736 loquitur
471 3669 623 3723 secundum
643 3668 815 3722 desiderium
827 3669 909 3738 (κατὰ
928 3669 977 3736 τὰς
989 3667 1144 3739 ἐπιθυμίας
1163 3691 1190 3726 ν.
1205 3674 1250 3742 6);
1270 3674 1371 3740 Hilgen-

195 3757 254 3811 feld
273 3756 399 3812 ordinem
418 3756 622 3809 sententiarum
640 3758 748 3809 rectum
773 3758 926 3811 secundum
943 3760 1055 3811 textum
1075 3775 1218 3827 graecum
1238 3758 1355 3816 restituit

194 3846 237 3909 617
258 3841 318 3901 ὅσοι
338 3876 371 3883 -
389 3846 565 3915 πρόσκεινται
585 3843 634 3899 GA
647 3862 653 3895 :
665 3847 700 3910 >
712 3843 744 3895 Ι)
757 3843 813 3912 (L')
830 3845 834 3912 Ι
850 3845 867 3897 9
885 3843 982 3911 καθὼς
999 3844 1059 3897 L¹A
1072 3863 1079 3896 ι
1092 3851 1143 3902 καί
1160 3845 1204 3916 ὼς
1223 3850 1249 3904 G
1271 3851 1275 3917 Ι
1298 3849 1328 3902 13
1343 3850 1371 3900 ἀι·

194 3932 338 4002 καιοσύνης
357 3929 604 4000 GL²(A):divitiis
628 3930 656 4000 (l.
677 3929 840 4000 divinitate)
859 3932 890 3983 Ι)
918 3934 921 4000 Ι
948 3933 980 3984 14
997 3931 1069 3988 ἀλλὰ
1094 3939 1146 3991 καὶ
1165 3936 1284 4007 GL¹(A)
1298 3933 1371 4002 :quiz

195 4017 229 4069 Ι)
244 4021 248 4084 Ι
265 4021 401 4089 θεότητος
422 4022 468 4075 καί
492 4017 623 4089 ἀληθείας
643 4020 665 4072 G
685 4037 691 4070 :
710 4018 823 4072 domino
842 4019 937 4088 L¹(A),
965 4019 1079 4072 iustitia
1096 4019 1134 4074 L*
1161 4023 1166 4091 Ι
1195 4024 1229 4079 16
1250 4025 1371 4090 θεότητος

196 4103 280 4158 GL²A
293 4124 299 4156 :
313 4106 365 4158 deo
380 4106 420 4167 L¹,
441 4111 510 4162 θεοῦ
529 4101 618 4176 ἔργον
631 4103 707 4167 Ath¹‚
726 4105 898 4174 δικαιοσύνης
916 4100 999 4177 ἔργον
1016 4106 1067 4173 (τε.
1088 4104 1284 4177 ἐπιτελοῦσιν)
1295 4106 1354 4161 Ath'

198 4191 230 4242 18
249 4192 342 4263 τάχιον
366 4215 388 4249 ν.
407 4215 431 4249 κ.
457 4196 596 4248 συνίουσιν
620 4191 769 4259 ΑύίιἸίιΑ)
790 4210 796 4245 :
816 4193 962 4264 παχύνουσι
988 4195 1034 4247 καί
1063 4203 1163 4252 νοοῦσι
1183 4196 1209 4250 G
1235 4199 1240 4264 Ι
1264 4199 1298 4251 25
1314 4190 1369 4257 πίας

197 4274 254 4329 GL¹
269 4295 275 4327 :
288 4281 322 4343 >
334 4278 393 4330 ΙίἈ
405 4278 463 4332 Ath
478 4279 482 4346 Ι
499 4273 578 4349 ύίγιον
590 4296 597 4330 :
610 4282 643 4344 -Ι-
655 4281 701 4334 καί
720 4277 800 4348 σώζει
818 4281 901 4336 πάλιν
920 4279 943 4334 G
960 4279 964 4349 Ι
980 4279 1013 4332 27
1031 4281 1096 4335 λίαν
1105 4283 1145 4348 >
1164 4283 1190 4337 G
