2834 5018
503 565 529 620 S.
547 565 687 622 IGNATII
705 565 918 623 EPISTULAE.

459 812 490 878 S.
515 812 684 878 IGNATII
706 812 957 879 EPISTULAE.

694 1015 718 1080 Ι.

194 1154 349 1240 lgnatius
372 1153 424 1218 vel
440 1153 657 1238 Theophorns‚
680 1160 717 1220 ut
741 1178 855 1242 graeco
876 1158 1001 1222 nomine
1019 1158 1201 1236 vocabatur,
1225 1180 1296 1223 sae-

118 1258 181 1322 culo
212 1259 320 1342 primo
354 1262 488 1323 exeunte
523 1263 555 1324 et
582 1260 719 1324 secundo
748 1261 877 1326 ineunte
907 1262 1056 1328 ecclesiae
1078 1261 1297 1328 Antiochenae

118 1365 253 1448 praefuit
263 1364 289 1447 1)
325 1370 359 1429 et
383 1365 520 1429 Traiano
552 1365 742 1449 imperatore
774 1367 998 1432 condemnatus
1021 1371 1084 1445 est,
1117 1372 1154 1432 ut
1176 1367 1296 1432 Romae

118 1469 222 1533 bestiis
246 1469 437 1534 obiceretur.
484 1467 638 1552 Origenes
670 1468 707 1534 ln
730 1469 803 1534 Luc.
827 1469 910 1535 bom.
936 1471 983 1536 Vl
1012 1469 1073 1555 (ed.
1097 1461 1214 1537 Beried.
1238 1471 1294 1549 Ill,

119 1572 201 1655 938),
225 1574 388 1640 Eusebius
411 1573 452 1638 H.
476 1574 514 1639 E.
538 1573 595 1653 III,
613 1575 664 1651 22,
688 1573 902 1658 Hieronymus
926 1574 994 1640 Cat.
1020 1597 1046 1641 c.
1065 1575 1105 1641 16
1128 1577 1210 1642 inter
1228 1578 1295 1661 epi·

120 1700 230 1763 acopos
255 1676 473 1743 Antiochenos
505 1677 610 1743 locum
638 1678 810 1742 secundum
831 1678 891 1756 vel,
915 1679 943 1743 si
965 1679 1079 1745 Petrus
1102 1686 1295 1758 numeratur,

119 1784 245 1848 tertium
268 1784 376 1848 locum
399 1784 428 1847 ei
451 1783 626 1868 assignant.
670 1783 886 1847 Theodoretus
908 1783 1027 1849 Diall
1049 1786 1095 1849 ed.
1112 1785 1224 1871 Migne
1237 1785 1294 1863 IV,

120 1888 156 1952 82
181 1889 310 1973 quidem
332 1892 451 1963 narrat,
484 1910 556 1952 eum
578 1888 616 1952 de
639 1887 728 1952 Petri
753 1888 854 1972 ipsius
878 1889 1006 1955 dextera
1028 1891 1165 1974 gratiam
1186 1891 1294 1976 ponti-

119 1992 228 2057 ficatus
252 1993 439 2075 suscepisse,
464 1996 495 2056 et
512 1991 756 2076 chrysostomus
780 1992 873 2057 Hom.
898 1993 931 2057 in
953 1993 1098 2079 signat.
1116 2000 1207 2060 mart.
1232 1995 1295 2059 ο.4

120 2094 176 2177 (ed.
195 2097 313 2162 Bened.
339 2096 379 2174 Η,
398 2093 473 2177 597)
499 2095 584 2173 dicit,
609 2117 681 2161 eum
703 2097 798 2162 Petro
822 2101 1018 2177 successisse,
1044 2122 1114 2165 cum
1137 2100 1189 2164 hic
1212 2103 1296 2164 esset

120 2203 290 2270 Antiochia
313 2205 515 2269 discessurus.
552 2202 801 2269 constitutiones
825 2205 1043 2289 apostolorum
1065 2203 1136 2281 VII,
1153 2205 1195 2269 46
1218 2225 1293 2268 con·

120 2311 258 2387 tendunt,
283 2309 446 2394 Ignatium
466 2333 485 2373 a
499 2309 610 2385 Paulo,
627 2310 784 2375 Evodium
800 2308 894 2391 (teste
910 2309 1049 2375 Eusebio
1065 2308 1107 2374 H.
1124 2308 1162 2374 E.
1178 2307 1235 2384 IIL
1252 2309 1293 2371 22

121 2415 255 2496 primurn
279 2411 552 2479 Antiochenorum
575 2414 772 2498 episcopum)
797 2436 816 2478 a
838 2414 934 2479 Petro
958 2414 1139 2479 ordinatum
1161 2434 1238 2491 esse,
1262 2417 1295 2477 et

121 2515 275 2583 Baronius
298 2518 382 2583 Ann.
407 2519 458 2595 45,
483 2519 539 2592 14;
574 2517 683 2594 71,11
708 2539 744 2581 ac
766 2517 893 2582 Natalis
916 2514 1121 2583 Alexander²
1152 2516 1293 2582 coniece-

120 2628 198 2701 runt,
223 2625 327 2708 primo
350 2628 481 2709 propter
492 2621 745 2687 Christianorum
768 2623 1001 2687 contentionem
1015 2627 1184 2706 utrumque
1201 2619 1295 2685 simul

122 2728 269 2793 ecclesiae
293 2727 511 2793 Antiochense
533 2727 719 2813 praefuisse,
744 2728 879 2793 alterum
901 2729 1047 2793 fidelibus
1071 2751 1087 2793 e
1111 2726 1292 2812 gentilibus,

121 2831 251 2897 altarum
274 2833 420 2898 fidelibus
443 2855 460 2897 e
484 2832 626 2910 Iudaeis3
649 2838 820 2918 postquam
843 2837 949 2898 autem
972 2831 1173 2896 dissensionis
1189 2832 1293 2915 paries

120 2936 261 3001 sublatus
284 2941 317 3000 et
338 2941 473 3021 utraque
495 2959 571 3022 pars
593 2960 691 3002 unum
713 2937 747 3000 in
770 2941 894 3001 coetum
917 2937 1056 3001 adunata
1078 2939 1170 3014 esset,
1194 2934 1292 3020 lgna·

119 3040 196 3105 tium
226 3042 351 3106 Evodio
382 3043 512 3108 cessisse
540 3046 572 3107 et
602 3047 678 3127 post
707 3042 773 3107 eius
800 3046 934 3106 mortem
955 3041 1084 3105 tandem
1105 3040 1219 3105 iterum
1242 3062 1292 3105 se-

119 3143 198 3208 disse
209 3143 233 3208 ³.
280 3144 343 3210 Sed
364 3147 572 3230 praeferenda
593 3150 676 3223 sunt,
702 3167 782 3230 quae
804 3146 963 3211 Eusebius
985 3144 1124 3209 tradidit.

201 3248 254 3315 Ad
285 3251 405 3316 bestias
434 3251 597 3337 Ignatium
628 3253 813 3316 damnatum
844 3272 912 3315 esse
942 3250 1006 3314 iam
1034 3248 1181 3313 Irenaeus
1211 3246 1291 3313 Adv.

118 3353 199 3419 haer.
226 3354 266 3432 V,
290 3355 342 3432 28,
366 3358 388 3419 4
409 3360 527 3422 narrat.
574 3357 695 3422 Romae
725 3361 832 3421 autem
854 3377 928 3420 eum
949 3353 1136 3438 martyrium
1158 3352 1292 3417 subiisse

117 3479 176 3523 non
199 3459 304 3523 solum
328 3481 367 3525 ex
389 3461 457 3524 eius
480 3460 619 3545 epistula
642 3461 681 3525 ad
704 3460 867 3525 Romanos
891 3458 944 3541 (cf.
970 3457 1053 3542 Eph.
1080 3461 1107 3536 1,
1129 3459 1165 3534 2;
1190 3457 1241 3535 21,
1258 3455 1290 3538 2)

117 3562 225 3638 elucet,
257 3564 312 3628 sed
340 3564 436 3629 etiam
468 3563 622 3648 Origenes
652 3563 690 3629 In
712 3562 785 3628 Luc.
816 3562 901 3627 hom.
926 3562 972 3627 Vl
1003 3562 1063 3645 (ed.
1087 3562 1203 3627 Bened.
1234 3562 1291 3641 HI,

118 3666 207 3750 938),
240 3668 399 3733 Eusebius
423 3668 464 3732 H.
487 3668 526 3733 E.
551 3668 607 3745 ΠΙ,
631 3669 682 3745 36,
707 3669 727 3733 3
758 3672 789 3732 et
820 3688 928 3731 omnes
955 3667 1145 3750 posteriores
1168 3667 1290 3743 dicunt3

117 3770 309 3856 Polycarpus
332 3773 446 3838 saltem
467 3775 574 3858 prodit
596 3795 712 3859 rogans
736 3774 960 3858 Philippenses
984 3772 1049 3855 (13,
1074 3771 1124 3855 2),
1158 3795 1291 3858 quorum

184 3999 197 4051 l
216 3994 356 4050 Eusebius
375 3997 404 4050 in
423 3996 560 4052 chronico
588 3995 643 4066 (ed.
662 3996 772 4050 Schbne
790 3995 823 4059 11,
846 3996 903 4050 158.
925 3997 985 4066 162)
1014 4013 1078 4052 eum
1103 3997 1177 4051 inter
1204 4012 1290 4051 annos

118 4080 243 4136 Abrahae
255 4084 325 4138 2085
344 4086 374 4136 et
385 4085 453 4139 2128
472 4087 501 4138 et
516 4083 686 4153 Vespasiani
704 4100 809 4138 annum
821 4084 860 4139 IX
879 4087 908 4138 et
923 4085 1037 4139 Traiani
1055 4101 1118 4139 ann.
1132 4085 1170 4139 IX
1187 4084 1290 4153 posuit.

181 4169 198 4222 2
216 4170 345 4225 Historia
363 4170 557 4226 ecclesiastica
576 4171 651 4226 1686.
672 4170 748 4226 Saec.
770 4172 782 4225 1
802 4171 866 4226 diss.
888 4171 920 4226 13
939 4170 1028 4226 concl.
1049 4172 1071 4225 1.

182 4259 199 4312 3
216 4256 311 4311 Aliam
324 4257 514 4313 coniecturam
532 4258 682 4328 proposuit
695 4257 836 4313 Martialis
850 4259 1014 4322 Mastraeus,
1034 4258 1140 4328 ignatii
1152 4257 1290 4328 epistolae

117 4342 192 4407 1608:
219 4343 313 4400 Notae
333 4362 360 4414 p.
380 4344 403 4398 9.
422 4344 510 4400 Putat
528 4345 615 4409 enim,
635 4344 774 4400 Evodium
795 4346 879 4400 Petro
897 4344 1009 4400 vivente
1029 4345 1146 4410 obiisse,
1166 4349 1290 4413 tuncque

115 4427 255 4571 flgitium
274 4432 311 4486 ab
325 4432 455 4502 apostolo
469 4436 554 4488 antea
566 4434 736 4498 ordinatum,
751 4434 800 4500 qui
813 4432 922 4489 Evodio
936 4434 1105 4497 succederet,
1125 4433 1290 4488 arcessitum

169 4534 206 4572 se.
