2834 5018
155 330 197 393 94
647 319 844 376 Βρομίοιο

156 499 341 584 εἰρηνεύσεις
365 500 398 563 δὲ
421 496 617 582 μαχομένους
633 495 828 581 συναγαγών.
866 495 1081 581 ἐξομολογήση
1105 496 1154 562 ἐπί
1172 498 1333 582 ἁμαρτίαις

156 628 221 669 σου.
268 606 304 669 ού
336 602 498 687 προσὴξεις
528 602 577 665 ἐπὶ
610 603 786 684 προσευχὴν
816 601 848 664 ἐν
880 601 1052 685 συνειδήσει
1079 613 1208 687 πονηρᾷ.
1255 606 1332 687 αύτη

156 711 238 774 ἐστίν
260 709 281 794 ἡ
304 709 374 784 όδδς
398 718 452 772 τοῦ
476 707 588 791 φωτός.

242 817 313 882 XX.
339 812 377 878 Ἥ
393 814 427 877 δὲ
450 821 505 876 τοῦ
521 811 654 895 μέλανος
677 811 748 887 ὁδός
764 810 847 875 ἐστιν
871 812 985 875 σκολιά
1001 815 1054 876 καί
1070 814 1209 896 κατάρας
1225 813 1331 897 μεστή.

129 921 225 996 υόδδς
247 920 308 1004 γάρ
343 918 426 982 ἐστιν
450 917 592 982 θανάτου
626 917 752 981 αἰωνίου
774 919 853 1001 μετὰ
887 916 1050 1000 τιμωρίας,
1084 917 1116 981 ἐν
1139 916 1159 1002 ᾖ
1185 918 1268 982 ἐστίν
1295 920 1333 981 τά

155 1025 335 1089 ἀπολλύντα
358 1026 413 1106 τὴν
437 1021 540 1104 ψυχὴν
564 1023 682 1087 αύτῶν·
714 1021 961 1104 είδωλολατρεία,
987 1023 1157 1109 θρασύτης,
1181 1023 1260 1106 ύψος
1282 1024 1331 1086 δυ-

155 1131 287 1214 νάμεως,
310 1128 480 1210 ὑπόκρισις,
504 1125 720 1208 διπλοκαρδία,
744 1126 886 1210 μοιχεία,
917 1127 1029 1209 φόνος,
1053 1127 1198 1212 ἁρπαγή,
1221 1128 1331 1211 ὑπερη-

155 1232 267 1316 φανία,
295 1231 486 1317 παράβασις,
510 1230 617 1310 δόλος,
645 1231 752 1311 κακία,
776 1232 949 1312 αὐθάδεια,
984 1233 1181 1315 φαρμακεία,
1208 1232 1331 1317 μαγεία,

154 1337 326 1418 πλεονεξία,
351 1336 467 1423 ἀφοβία
491 1337 585 1400 θεοῦ·
615 1339 645 1401 2.
668 1336 797 1399 διῶκται
820 1346 882 1400 τῶν
905 1337 1049 1421 ἀγαθῶν,
1073 1346 1234 1419 μισοῦντες
1257 1335 1331 1418 ἀλή-

116 1462 141 1498 1⁰
157 1446 257 1519 θειαν,
282 1444 464 1525 ἀγαπῶντες
487 1440 610 1523 ψεῦδος,
634 1443 670 1505 ού
692 1440 898 1525 γινώσκοντες
921 1444 1036 1524 μισθόν
1058 1441 1273 1526 δικαιοσύνης,
1296 1443 1331 1503 ού

156 1547 366 1628 κολλώμενοι
389 1545 522 1631 ἀγαθῷ,
549 1547 584 1609 ού
607 1546 705 1627 κρίσει
721 1546 837 1630 δικαίᾳ,
860 1545 943 1631 χήρᾳ
965 1548 1019 1609 καί
1036 1548 1162 1630 δρρανῷ
1186 1547 1222 1610 ού
1237 1567 1331 1628 προσ-

156 1652 289 1736 έχοντες,
314 1653 541 1736 ἀγρυπνοῦντες
565 1651 622 1714 οὐκ
646 1651 688 1726 είς
712 1650 808 1736 φόβον
832 1654 928 1729 θεοῦ,
961 1649 1033 1713 ἀλλ’
1057 1650 1106 1713 ἐπί
1129 1652 1165 1713 τδ
1187 1650 1330 1735 πονηρόν,

155 1755 198 1821 ών
222 1760 344 1841 μακρὰν
367 1758 420 1820 καί
444 1756 549 1839 πόρρω
566 1757 703 1839 πραύτης
726 1757 779 1818 καί
795 1755 946 1838 ὑπομονή,
972 1756 1172 1839 ἀγαπῶντες
1194 1756 1331 1837 μάταια,

155 1861 335 1943 διώκοντες
358 1862 592 1944 ἀνταπόδομα,
616 1862 674 1924 οὐκ
697 1860 855 1936 ἐλεοῦντες
877 1860 1014 1944 πτωχόν,
1038 1862 1074 1924 ού
1097 1870 1263 1936 πονοῦντες
1282 1860 1331 1923 ἐπί

117 1982 141 2020 1⁶
155 1966 430 2050 καταπονουμένῳ,
454 1968 589 2049 εύχερεῖς
613 1965 645 2029 ἐν
668 1965 856 2050 καταλαλιᾷ,
881 1967 917 2029 ού
939 1964 1145 2049 γινώσκοντες
1168 1967 1221 2028 τδν
1244 1963 1330 2047 ποιή-

154 2092 253 2134 σαντα
275 2071 396 2150 αύτούς,
414 2078 531 2155 φονεῖς
554 2071 695 2151 τέκνων,
719 2073 848 2152 φθορεῖς
864 2069 1047 2152 πλάσματος
1064 2073 1153 2149 θεοῦ,
1178 2070 1330 2150 ἀποστρε-

155 2176 281 2258 φόμενοι
305 2178 358 2239 τδν
381 2174 570 2259 ἐνδεόμενον,
594 2185 842 2250 καταπονοῦντες
866 2176 918 2238 τδν
944 2173 1149 2260 θλιβόμενον,
1173 2173 1330 2237 πλουσίων

153 2279 358 2364 παράκλητοι,
381 2279 522 2362 πενήτων
545 2282 654 2363 ἄνομοι
677 2279 788 2362 κριταί,
811 2281 1081 2364 πανθαμάρτητοι.

241 2385 327 2450 XXI.
351 2383 460 2447 Καλδν
484 2382 538 2447 ούν
560 2383 660 2463 ἐστίν,
684 2383 829 2467 μαθόντα
852 2386 891 2447 τά
916 2383 1112 2466 δικαιώματα
1135 2392 1189 2445 τοῦ
1213 2382 1330 2465 κυρίου,

114 2508 141 2545 το
155 2489 215 2550 ὅσα
236 2487 417 2572 γέγραπται,
443 2488 475 2551 ἐν
498 2488 618 2564 τούτοις
640 2498 828 2571 περιπατεῖν.
874 2489 891 2552 δ
914 2492 975 2573 γάρ
998 2500 1096 2553 ταῦτα
1118 2499 1217 2553 ποιῶν
1241 2488 1273 2551 ἐν
1294 2497 1331 2570 τῇ

155 2592 298 2678 βασιλείᾳ
321 2602 376 2656 τοῦ
400 2597 478 2660 θεοῦ
501 2593 751 2677 δοξασθήσεται·
776 2594 792 2656 ό
817 2593 921 2657 ἐκεῖνα
938 2594 1144 2678 ἐκλεγόμενος
1167 2594 1246 2676 μετά
1269 2602 1330 2657 τῶν

154 2699 252 2782 ἔργων
276 2698 372 2760 αὐτοῦ
395 2697 624 2762 συναπολεῐται.
670 2699 721 2761 διά
744 2708 834 2762 τοῦτο
851 2698 1031 2777 ἀντίστασις,
1054 2699 1105 2761 διά
1120 2707 1212 2760 τοῦτο
1235 2697 1329 2760 ἀντα-

152 2802 285 2886 πόδομα.
332 2805 361 2868 2.
387 2801 493 2884 ἐρωτῶ
516 2805 586 2878 τοὺς
602 2802 819 2886 ὑπερέχοντας,
844 2805 871 2866 εἰ
892 2803 961 2866 τινά
981 2823 1040 2886 μου
1062 2800 1188 2886 γνώμης
1204 2802 1330 2885 ἀγαθῆς

153 2906 328 2993 λαμβάνετε
351 2906 560 2992 συμβουλίαν·
596 2908 684 2990 ἔχετε
706 2906 782 2990 μεθ’
805 2907 925 2973 ἑαυτῶν
950 2908 992 2982 είς
1015 2909 1067 2982 οὓς
1094 2905 1273 2991 ἐργάσεσθε
1295 2907 1330 2968 τό

114 3037 139 3074 οι
153 3011 265 3076 καλόν·
290 3015 331 3096 μὴ
348 3011 519 3097 ἐλλείπητε.
567 3016 596 3079 3.
621 3012 712 3096 ἐγγύς
734 3010 878 3095 ἡὴμὲρα,
903 3011 935 3075 ἐν
951 3010 972 3096 ᾖ
988 3011 1207 3074 συναπολεῐται
1229 3011 1330 3074 πάντα

154 3123 197 3198 τῷ
220 3125 364 3202 πονηρῷ·
397 3118 493 3201 ἐγγύς
524 3119 679 3203 όκύριος
709 3119 807 3182 καὶὸ
837 3117 963 3198 μισθός
995 3120 1109 3181 αὐτοῦ.
1155 3121 1185 3183 4.
1210 3117 1254 3179 ἔτι
1277 3116 1329 3178 καί

226 3291 238 3343 l
259 3290 332 3359 δὲ>
350 3292 367 3345 S
384 3293 388 3360 Ι
404 3293 532 3364 συνάγων
549 3291 574 3344 V
599 3291 603 3360 Ι
629 3289 674 3348 ἐπί
686 3310 692 3343 t
705 3312 736 3348 εν
754 3290 771 3344 S
788 3291 791 3361 Ι
808 3289 929 3369 ἁμαρτίᾳ
946 3290 972 3343 Η
994 3292 998 3361 Ι
1020 3291 1036 3344 2
1055 3288 1089 3346 οὐ
1105 3320 1140 3328 -·
1158 3292 1329 3361 πρρσειιχὴνι

154 3376 205 3434 οὐκ
222 3378 295 3448 ἥξεις
313 3376 343 3434 ἐν
361 3383 500 3451 προσευχῇ
518 3399 569 3436 σου
587 3379 614 3431 V
629 3378 633 3448 Ι
649 3381 666 3432 2
680 3396 720 3446 sq.
738 3376 806 3449 αὕτη
825 3410 857 3418 -
878 3379 973 3450 φωτὸς
991 3377 1065 3432 VS**
1078 3397 1084 3429 ι
1096 3380 1132 3445 >
1150 3374 1196 3431 SH
1212 3375 1216 3445 Ι
1232 3377 1250 3429 4
1268 3394 1329 3431 σιω

153 3466 197 3522 λιά
216 3463 274 3523 ἐστι
294 3465 320 3518 Η
335 3467 339 3535 Ι
355 3471 471 3523 οκολιασ
490 3466 507 3520 S
530 3467 533 3536 Ι
556 3468 572 3520 5
591 3462 647 3523 ἔστι
667 3467 721 3542 γὰρ
740 3466 804 3533 ὁδὸς
823 3467 847 3520 V
864 3467 868 3536 Ι
884 3488 981 3523 αιωνια
998 3465 1015 3519 S
1032 3464 1036 3535 Ι
1059 3465 1075 3518 8
1093 3469 1266 3537 παραβασεισ
1285 3461 1302 3514 S
1323 3461 1326 3527 Ι

153 3554 170 3607 8
189 3571 229 3620 sq.
249 3556 350 3624 μαγεία
368 3554 466 3625 Ιμαγία
484 3554 526 3617 V,
555 3554 685 3609 similiter
703 3555 826 3624 saepius)
851 3557 1039 3622 πλεονεξία>
1059 3553 1076 3607 S
1101 3556 1105 3624 Ι
1131 3553 1164 3605 10
1183 3555 1285 3624 ψεῦδος
1303 3547 1329 3600 Η

153 3639 248 3694 Βοοίτ.
261 3659 267 3693 :
281 3645 368 3712 ψεύδη
388 3640 412 3701 S¹
426 3640 498 3708 >V
524 3641 528 3710 Ι
554 3645 584 3696 ll
603 3646 693 3709 καί)
711 3641 737 3695 Η
754 3644 757 3710 Ι
774 3641 850 3709 οὐ)
868 3640 892 3693 V
909 3643 913 3711 Ι
931 3643 963 3697 13
981 3660 1153 3710 ματαιοτητα
1173 3637 1211 3706 Sl
1229 3638 1261 3692 15
1279 3634 1326 3692 ἒντ

153 3725 197 3782 ἐπὶ
216 3727 242 3780 Η
258 3728 262 3797 Ι
280 3728 310 3782 17
329 3736 553 3793 καταπονοῦντες
565 3746 571 3780 :
583 3749 628 3783 και
646 3749 671 3784 κ.
691 3728 708 3782 S
725 3729 728 3797 Ι
748 3728 779 3781 18
797 3748 1024 3801 πανταμαρτητοι
1045 3726 1088 3780 SV
1104 3726 1108 3795 Ι
1126 3726 1158 3779 19
1179 3718 1272 3790 obv>
1290 3722 1307 3775 S
1322 3722 1326 3791 Ι

152 3814 335 3882 μανθάνοντα
353 3815 379 3868 Η
395 3815 399 3886 Ι
416 3817 509 3881 τοῦ>
527 3813 552 3865 V
577 3815 580 3885 Ι
606 3814 639 3868 20
658 3815 867 3888 προγέγραπται
888 3816 913 3869 V
936 3815 940 3885 Ι
962 3816 996 3868 22
1014 3830 1055 3880 sq.
1074 3812 1260 3879 ἀνταπόδοοις
1278 3809 1302 3862 V
1322 3812 1325 3871 Ι

153 3904 251 3968 μου>
269 3901 295 3954 Η
311 3906 315 3971 Ι
331 3904 366 3956 24
383 3901 450 3971 μεθ’
463 3899 571 3959 ἑαυτῶν
589 3905 654 3971 post
672 3901 765 3975 ἐργάο.
780 3903 805 3956 V
821 3902 825 3973 Ι
842 3900 998 3976 ἐργάσεσθε
1010 3900 1036 3953 Η
1050 3920 1056 3952 :
1070 3906 1170 3970 -σησθε
1182 3899 1207 3963 S,
1228 3901 1328 3954 -οασθε

154 3987 179 4039 V
195 3990 199 4056 Ι
215 3988 249 4043 24
267 4006 307 4056 sq·
327 3991 360 4047 τό
378 3991 508 4058 καλὸν>
526 3990 551 4042 V
573 3991 577 4058 Ι
602 3992 636 4044 25
655 3987 795 4060 ἐλλείπητε
814 4008 858 4043 em
877 3990 912 4042 cf.
932 4008 956 4043 v.
977 3986 1152 4058 8ιέλλίπητε
1171 3986 1204 4050 Η,
1223 3991 1328 4054 ενλιπη-

155 4093 198 4129 ται
218 4077 235 4128 S
254 4078 333 4145 (item
352 4094 376 4129 v.
396 4077 432 4146 8),
452 4075 665 4150 ἐγκαταλείπητε
683 4075 708 4127 V
733 4077 736 4143 Ι
761 4074 843 4147 ἐγγύς
856 4085 887 4140 -Ι
901 4075 954 4148 γὰρ
973 4072 998 4124 V
1024 4075 1028 4143 Ι
1052 4074 1144 4131 πάντα
1157 4091 1163 4124 :
1177 4072 1212 4129 τὰ
1229 4093 1257 4128 τι.
1276 4068 1302 4121 Η
1323 4069 1326 4133 ί

154 4159 187 4213 26
206 4164 310 4230 μισθὸς
322 4163 385 4233 -Ι-δ
403 4164 429 4216 H

189 4283 247 4347 xx,
268 4287 290 4338 1.
327 4283 369 4338 cf.
389 4283 421 4347 υ,
441 4286 465 4348 5,
486 4290 507 4340 1.
536 4317 570 4324 -
595 4284 725 4355 μείονος]
738 4285 741 4354 Ι
754 4283 797 4339 cf.
815 4285 839 4347 4,
860 4283 900 4337 10.
