2834 5018
426 629 603 684 EPISTULA
622 630 672 685 AD
691 629 921 687 DIOGNETUM.
1170 638 1272 704 CXXI

181 804 285 871 Codex
309 828 337 869 a.
357 807 440 871 1870
463 807 599 871 flammis
623 809 809 892 absumptus
829 814 886 889 est,
911 816 943 875 et
966 812 1176 896 apographon
1192 835 1270 896 quo·

101 932 164 995 que,
188 911 273 994 quod
295 911 385 975 brevi
408 917 481 994 post
496 911 593 976 Henr.
612 912 809 996 Stephanum
832 915 856 978 I.
875 916 898 980 l.
916 916 1035 981 Beurer
1050 917 1272 1001 Friburgeusis

100 1018 311 1100 desumpserat
341 1020 374 1080 et
405 1016 493 1080 cuius
526 1017 675 1081 lectiones
707 1017 887 1102 Stephanus
923 1021 956 1084 in
989 1022 1162 1104 appendice
1196 1044 1272 1087 suae

99 1121 239 1186 editionis
271 1122 492 1197 adnotaverat,
524 1120 721 1203 deperditum
750 1144 817 1186 esse
845 1124 984 1199 videtur,
1016 1146 1087 1188 oum
1109 1125 1272 1210 hucusque

97 1248 156 1290 non
179 1226 277 1290 fuerit
300 1229 469 1309 repertum.
518 1222 739 1309 apographon
763 1226 894 1291 Henriai
917 1227 1071 1311 Stephani
1098 1229 1130 1292 in
1154 1230 1271 1295 biblio·

97 1330 185 1395 theca
217 1329 398 1394 academica
425 1328 571 1412 Lugduni
601 1329 796 1394 Batavorum
827 1335 929 1395 exstat
958 1337 990 1397 et
1020 1332 1060 1396 ab
1091 1332 1210 1398 Oscaro
1234 1335 1272 1399 de

98 1433 256 1499 Gebhardt
285 1433 437 1498 collatum
467 1438 523 1497 est.
571 1434 713 1498 Tertium
743 1436 952 1519 apographon
982 1442 1122 1501 asservat
1154 1438 1270 1503 biblio·

96 1539 185 1603 theca
211 1538 435 1604 Universitatis
465 1537 695 1623 Tubingensis,
727 1544 758 1603 et
781 1540 815 1604 O.
839 1541 863 1604 I.
888 1541 1057 1606 Neumann
1085 1544 1206 1626 primus
1234 1545 1271 1608 de

97 1666 131 1708 eo
153 1644 301 1707 notitiam
325 1644 443 1708 dedit¹.
491 1642 677 1707 Confectum
699 1648 748 1708 est
770 1667 789 1708 a
811 1644 995 1710 Bernhardo
1014 1647 1102 1711 Haus
1124 1647 1157 1710 iu
1179 1669 1272 1711 usum

95 1748 223 1812 Martini
247 1747 359 1823 Orusii,
384 1751 417 1810 et
439 1748 566 1831 quidem
588 1748 674 1811 haud
699 1750 792 1813 dubie
816 1771 898 1814 anno
918 1751 1011 1827 1580,
1035 1773 1097 1835 quo
1121 1774 1166 1829 ea,
1192 1773 1271 1835 quae

95 1853 126 1916 iu
148 1853 230 1917 libro
253 1852 469 1935 manuscripto
491 1852 692 1935 praecedunt,
717 1875 749 1916 se
772 1853 938 1937 scripsisse
952 1854 1101 1919 librarius
1124 1859 1270 1919 testatur.

95 1956 213 2041 Itaque,
239 1978 311 2021 cum
335 1954 515 2038 Stephanus
545 1957 650 2020 codice
675 1954 939 2041 Argentoratensi
961 1981 988 2021 a.
1015 1959 1098 2023 1586
1122 1981 1271 2024 seusam

95 2083 160 2125 esse
183 2065 216 2125 et
238 2044 413 2124 Beurerum
439 2059 556 2124 librum
578 2064 690 2143 postea
721 2061 922 2144 descripsisse
951 2061 1049 2138 dicat,
1083 2063 1272 2148 apographa

96 2166 154 2229 duo
178 2165 243 2230 alia
266 2170 370 2230 aetate
394 2168 531 2248 superat.
577 2164 736 2247 Equidem
757 2164 875 2228 librum
891 2164 1136 2250 Tubingensem,
1161 2169 1270 2251 signa·

95 2275 160 2334 tum
184 2270 227 2336 M.
245 2272 275 2336 b.
293 2272 344 2348 27,
369 2291 451 2334 nunc
466 2269 605 2352 primum
620 2269 660 2332 ad
682 2273 804 2333 textum
819 2271 1042 2334 recensendum
1066 2270 1200 2334 adhibeo
1220 2270 1271 2334 vel

96 2375 220 2439 deeius
243 2375 432 2439 lectionibus
461 2373 572 2437 refero
619 2373 657 2437 In
679 2374 823 2459 margine
852 2373 959 2456 plures
981 2380 1076 2439 notae
1099 2398 1118 2439 a
1139 2375 1271 2439 librario

97 2480 259 2562 appositae
283 2483 370 2555 sunt;
402 2479 482 2543 duae
505 2479 545 2542 ad
567 2482 689 2542 textum
712 2478 763 2542 vel
786 2477 917 2543 lacunas
943 2483 1048 2543 textus
1071 2484 1217 2563 spectant
1240 2483 1272 2543 et

96 2582 303 2667 inapparatu
326 2583 435 2647 critico
458 2583 685 2666 transscriptae
708 2587 800 2658 sunt;
824 2583 966 2667 reliquae
983 2584 1121 2648 animum
1142 2583 1271 2648 lectoris

97 2687 133 2749 ad
154 2686 241 2751 locos
265 2688 418 2771 quosdam
441 2687 580 2771 insignes
612 2689 787 2752 advertunt.
834 2687 911 2752 Illas
934 2710 951 2751 e
974 2689 1079 2752 codice
1101 2687 1272 2773 principali

95 2790 219 2856 fluxisse
234 2792 439 2856 manifestum
456 2796 512 2855 est.
560 2791 629 2868 Quo
652 2792 734 2856 libro
751 2793 848 2856 etiam
870 2798 935 2857 tres
952 2792 1031 2857 alias
1054 2795 1187 2858 traditas
1204 2814 1271 2858 esse

96 2894 275 2981 Stephanus
305 2902 337 2961 et
361 2897 478 2961 Kunitz
505 2901 679 2975 testantur,
716 2902 748 2960 et
771 2898 823 2961 vir
853 2897 984 2961 dubium
1007 2902 1070 2975 est,
1105 2897 1272 2962 librarium

96 3001 208 3065 codicis
232 3001 445 3087 Tubingensis
473 3023 526 3066 eas
550 3024 659 3066 omnes
683 3024 721 3066 ex
745 3002 920 3086 exemplari
942 3002 1003 3066 sibi
1026 3004 1191 3087 proposito
1215 3003 1270 3066 de-

95 3104 274 3186 sumpsisse,
297 3125 400 3187 neque
415 3126 488 3168 vero
510 3127 606 3168 unam
621 3104 672 3168 vel
695 3104 830 3168 alteram
846 3105 884 3168 de
900 3127 957 3169 suo
973 3106 1137 3170 addidisse.
1167 3105 1270 3181 Quare

95 3213 185 3272 notae
208 3208 261 3272 hic
283 3209 558 3273 transscribantur.

167 3308 212 3363 Ad
231 3311 254 3367 3.
274 3307 290 3361 3
309 3308 378 3362 haec
395 3312 496 3363 notata
514 3313 593 3362 sunt:
621 3313 659 3362 ὅτι
678 3312 692 3362 ο
711 3312 776 3374 θεὸς
800 3313 945 3376 ἀπροσδεής
969 3311 1087 3361 ἐστικαὶ
1111 3312 1217 3373 οὐδενὸς
1235 3306 1271 3362 ὧν

95 3402 271 3463 προσφέρομεν
290 3399 359 3463 αὐτῷ
377 3401 477 3459 δέεται,
504 3400 540 3460 ὡς
558 3401 604 3447 καῖ
623 3399 701 3460 αὐτὸς
725 3401 816 3464 εἴρηκέ
835 3413 902 3449 που·
928 3401 968 3460 τῖς
986 3399 1037 3464 γὰρ
1056 3401 1089 3449 ἐκ
1106 3403 1157 3449 τῶν
1176 3404 1271 3465 χειρῶν

95 3486 160 3549 ὑμῶν
180 3487 292 3550 ἐζήτησα
309 3489 403 3544 raom
421 3482 468 3552 (cf.
481 3481 532 3535 Ies.
549 3486 570 3546 1,
587 3483 655 3550 121¹,
676 3482 712 3535 ad
724 3484 748 3544 4,
761 3484 792 3535 5:
811 3486 848 3535 ὅτι
867 3487 1029 3549 παρήοριυον
1049 3487 1149 3549 ἐβραῖσι
1166 3486 1272 3549 ἄστροις

95 3574 139 3621 καῖ
157 3573 265 3637 σελήνῃ,
282 3576 329 3622 καῖ
346 3574 395 3634 τὰς
413 3574 605 3637 παρατηρήσεις
623 3575 706 3623 αὐτῶν
725 3572 876 3637 ἐφὺλαττον,
896 3571 932 3623 ad
950 3570 974 3634 4,
994 3570 1025 3623 d:
1045 3574 1121 3624 ἔνθεν
1139 3577 1198 3638 περὶ
1216 3590 1270 3639 χριι

94 3663 199 3709 σπανῶν
217 3661 339 3724 ἄρχεται,
360 3657 396 3708 ad
414 3658 437 3717 5,
457 3656 488 3710 3:
517 3661 557 3711 dra
580 3661 712 3724 δόγματος
737 3661 902 3722 ἀνθρωπίνου
926 3663 949 3710 οἰ
972 3663 1113 3725 χριστισινοί
1137 3663 1186 3711 οὐκ
1205 3662 1270 3712 ἀντι·

94 3744 279 3808 λαμβάνονται·
298 3744 391 3795 sita*
468 3748 530 3796 οὐδὲ
547 3748 599 3811 γάρ
617 3762 693 3812 φησιν
712 3748 726 3796 ὁ
745 3745 892 3808 ἀπόστολος
909 3748 1017 3810 παῦλσς,
1036 3749 1108 3811 παρὰ
1129 3748 1270 3811 ἀνθρώπου

95 3832 241 3895 παρέλαβον
260 3834 323 3883 αὐτὸ
342 3830 414 3900 (Gal.
436 3834 457 3895 1,
480 3833 530 3901 12),
550 3832 587 3884 ad
605 3830 629 3894 8,
651 3831 696 3885 1οε
726 3835 764 3883 ὅτι
782 3834 925 3896 &aphraate
948 3836 1087 3896 τοσοῦτους
1111 3835 1223 3900 χρόνους
1240 3835 1270 3884 τὸ

94 3921 227 3985 μυστήριον
244 3923 291 3984 τῆς
310 3921 390 3985 ἁγίας
408 3923 518 3985 τριάδος,
538 3924 616 3992 μέχρι
633 3925 678 3970 τοῦ
696 3921 869 3984 βαπτίσματος
887 3922 915 3969 tv
934 3921 1051 3984 ῐοροοὶνῳ,
1072 3918 1107 3970 ad
1128 3917 1167 3981 ll,
1182 3916 1211 3968 2:
1231 3920 1271 3972 ὅτι

94 4009 117 4055 οἱ
136 4008 207 4072 ἅγιοι
231 4007 323 4069 ἄνδρες
341 4007 459 4071 ἔγνωσαν
485 4009 611 4073 μυσιήρια
629 4011 673 4056 τοῦ
700 4008 810 4069 πατρὸς,
839 4003 875 4056 ad
895 4003 935 4066 12,
956 4004 988 4057 8:
1016 4008 1054 4056 ὅτι
1071 4008 1119 4071 τὴν
1136 4007 1206 4067 εὔαν,
1233 4008 1269 4072 μὴ

94 4093 282 4159 ademptam,
309 4094 442 4156 παρθένον
460 4094 606 4144 ἀποκαλεῖ·
636 4095 780 4157 φθαρεῖσαν
798 4096 839 4155 δέ,
867 4097 916 4157 τῆς
934 4098 1073 4158 παρακοῆς
1100 4095 1201 4155 πάντως
1220 4097 1270 4144 sto·

94 4181 200 4241 εδὲξοιτσ
217 4181 247 4230 τὸ
264 4182 390 4244 ἐπιτίμιον
407 4179 527 4245 δηλονότι
544 4179 695 4244 φθαρεῖσαν.

164 4301 177 4352 l
198 4299 287 4353 Locos
307 4299 332 4352 S.
353 4298 515 4369 Scripturas
535 4317 588 4369 ego
608 4300 689 4353 addo.

162 4385 180 4437 2
197 4386 267 4441 Post
284 4385 358 4441 hanc
376 4402 474 4441 vocem
493 4387 622 4454 sequitur
640 4388 763 4457 spatium
780 4404 899 4441 vacuum
927 4387 1062 4454 quattuor
1080 4385 1192 4441 litteras
1212 4404 1267 4440 am·

92 4473 227 4542 plectens

164 4599 177 4650 l
197 4596 355 4664 Zeitsehritt
371 4597 421 4663 for
438 4596 705 4665 Kirelnoqesctichte
721 4593 760 4647 IV
778 4593 876 4663 (1881).
895 4593 1043 4649 aaa-287.
