2834 5018
428 718 561 774 amrin
579 718 808 775 rasennam
825 720 948 776 v1-1x.
1100 710 1102 715 '
1212 727 1276 792 365

658 898 713 963 VI.

188 1019 290 1104 Capta
312 1020 475 1085 occasione
497 1021 633 1106 ePapia
653 1023 721 1087 viro
745 1022 918 1087 clarissimo
935 1022 1186 1108 Hierapolitano,
1211 1025 1275 1090 die·

98 1125 205 1210 cipulo
229 1125 381 1209 apostoli,
407 1127 461 1210 qui
483 1148 580 1211 supra
602 1132 711 1212 pectus
735 1128 854 1193 domini
875 1128 1035 1206 recubuit,
1060 1133 1092 1193 et
1114 1128 1276 1195 Clemente

98 1235 132 1294 et
153 1230 317 1295 Pantaeno
349 1232 512 1297 sacerdote
535 1231 750 1297 Alexandrino
778 1237 811 1297 et
834 1231 1002 1298 Ammonio
1029 1233 1273 1318 sapientissimo,

96 1335 231 1399 vetustis
263 1339 294 1400 et
313 1336 441 1419 synodis
473 1338 684 1403 anterioribus
715 1338 956 1422 interpretibus,
990 1338 1045 1422 qui
1066 1342 1169 1403 totum
1192 1359 1300 1422 opust

96 1461 154 1504 sex
177 1439 298 1504 dierum
321 1440 359 1504 de
382 1439 509 1507 Christo
532 1447 564 1507 et
588 1444 721 1508 ecclesia
743 1443 975 1509 intellexerunt.

650 1593 721 1658 VII.

185 1734 382 1801 Vetustiores
406 1758 483 1821 ergo
499 1735 705 1801 ecclesiarum·
723 1736 922 1820 interpretes,
939 1737 1032 1802 Philo
1055 1737 1185 1821 inquam
1199 1736 1273 1822 phi·

95 1841 250 1925 losophus
273 1845 305 1906 et
327 1841 544 1925 apostolorum
567 1841 718 1925 aequalis,
742 1846 773 1905 et
789 1841 905 1926 Papias
930 1841 1162 1917 celeberrimus,
1178 1840 1272 1905 Ioan-

94 1946 145 2010 nis
161 1945 375 2030 evangelistae
391 1945 572 2028 discipulus,
589 1945 851 2030 Hierapolitanus
867 1996 874 2009 .
893 1996 899 2009 .
915 1995 921 2009 .
937 1995 944 2009 .
961 1951 1116 2010 eteorum
1132 1945 1270 2010 asseclae
1287 1969 1310 2005 ιο

95 2048 305 2133 spiritualiter
326 2048 561 2128 intellexerunt,
586 2071 666 2133 quae
690 2051 727 2115 de
742 2051 889 2134 paradiso
912 2049 1031 2133 scripta
1050 2054 1133 2125 sunt,
1158 2050 1198 2114 ad
1220 2071 1272 2115 ec·

94 2153 224 2217 clesiam
249 2151 365 2218 Christi
389 2176 426 2219 ea
448 2154 629 2219 referentes.

642 2314 730 2379 VIII.

181 2449 256 2527 Eos,
281 2451 334 2534 qui
358 2453 529 2516 secundum
552 2453 645 2517 deum
666 2451 879 2517 innocentiam
902 2452 1123 2529 sectabantur,
1156 2472 1271 2535 pueros

92 2554 269 2630 vocabant,
303 2555 385 2619 sicut
412 2561 444 2620 et
466 2556 582 2641 Papias
615 2557 753 2621 declarat
782 2557 863 2622 libro
894 2558 996 2642 primo
1027 2556 1272 2642 Expositionum
1287 2577 1312 2615 rs

92 2658 321 2723 dominicamm
345 2666 376 2724 et
400 2658 545 2726 Clemens
568 2660 801 2726 Alexandrinus
824 2661 857 2726 in
880 2660 1083 2748 Paedagogo.

655 2819 710 2883 IX.

182 2955 270 3021 Haeo
294 2956 338 3020 ait
361 2956 492 3021 obscure
514 2959 710 3042 significans,
744 2962 780 3023 ut
802 2965 897 3043 puto,
921 2957 1053 3042 Papias,
1079 2959 1133 3043 qui
1156 2958 1271 3023 Hiera·

89 3059 176 3145 polis
199 3058 295 3124 Asiae
326 3065 401 3124 tuno
424 3060 487 3127 fuit
518 3064 685 3148 episcopus
718 3067 749 3128 et
779 3064 876 3128 divini
899 3063 1026 3128 Ioannis
1057 3063 1271 3147 evangelistae

89 3166 290 3250 temporibus
320 3164 437 3229 floruit.
484 3166 546 3231 Hic
576 3168 659 3232 enim
681 3166 798 3251 Papias
829 3168 912 3233 libro
948 3173 1060 3252 quarto
1083 3166 1269 3251 Expositio-
1285 3194 1310 3231 ro

90 3292 169 3334 num
192 3270 420 3334 dominicarum
444 3270 531 3345 dixit,
548 3271 580 3334 in
604 3272 832 3335 resurrectione
846 3272 1028 3355 voluptates
1051 3270 1176 3334 futuras
1192 3292 1268 3348 esse,

91 3395 174 3458 quae
196 3374 417 3459 percipiuntur
439 3397 477 3438 ex
501 3375 588 3439 cibis.
615 3425 621 3438 .
648 3425 654 3439 .
679 3375 722 3439 Et
737 3375 887 3439 Irenaeua
902 3373 1121 3460 Lugdunensis
1145 3374 1269 3456 episco-

89 3501 152 3563 pus
181 3478 214 3542 in
235 3477 318 3542 libro
350 3479 499 3542 adversus
521 3478 667 3543 haereses
700 3481 811 3564 quinto
842 3479 924 3544 idem
955 3479 1032 3543 dicit
1062 3478 1270 3562 producitque

89 3588 205 3648 testem
227 3604 345 3659 eorum,
371 3604 451 3666 quae
475 3584 515 3647 ab
538 3584 609 3667 ipso
633 3583 717 3647 dicta
739 3588 821 3659 sunt,
836 3583 980 3668 Papiam,
1005 3603 1100 3667 quem
1123 3582 1267 3647 diximus.

90 3718 214 3787 scriptus
232 3722 289 3772 est:
309 3718 350 3772 De
370 3734 508 3773 consensu
527 3717 614 3771 Musis
634 3732 667 3771 ao
693 3733 767 3784 quae
795 3717 829 3772 de
857 3717 1062 3789 significatione
1090 3715 1174 3769 huius
1193 3715 1270 3770 vocis

89 3806 161 3860 Iesu.
181 3835 214 3846 -
232 3806 288 3879 πρὸ
307 3813 365 3861 τῶν
383 3806 517 3874 συνόδων]
536 3803 582 3857 Sic
601 3803 666 3858 scri·
693 3806 849 3874 disputavit
868 3805 944 3859 Kihn
968 3805 998 3857 in
1027 3804 1114 3858 Tloeot
1142 3803 1270 3872 Quariat-

90 3893 133 3947 bit
151 3892 238 3954 Pitra,
259 3895 288 3947 et
306 3892 457 3946 lectionem
476 3892 567 3946 codici
585 3890 665 3946 Pala·
692 3895 789 3960 arbuti
809 3892 875 3948 1880
893 3910 919 3962 p.
939 3889 1087 3947 531-582.

88 3980 151 4056 tino
169 3980 221 4034 372
247 3978 348 4033 debere
372 3978 499 4042 videtur,
528 3996 592 4033 cum
609 3980 666 4032 tres
728 3979 802 4034 VIII.
820 3977 946 4049 ἐκάλουν]
959 3994 995 4032 so.
1009 3977 1095 4046 primi
1104 3976 1267 4031 Christiani.

89 4066 140 4119 alii
169 4066 280 4120 codices
307 4064 429 4138 πρώτων
455 4082 506 4135 pro
533 4067 590 4140 πρὸ
610 4072 667 4121 τῶν
693 4066 736 4121 Cf.
756 4066 820 4120 Luc
843 4065 1007 4129 18‚16sq.;
1033 4063 1118 4117 Clem.
1138 4062 1180 4114 At
1200 4064 1268 4117 Pae·

88 4153 231 4215 habeant,
259 4151 383 4206 editores
410 4152 519 4221 priores
545 4149 666 4223 πρὼτων
694 4153 757 4222 dag.
776 4152 796 4216 1,
815 4153 840 4215 6,
859 4153 893 4206 32
912 4167 953 4217 sq.
972 4166 999 4218 p.
1020 4150 1068 4205 lll
1088 4167 1128 4217 sq.

88 4237 227 4301 condidere,
246 4239 281 4292 de
300 4239 502 4308 interpretibus
525 4238 580 4292 sibi
597 4236 665 4291 invi-
728 4239 773 4293 ln
793 4237 919 4308 Repetiit
945 4235 1061 4290 Maximi
1088 4238 1175 4291 verba
1202 4237 1267 4292 Gre-

89 4341 151 4378 cem
164 4327 359 4380 consentaneis
372 4326 506 4381 dicentes.
525 4327 568 4381 Cl'.
581 4324 665 4388 Zahn,
693 4326 789 4395 gorius
821 4323 1007 4392 Pachymeres
1041 4323 1071 4375 in
1106 4339 1158 4376 sua
1187 4339 1268 4392 para·

88 4413 285 4482 Foracltuapen
303 4413 349 4477 Vl,
372 4414 466 4469 12611.
484 4413 508 4466 3.
691 4412 791 4481 phrasi
817 4410 952 4465 librorum
978 4410 1170 4481 Areopagitae
1197 4410 1215 4464 l.
1244 4427 1267 4464 c.

124 4499 184 4554 VII.
203 4499 309 4554 Graece
327 4500 380 4553 hoc
399 4500 590 4568 fragmentum
608 4500 664 4569 pri-
692 4517 718 4568 p.
737 4499 789 4553 428
816 4496 858 4551 ed
888 4495 970 4552 Cord.
997 4514 1025 4566 p.
1044 4497 1096 4550 274
1122 4497 1163 4551 ed
1188 4497 1266 4561 Ven,

87 4602 151 4640 mus
170 4585 361 4641 ornithone
379 4586 410 4640 in
429 4586 518 4641 neor.
539 4585 664 4656 patrat
677 4558 680 4621 !
691 4585 740 4641 ee
757 4585 804 4647 111,
823 4585 881 4638 ere.
910 4613 946 4623 -
972 4582 1117 4655 napea,
1133 4584 1204 4655 aa]
1223 4585 1267 4639 cf.

87 4674 185 4740 schrift
199 4672 264 4727 1867
278 4691 304 4743 p.
319 4674 359 4728 56.
378 4704 412 4714 -
430 4670 603 4747 ἐθεώρησαν]
622 4672 663 4727 Cf.
677 4672 761 4757 {Adu
779 4671 855 4726 haer.
873 4668 906 4734 V,
919 4669 953 4726 33
970 4671 1001 4723 et
1019 4686 1104 4740 supra
1122 4670 1232 4741 Fragm.
1245 4671 1266 4725 I.
