2834 5018
524 661 676 718 HERMAE
694 662 844 718 PASTOR.
1128 668 1271 736 CXLVII
1319 700 1322 708 .

99 840 187 905 libro
208 841 263 904 vix
285 841 321 905 in
338 840 502 925 publicum
517 841 632 906 emisso
648 842 750 907 editor
764 843 924 926 comperit,
941 844 1169 929 apographum,
1188 846 1272 930 quod

100 944 273 1010 Simonides
296 946 510 1011 bibliothecae
533 946 703 1031 lipsiensis
726 948 863 1024 dederat,
887 969 950 1012 non
972 948 1006 1011 id
1027 970 1104 1028 esse,
1132 950 1217 1034 quod
1237 950 1272 1014 in

98 1055 200 1114 monte
230 1050 321 1115 Atho
351 1073 368 1114 e
401 1052 506 1116 codice
536 1052 607 1136 ipso
639 1075 672 1117 se
702 1053 911 1136 desumpsisse
934 1053 1063 1132 dixerat,
1096 1055 1151 1118 sed
1173 1054 1268 1132 aliud,

99 1156 180 1238 quod
202 1155 329 1239 Lipsiae
352 1156 503 1221 adhibitis
533 1158 689 1242 excerptis
713 1159 902 1241 scriptorum
925 1159 1208 1223 ecclesiasticorum
1237 1164 1270 1224 et

97 1259 237 1324 versione
260 1259 362 1325 latina
385 1262 572 1327 confecerat.
617 1263 724 1327 Editio
748 1263 895 1347 princeps
917 1265 1024 1349 itaque
1046 1263 1168 1327 inutilis
1190 1268 1267 1328 erat.

97 1359 174 1425 Cum
197 1366 306 1427 autem
328 1363 416 1427 brevi
430 1369 504 1448 post
520 1365 740 1450 apographum
755 1367 928 1452 genuinum
943 1367 1094 1433 Simonidi
1110 1369 1270 1433 ademtum

97 1472 127 1530 et
155 1467 371 1532 bibliothecae
401 1469 556 1553 lipsiensi
587 1470 739 1534 traditum
768 1474 859 1548 esset,
892 1471 1004 1557 Anger
1032 1473 1098 1537 eius
1119 1473 1270 1538 lectiones

96 1571 290 1653 publicavit¹
318 1577 350 1636 et
372 1573 538 1638 consilium
561 1596 660 1638 novae
683 1575 827 1639 editionis
850 1577 1010 1659 parandae
1024 1577 1104 1642 iniit.
1149 1577 1271 1642 Eodem

97 1696 167 1741 vero
190 1681 336 1762 tempore
356 1680 521 1763 negotium
543 1680 686 1744 Pastoris
715 1701 827 1764 graece
853 1680 964 1744 edendi
987 1680 1093 1746 Const.
1117 1681 1269 1746 Tischen·

97 1780 168 1845 dors
187 1781 222 1846 in
245 1804 279 1847 se
302 1784 442 1868 suscepit
472 1787 504 1847 et
526 1788 650 1848 textum
673 1806 692 1848 a
713 1805 746 1847 se
769 1784 957 1848 recensitum
980 1786 1110 1850 editioni
1138 1808 1270 1869 operum

96 1892 223 1968 patrum
246 1887 494 1971 apostolicorum
516 1889 717 1952 inserendum
739 1887 873 1953 Alberto
889 1888 1017 1953 Dressel
1032 1889 1171 1967 tradidit,
1195 1912 1269 1954 cen·

97 1995 162 2055 tum
185 1993 382 2077 exemplaria
404 1995 473 2078 ipse
496 1994 640 2078 vulgavit
652 1990 674 2070 ¹,
700 2017 728 2058 a.
754 1994 838 2058 1863
861 1993 1010 2058 lectiones
1033 1994 1149 2058 codicis
1165 1993 1269 2059 Sinai-

96 2097 146 2161 tici
169 2099 204 2162 in
227 2121 321 2163 usum
345 2100 492 2164 editionis
516 2099 736 2165 Dresselianae
760 2098 914 2164 secundae
937 2097 1065 2162 addidit.
1112 2098 1175 2163 Res
1206 2120 1269 2163 non

97 2202 184 2267 valde
214 2209 364 2287 promota
396 2208 452 2268 est.
508 2203 654 2269 Godicem
687 2205 813 2288 quidem
843 2204 1038 2289 Lipsiensem
1060 2204 1272 2269 Tischendorf

98 2313 242 2373 accurate
264 2310 461 2394 perquisivit,
486 2310 541 2373 sed
564 2310 703 2374 codicem
725 2314 860 2388 tantum,
890 2331 953 2375 non
976 2309 1141 2373 Pastorem
1172 2308 1269 2373 edidit

96 2413 249 2497 neglectis
271 2414 384 2478 ceteris
406 2413 558 2490 fontibus,
582 2436 599 2478 e
622 2414 735 2498 quibus
756 2419 862 2479 textus
877 2414 1068 2479 hauriendus
1090 2418 1138 2477 est
1153 2413 1269 2497 quique

97 2521 167 2580 sunt
190 2521 318 2600 praeter
341 2518 464 2582 codices
488 2538 618 2602 graecos
630 2517 788 2581 versiones
810 2517 939 2595 latinae,
962 2517 1064 2582 versio
1081 2516 1266 2600 aethiopica,

95 2621 284 2704 scriptorum
306 2627 446 2686 veterum
469 2644 486 2687 e
508 2622 640 2686 Pastore
662 2625 817 2706 excerpta

180 2725 231 2790 De
253 2727 450 2791 versionibus
473 2731 505 2791 et
527 2727 633 2791 codice
648 2727 803 2811 lipsiensi
824 2727 889 2790 iam
913 2727 1080 2810 disputavi,
1105 2730 1137 2790 et
1160 2728 1198 2791 de
1213 2747 1268 2790 co·

96 2829 161 2894 dice
192 2829 345 2894 Sinaitico
375 2852 472 2914 supra
501 2830 534 2894 in
564 2829 801 2914 Prolegomenis
832 2831 872 2894 ad
902 2829 1068 2894 Barnabae
1099 2829 1269 2914 epistulam

95 2934 137 3017 (p.
156 2933 276 3016 XXXI)
300 2935 394 3018 plura
410 2935 492 2999 diota
517 2938 599 2998 sunt.
637 2935 700 2999 Hic
715 2935 891 2999 addendum
914 2938 971 3011 est,
995 2934 1182 3018 scriptorem
1203 2933 1268 2998 Pa·

94 3038 187 3102 storis
211 3039 310 3103 alium
332 3060 401 3104 esse
424 3060 460 3103 ac
484 3039 650 3104 librarium
674 3039 827 3123 epistulae
850 3039 1029 3117 Barnabae,
1054 3040 1186 3103 eundem
1210 3062 1267 3104 au·

93 3147 167 3221 tem,
192 3147 229 3206 ut
251 3142 464 3207 Tiscbendorf
483 3146 586 3227 putat,
611 3165 683 3208 cum
706 3165 753 3221 eo,
778 3144 832 3228 qui
854 3143 1026 3228 prophetas
1048 3142 1087 3208 V.
1106 3142 1141 3207 T.
1167 3144 1267 3226 scrip·

93 3248 144 3311 sit.
191 3244 280 3311 Inter
302 3247 418 3312 codicis
442 3249 650 3312 correctiones
677 3270 741 3326 eae,
773 3272 851 3333 quas
875 3247 1085 3313 Tischendorf
1104 3246 1135 3310 A
1157 3246 1266 3331 signa·

91 3353 148 3428 vit,
173 3352 214 3416 ad
237 3353 368 3416 eandem
390 3353 517 3418 omnino
534 3376 605 3418 cum
619 3355 689 3438 ipso
705 3358 795 3419 textu
811 3358 948 3418 aetatem
962 3351 1143 3416 referendae
1157 3351 1267 3415 riden-

90 3575 187 3627 Aliam
207 3574 378 3628 sententiam
391 3573 592 3629 Constantinus
605 3573 793 3628 Tischendorf
808 3572 1009 3641 pronuntiavit.
1046 3572 1173 3626 Invenire
1192 3571 1267 3624 enim

91 3659 149 3714 sibi
166 3661 244 3715 visus
258 3664 310 3724 est,
328 3663 437 3715 textum
450 3678 506 3715 non
523 3664 584 3715 tam
597 3661 687 3714 altero
708 3661 774 3728 post
786 3659 928 3713 Christum
944 3658 1056 3713 saeculo
1075 3676 1159 3727 quarn
1172 3660 1267 3713 aetate

89 3748 188 3802 media
206 3752 299 3802 ortum
318 3765 410 3816 neque
429 3765 492 3802 eum
511 3764 580 3812 esse,
600 3748 673 3802 unde
691 3751 772 3801 vetus
790 3745 928 3816 interpres
946 3745 1052 3799 latinus
1064 3745 1198 3809 hauserit,
1217 3747 1266 3800 sed

90 3853 148 3905 quo
168 3835 233 3902 quis
251 3836 361 3890 textum
381 3851 512 3904 graecmn
537 3834 715 3903 deperditum
734 3833 959 3903 compensaverit
976 3833 1078 3887 Latina
1100 3833 1265 3887 convertens

89 3921 204 3993 (Pastor
223 3920 344 3976 Hermae
362 3938 389 3990 p.
409 3922 482 3975 VIII.
520 3922 648 3985 Dressel,
677 3922 754 3976 Patr.
779 3925 870 3990 apost.
889 3939 916 3990 p.
935 3920 1054 3990 XLVII).
1091 3921 1144 3974 Sed
1162 3920 1270 3985 erravit,

90 4012 122 4063 et
141 4008 239 4063 codice
258 4008 394 4062 Sinaitico
413 4009 529 4063 invento
550 4010 719 4063 sententiam
737 4007 903 4063 retractavit
920 4007 1051 4077 (Dressel,
1064 4008 1139 4062 Patr.
1158 4024 1202 4075 ap.
1222 4006 1264 4061 ed.

89 4097 125 4150 II
143 4095 238 4150 Praef.
257 4112 284 4164 p.
298 4094 355 4165 IV).
392 4094 547 4150 Nonnullos
565 4098 677 4151 tantum
696 4096 772 4150 locos
791 4112 824 4149 ex
838 4095 946 4150 Latinis
965 4095 1078 4149 fluxisse
1091 4094 1183 4148 adhuc
1202 4111 1265 4149 con-

88 4184 191 4238 tendIt.
228 4184 405 4252 Argumenta
423 4187 534 4247 autem,
562 4201 634 4253 quae
652 4183 787 4254 protulit,
815 4183 953 4237 refutavit
969 4182 1080 4251 Iripsius
1099 4183 1128 4235 in
1147 4182 1265 4237 Iatour.

91 4269 270 4325 Generaliter
291 4270 358 4324 1864
376 4288 404 4339 p.
424 4270 475 4325 532
493 4289 534 4338 sq.

162 4356 337 4425 lLer'prr'per
364 4356 550 4426 Repmcrim
576 4358 622 4412 der
650 4357 791 4413 drancheos
816 4358 875 4412 und
899 4357 1104 4412 ausldnds‘scben
1125 4357 1266 4411 Μιναίαν

92 4442 225 4508 1856111,
247 4443 391 4498 138—147.
437 4443 544 4498 Ibidem
561 4460 590 4511 p.
610 4443 660 4497 129
678 4459 719 4510 sq.
746 4442 881 4497 nonnulla
907 4443 941 4496 de
969 4440 1126 4496 detectione
1155 4442 1264 4496 fraudis

90 4529 243 4585 Simonidis
261 4531 402 4600 leguntur.

160 4620 177 4673 2
196 4617 319 4672 Hermae
337 4615 439 4671 Pastor
457 4633 557 4687 graece
576 4620 629 4671 etc.
667 4615 780 4685 Lipsiae
801 4617 876 4672 1856.

1005 4701 1055 4768 k*
