2834 5018
274 691 501 747 MARTYRIUM
520 693 545 747 S.
564 690 770 747 POLYCARPI
790 692 862 756 xlx,
883 691 991 755 l—XX,
1011 692 1034 745 2.
1176 696 1239 762 339

152 868 237 933 xlx.
263 869 351 933 Haec
375 870 413 933 de
435 871 529 935 beato
552 869 743 954 Polycarp0,
774 870 921 954 quicum
943 871 998 947 iis,
1024 870 1079 954 qui
1101 891 1139 933 ex
1161 869 1239 933 Phi·

64 974 235 1058 ladelphia,
262 975 463 1039 duodecimus
479 974 630 1058 Smyrnae
653 975 840 1058 martyrium
862 980 911 1040 est
930 997 1052 1059 passus,
1077 976 1131 1040 sed
1154 975 1240 1040 solus

64 1082 104 1144 ab
128 1079 275 1144 omnibus
307 1080 412 1164 magis
435 1084 712 1157 commemoratur,
742 1080 788 1144 ita
809 1083 846 1143 ut
867 1102 887 1143 a
910 1078 1081 1165 gentilibus
1115 1100 1240 1164 quoque

64 1186 182 1268 ubique
205 1184 346 1247 locorum
371 1185 407 1247 de
423 1205 460 1247 eo
483 1206 584 1248 sermo
599 1184 674 1259 fiat3
698 1183 753 1267 qui
775 1206 839 1248 non
854 1183 958 1248 solum
981 1183 1091 1248 doctor
1105 1184 1239 1268 insignis

64 1289 201 1366 exstitit,
233 1287 407 1351 sedetiam
429 1291 550 1370 martyr
572 1287 719 1364 eximius,
749 1288 836 1351 cuius
858 1288 1046 1371 martyrium
1073 1287 1266 1372 evangelio⁶

65 1393 183 1457 Christi
216 1413 391 1475 congruum
418 1413 528 1455 omnes
560 1391 678 1455 imitari
702 1391 887 1455 desiderant.
933 1394 963 1455 2.
987 1393 1161 1477 Postquam
1185 1415 1239 1456 su·

64 1499 209 1563 stinendo
226 1498 381 1561 iniustum
404 1498 581 1582 praesidem
596 1495 674 1559 vicit
697 1496 803 1580 sicque
818 1496 1068 1561 immortalitatis
1092 1519 1241 1561 coronam

63 1605 200 1686 recepit,
237 1626 308 1668 cum
343 1601 495 1685 apostolis
529 1602 739 1687 omnibusque
768 1603 859 1667 iustis
891 1603 1053 1668 exsultans
1083 1603 1176 1666 deum
1205 1625 1241 1666 ac

63 1714 188 1792 patrem
211 1708 459 1790 omnipotentem
482 1705 639 1790 glorificat
663 1713 694 1771 et
716 1707 872 1771 benedicit
896 1708 1021 1772 domino
1045 1713 1154 1772 nostro
1169 1708 1241 1772 lesu

64 1812 209 1888 Christo,
243 1812 418 1876 animarum
440 1816 621 1875 nostrarum
644 1810 795 1875 salvatori
818 1815 850 1874 et
872 1833 1038 1895 corporum
1061 1818 1241 1877 nostrorum
1255 1827 1280 1864 ¹⁰

64 1918 270 2002 gubernatori
299 1938 442 1981 necnon
472 1917 594 1999 pastori
616 1915 790 1981 catholicae
819 1914 852 1979 in
875 1919 943 1979 toto
972 1917 1047 1980 orbe
1078 1916 1239 1981 ecclesiae.

152 2022 221 2086 XX.
246 2021 313 2086 Vos
337 2021 463 2104 quidem
494 2020 675 2103 petieratis,
709 2024 746 2083 ut
769 2023 897 2095 cuncta,
931 2025 1127 2105 quaegesta
1158 2024 1248 2097 sunt,¹

64 2127 166 2191 fusius
189 2127 280 2191 robis
310 2130 556 2209 exponerentur3
589 2146 647 2188 nos
668 2145 743 2188 vero
773 2124 1068 2206 impraesentiarum
1101 2146 1240 2188 summa·

64 2232 121 2295 tim
144 2231 351 2295 indicarimus
374 2251 431 2313 per
446 2230 577 2293 fratrem
600 2233 742 2293 nostrum
757 2227 961 2293 Marcionem.
1012 2227 1098 2305 Quae
1115 2229 1241 2313 quidem

64 2357 137 2398 cum
159 2333 313 2418 legeritis,
338 2333 507 2416 epistulam
530 2333 684 2397 fratribus
706 2332 927 2397 remotioribus
946 2333 1181 2409 transmittatis,
1206 2336 1242 2396 ut
1256 2349 1281 2386 1⁶

64 2445 97 2502 et
118 2439 182 2521 ipsi
206 2438 386 2522 glorificent
409 2439 578 2516 dominum,
604 2440 719 2524 quiex
742 2440 807 2503 suis
822 2436 951 2504 famulis
975 2440 1131 2504 delectum
1154 2439 1240 2503 facit.

153 2546 183 2607 2.
207 2544 249 2608 Ei
274 2549 394 2622 autem,
428 2545 482 2627 qui
504 2567 613 2609 omncs
636 2567 693 2609 nos
717 2545 823 2629 gratia
845 2566 903 2608 sua
926 2548 1021 2626 atque
1043 2543 1243 2628 indulgentia

63 2649 97 2711 in
120 2669 254 2731 regnum
271 2670 362 2711 suum
386 2653 547 2711 aeternum
562 2653 669 2731 potest
691 2648 836 2711 inducere
851 2669 909 2731 per
925 2647 1126 2732 unigenitum
1142 2646 1243 2710 filium

65 2777 157 2817 suum
174 2752 279 2816 lesum
296 2752 465 2828 Christum,
490 2753 551 2834 ipsi
575 2752 617 2815 sit
633 2751 744 2835 gloria,
770 2751 880 2829 honor,
896 2751 1073 2836 imperium,
1095 2751 1243 2815 maiestas

63 2860 97 2922 in
113 2857 248 2921 saecula.
295 2856 439 2920 Salutate
455 2879 563 2921 omnes
580 2862 716 2921 sanctos.
763 2856 911 2921 Salutant
926 2879 991 2932 vos,
1011 2858 1064 2941 qui
1078 2855 1242 2920 nobiscum
1257 2865 1282 2903 ²⁰

64 2969 139 3026 simt
162 2962 271 3043 etqui
294 2962 420 3044 scripsit
444 2963 530 3040 haec,
554 2963 725 3027 Evarestus
749 2961 927 3025 cumomni
950 2961 1043 3025 domo
1066 2982 1132 3024 sua.

64 3085 136 3141 tant,
150 3079 333 3142 Christianos,
354 3080 402 3147 qui
415 3097 546 3134 unacum
559 3080 639 3149 Poly·
652 3083 655 3131 Ι
669 3080 747 3149 1887)
766 3084 794 3134 ct
813 3078 1046 3149 Martyrologium
1065 3076 1242 3147 Hieronymi·

63 3184 151 3236 carpo
164 3167 329 3234 martyrium
341 3166 419 3236 passi
433 3171 505 3229 sunt,
525 3184 640 3221 numero
668 3186 753 3222 annm
765 3168 890 3222 tradunt.
912 3198 947 3206 -
963 3165 1085 3235 μᾶλλον]
1100 3183 1135 3219 sc.
1158 3182 1243 3232 quarn

63 3255 212 3316 undecim,
249 3270 345 3306 omnes
378 3253 639 3323 Philadelphienses
667 3255 770 3322 reliqui
796 3258 941 3324 martyres.
968 3284 1003 3294 ·—
1030 3253 1242 3323 μνημονεύεται]

63 3341 160 3395 fuisse.
198 3339 330 3393 Fortasse
343 3343 438 3393 autem
456 3341 542 3394 etiam
555 3341 640 3395 inter·
666 3342 705 3398 Ut
724 3346 871 3398 contextus
898 3342 996 3402 docet,
1024 3340 1094 3393 haec
1112 3356 1167 3393 vox
1186 3356 1242 3393 non

62 3428 171 3498 pretari
189 3427 269 3479 licet:
299 3426 429 3492 quicum
455 3427 517 3480 aliis
542 3428 639 3495 (unde
668 3430 702 3483 de
722 3429 812 3491 cultu,
839 3426 888 3481 sed
907 3428 941 3481 de
959 3426 1094 3480 memoria
1111 3426 1243 3494 martyris

64 3516 140 3581 cim),
160 3514 195 3566 iis
208 3513 331 3575 inclusis,
353 3514 401 3580 qui
415 3529 429 3567 e
442 3513 640 3583 Philadelphia
667 3515 859 3586 intellegenda
877 3516 927 3568 est.

64 3605 153 3664 erant,
175 3600 357 3654 duodecimus
378 3603 429 3654 cte.
465 3601 567 3657 Mirum
586 3603 640 3656 sal·
702 3607 726 3657 2.
745 3604 797 3659 σὺν
824 3611 883 3669 τοῖς
909 3600 1077 3666 ἀποστόλοις
1102 3601 1172 3670 κτλ]
1200 3600 1241 3654 Cf.

63 3694 122 3742 tem
151 3690 241 3750 esset,
271 3689 294 3740 si
328 3689 475 3743 duodecim
501 3692 640 3758 martyres
668 3691 760 3759 Polyc.
780 3689 850 3743 Phil.
869 3689 893 3752 9,
914 3691 936 3744 1.

63 3779 179 3845 praeter
196 3792 282 3829 unum
302 3792 397 3828 omnes
418 3777 542 3829 eiusdem
563 3777 640 3831 urbis
703 3777 761 3840 XX,
782 3781 804 3831 1.
822 3775 1018 3846 μεμηνύκαμεν
1043 3773 1086 3831 διὰ
1106 3783 1154 3830 τοῦ
1172 3773 1243 3843 κτλ]

63 3864 193 3917 fuissent.
216 3861 290 3915 Unus
310 3880 343 3917 ex
353 3863 483 3917 undecim
502 3863 559 3917 illis
568 3880 640 3918 mar·
668 3864 828 3919 Perfectum
846 3861 973 3916 indicare
993 3859 1113 3924 videtur,
1127 3859 1243 3914 Marcio·

62 3951 174 4018 tyribus
203 3967 289 4020 supra
308 3953 331 4013 3,
354 3955 365 4006 1
395 3952 573 4015 nominatur,
602 3970 639 4006 sc.
667 3969 731 4006 nem
750 3949 899 4020 epistulam
926 3948 1122 4017 composuisse.
1160 3947 1189 4001 Si
1208 3946 1242 3999 de

64 4039 257 4094 Germanicus.
287 4039 419 4093 Fortasse
433 4056 466 4093 ex
484 4057 579 4093 eorum
591 4057 640 4092 nu·
667 4037 816 4093 tabellario
823 4035 974 4105 epistulam
983 4036 1242 4105 perferentesermo

62 4143 141 4181 mero
161 4127 248 4179 etiam
266 4129 371 4180 Arutus
389 4127 522 4194 (Aratus),
542 4126 640 4181 Cosco-
669 4131 750 4188 esset,
768 4139 902 4194 praesens
922 4125 1140 4193 exspectandum
1161 4124 1242 4175 esset.

63 4215 136 4272 nius.
148 4213 326 4283 Melanippus
347 4215 375 4267 et
384 4215 457 4267 Zeno
470 4219 559 4276 erant,
570 4231 640 4280 quos
668 4213 767 4268 Scriba
785 4209 924 4280 epistulae
942 4228 967 4262 v.
986 4212 1003 4264 2
1021 4211 1190 4264 nominatur.

63 4318 121 4356 una
140 4319 203 4356 cum
216 4302 373 4370 Polycarpo
386 4303 419 4355 23
439 4301 483 4354 die
495 4301 642 4354 Februarii
704 4302 727 4353 2.
748 4307 786 4373 τῷ
806 4298 835 4354 a
852 4328 886 4337 -
904 4290 938 4370 ᾦ]
966 4299 1072 4351 Auctor
1091 4298 1118 4350 h.
1137 4297 1154 4350 1.
1173 4296 1244 4349 Pau-

64 4405 165 4458 passos
202 4405 263 4443 esse
294 4386 526 4454 Martyrologium
561 4389 641 4441 vetus
668 4386 727 4440 lum
745 4384 850 4439 imitari
878 4383 1005 4447 videtur,
1034 4384 1084 4451 qui
1102 4385 1181 4438 Rom.
1202 4383 1243 4446 16,

64 4476 204 4544 syriacum
224 4477 279 4542 (ed.
298 4492 350 4542 syr.
371 4474 498 4542 Wright,
524 4473 643 4529 Journal
669 4473 772 4527 25-27
792 4471 871 4542 (aph.
891 4474 915 4534 3,
935 4471 976 4525 20.
995 4471 1041 4538 21)
1068 4471 1153 4525 simili
1180 4489 1244 4525 con·

64 4566 97 4632 of
120 4564 222 4618 Socred
248 4564 405 4617 Litercturr
424 4560 554 4626 1865]66,
582 4577 642 4632 ger·
670 4559 824 4614 structione
843 4558 941 4613 utitur.
962 4558 1005 4613 Gt'.
1025 4559 1051 4614 ll
1064 4559 1150 4615 Olem.
1164 4559 1205 4623 20,
1219 4560 1242 4612 6.

63 4651 175 4704 maniae
184 4649 215 4704 Ε.
226 4649 298 4719 Egli,
318 4648 517 4703 nacla-auida
530 4645 643 4703 &adira
670 4678 705 4686 —
721 4646 738 4704 d
756 4647 877 4720 γράψας]
897 4645 939 4700 cf.
958 4644 1037 4700 Rom.
1059 4648 1098 4711 16,
1117 4649 1159 4702 22.

965 4737 1032 4800 22*
