<?xml version="1.0" encoding="UTF-8"?>
<!DOCTYPE html PUBLIC "-//W3C//DTD XHTML 1.0 Transitional//EN"
    "http://www.w3.org/TR/xhtml1/DTD/xhtml1-transitional.dtd">
<html xmlns="http://www.w3.org/1999/xhtml" xml:lang="en" lang="en">
 <head>
  <title>
</title>
<meta http-equiv="Content-Type" content="text/html;charset=utf-8" />
  <meta name='ocr-system' content='tesseract 3.04.00' />
  <meta name='ocr-capabilities' content='ocr_page ocr_carea ocr_par ocr_line ocrx_word'/>
</head>
<body>
  <div class='ocr_page' id='page_1' title='image "./patresapostolic00piongoog_0517.png"; bbox 0 0 2834 5018; ppageno 0'>
   <div class='ocr_carea' id='block_1_1' title="bbox 569 339 947 396">
    <p class='ocr_par' dir='ltr' id='par_1_1' title="bbox 569 339 947 396">
     <span class='ocr_line' id='line_1_1' title="bbox 569 339 947 396; baseline -0.003 -1"><span class='ocrx_word' id='word_1_1' title='bbox 569 339 701 396; x_wconf 77' lang='lat' dir='ltr'>PAPIAE</span> <span class='ocrx_word' id='word_1_2' title='bbox 719 339 947 396; x_wconf 78' lang='lat' dir='ltr'>FRAGMENTA</span> 
     </span>
    </p>
   </div>
   <div class='ocr_carea' id='block_1_2' title="bbox 133 516 1359 2065">
    <p class='ocr_par' dir='ltr' id='par_1_2' title="bbox 133 516 1359 2065">
     <span class='ocr_line' id='line_1_2' title="bbox 259 516 1359 604; baseline 0.005 -27"><span class='ocrx_word' id='word_1_3' title='bbox 259 516 409 601; x_wconf 74' lang='grc' dir='ltr'>μαθηταί,</span> <span class='ocrx_word' id='word_1_4' title='bbox 433 516 586 601; x_wconf 83' lang='grc' dir='ltr'>λέγουσιν.</span> <span class='ocrx_word' id='word_1_5' title='bbox 632 517 668 579; x_wconf 83' lang='grc' dir='ltr'>οὐ</span> <span class='ocrx_word' id='word_1_6' title='bbox 690 518 750 600; x_wconf 81' lang='grc' dir='ltr'>γὰρ</span> <span class='ocrx_word' id='word_1_7' title='bbox 772 518 811 579; x_wconf 85' lang='grc' dir='ltr'>τὰ</span> <span class='ocrx_word' id='word_1_8' title='bbox 834 517 955 580; x_wconf 83' lang='grc' dir='ltr'>ἐκτῶν</span> <span class='ocrx_word' id='word_1_9' title='bbox 989 517 1115 604; x_wconf 77' lang='grc' dir='ltr'>βιβλίων</span> <span class='ocrx_word' id='word_1_10' title='bbox 1137 519 1293 583; x_wconf 85' lang='grc' dir='ltr'>τοσοῦτόν</span> <span class='ocrx_word' id='word_1_11' title='bbox 1318 540 1359 603; x_wconf 85' lang='grc' dir='ltr'>με</span> 
     </span>
     <span class='ocr_line' id='line_1_3' title="bbox 260 619 1357 709; baseline 0.004 -25"><span class='ocrx_word' id='word_1_12' title='bbox 260 621 392 703; x_wconf 82' lang='grc' dir='ltr'>ὠφελεῖν</span> <span class='ocrx_word' id='word_1_13' title='bbox 415 619 643 705; x_wconf 83' lang='grc' dir='ltr'>ὑπελάμβανον,</span> <span class='ocrx_word' id='word_1_14' title='bbox 675 623 749 684; x_wconf 90' lang='grc' dir='ltr'>όσον</span> <span class='ocrx_word' id='word_1_15' title='bbox 772 622 812 683; x_wconf 87' lang='grc' dir='ltr'>τὰ</span> <span class='ocrx_word' id='word_1_16' title='bbox 834 623 919 703; x_wconf 80' lang='grc' dir='ltr'>παρὰ</span> <span class='ocrx_word' id='word_1_17' title='bbox 943 620 1047 708; x_wconf 80' lang='grc' dir='ltr'>ζώσης</span> <span class='ocrx_word' id='word_1_18' title='bbox 1072 635 1177 709; x_wconf 76' lang='grc' dir='ltr'>φωνῆς</span> <span class='ocrx_word' id='word_1_19' title='bbox 1200 626 1256 688; x_wconf 83' lang='grc' dir='ltr'>καί</span> <span class='ocrx_word' id='word_1_20' title='bbox 1282 644 1357 708; x_wconf 86' lang='grc' dir='ltr'>μεν-</span> 
     </span>
     <span class='ocr_line' id='line_1_4' title="bbox 258 725 383 810; baseline 0 -22"><span class='ocrx_word' id='word_1_21' title='bbox 258 725 383 810; x_wconf 73' lang='grc' dir='ltr'>οόοης.“</span> 
     </span>
     <span class='ocr_line' id='line_1_5' title="bbox 259 828 1355 919; baseline 0.002 -22"><span class='ocrx_word' id='word_1_22' title='bbox 259 835 288 897; x_wconf 84' lang='grc'>5.</span> <span class='ocrx_word' id='word_1_23' title='bbox 312 828 419 896; x_wconf 65' lang='grc' dir='ltr'>Ἔνθα</span> <span class='ocrx_word' id='word_1_24' title='bbox 447 831 500 892; x_wconf 83' lang='grc' dir='ltr'>καί</span> <span class='ocrx_word' id='word_1_25' title='bbox 532 828 694 913; x_wconf 73' lang='grc' dir='ltr'>ἐπιστῆσαι</span> <span class='ocrx_word' id='word_1_26' title='bbox 726 828 811 908; x_wconf 78' lang='grc' dir='ltr'>ἀξιον</span> <span class='ocrx_word' id='word_1_27' title='bbox 843 831 888 906; x_wconf 84' lang='grc' dir='ltr'>δίς</span> <span class='ocrx_word' id='word_1_28' title='bbox 919 836 1166 917; x_wconf 60' lang='lat' dir='ltr'>carantanos</span> <span class='ocrx_word' id='word_1_29' title='bbox 1196 835 1286 919; x_wconf 76' lang='grc' dir='ltr'>αὐτῷ</span> <span class='ocrx_word' id='word_1_30' title='bbox 1320 838 1355 899; x_wconf 86' lang='grc' dir='ltr'>τό</span> 
     </span>
     <span class='ocr_line' id='line_1_6' title="bbox 146 931 1354 1025; baseline 0.008 -31"><span class='ocrx_word' id='word_1_31' title='bbox 146 934 320 999; x_wconf 78' lang='grc' dir='ltr'>νἸωοίννου</span> <span class='ocrx_word' id='word_1_32' title='bbox 350 937 464 1016; x_wconf 84' lang='grc' dir='ltr'>ὄνομα,</span> <span class='ocrx_word' id='word_1_33' title='bbox 496 931 540 996; x_wconf 85' lang='grc' dir='ltr'>ὧν</span> <span class='ocrx_word' id='word_1_34' title='bbox 563 935 615 997; x_wconf 87' lang='grc' dir='ltr'>τόν</span> <span class='ocrx_word' id='word_1_35' title='bbox 646 935 701 1018; x_wconf 80' lang='grc' dir='ltr'>μέν</span> <span class='ocrx_word' id='word_1_36' title='bbox 732 934 880 1016; x_wconf 88' lang='grc' dir='ltr'>πρότερον</span> <span class='ocrx_word' id='word_1_37' title='bbox 904 934 1013 1020; x_wconf 80' lang='grc' dir='ltr'>Πέτρῳ</span> <span class='ocrx_word' id='word_1_38' title='bbox 1043 938 1096 1000; x_wconf 83' lang='grc' dir='ltr'>καί</span> <span class='ocrx_word' id='word_1_39' title='bbox 1121 935 1268 1025; x_wconf 83' lang='grc' dir='ltr'><strong>Ἰακώβῳ</strong></span> <span class='ocrx_word' id='word_1_40' title='bbox 1299 943 1354 1004; x_wconf 82' lang='grc' dir='ltr'>καί</span> 
     </span>
     <span class='ocr_line' id='line_1_7' title="bbox 171 1036 1355 1128; baseline 0.003 -24"><span class='ocrx_word' id='word_1_41' title='bbox 171 1038 328 1123; x_wconf 73' lang='grc' dir='ltr'>Ματθαίῳ</span> <span class='ocrx_word' id='word_1_42' title='bbox 351 1040 405 1102; x_wconf 82' lang='grc' dir='ltr'>καί</span> <span class='ocrx_word' id='word_1_43' title='bbox 428 1047 491 1114; x_wconf 86' lang='grc' dir='ltr'>τοῖς</span> <span class='ocrx_word' id='word_1_44' title='bbox 507 1037 625 1113; x_wconf 80' lang='grc' dir='ltr'><strong>λοιποῖς</strong></span> <span class='ocrx_word' id='word_1_45' title='bbox 648 1036 833 1113; x_wconf 75' lang='grc' dir='ltr'>ἀποστόλοις</span> <span class='ocrx_word' id='word_1_46' title='bbox 849 1039 1088 1124; x_wconf 78' lang='grc' dir='ltr'>συγκαταλέγει,</span> <span class='ocrx_word' id='word_1_47' title='bbox 1112 1051 1222 1124; x_wconf 82' lang='grc' dir='ltr'>σαφῶς</span> <span class='ocrx_word' id='word_1_48' title='bbox 1244 1043 1355 1128; x_wconf 83' lang='grc' dir='ltr'>δηλῶν</span> 
     </span>
     <span class='ocr_line' id='line_1_8' title="bbox 171 1140 1354 1232; baseline 0.003 -24"><span class='ocrx_word' id='word_1_49' title='bbox 171 1146 224 1208; x_wconf 86' lang='grc' dir='ltr'>τόν</span> <span class='ocrx_word' id='word_1_50' title='bbox 254 1142 492 1227; x_wconf 79' lang='grc' dir='ltr'>εὐαγγελιστήν,</span> <span class='ocrx_word' id='word_1_51' title='bbox 523 1144 576 1206; x_wconf 88' lang='grc' dir='ltr'>τόν</span> <span class='ocrx_word' id='word_1_52' title='bbox 605 1140 633 1205; x_wconf 88' lang='grc' dir='ltr'>δ’</span> <span class='ocrx_word' id='word_1_53' title='bbox 659 1143 763 1224; x_wconf 84' lang='grc' dir='ltr'>ἕτερον</span> <span class='ocrx_word' id='word_1_54' title='bbox 786 1140 934 1226; x_wconf 78' lang='grc' dir='ltr'>Ἰωάννην</span> <span class='ocrx_word' id='word_1_55' title='bbox 965 1144 1139 1220; x_wconf 79' lang='grc' dir='ltr'>διαστείλας</span> <span class='ocrx_word' id='word_1_56' title='bbox 1172 1148 1226 1210; x_wconf 86' lang='grc' dir='ltr'>τόν</span> <span class='ocrx_word' id='word_1_57' title='bbox 1256 1147 1354 1232; x_wconf 85' lang='grc' dir='ltr'>λόγον</span> 
     </span>
     <span class='ocr_line' id='line_1_9' title="bbox 173 1245 1354 1334; baseline 0.003 -22"><span class='ocrx_word' id='word_1_58' title='bbox 173 1248 287 1331; x_wconf 82' lang='grc' dir='ltr'>ἑτέροις</span> <span class='ocrx_word' id='word_1_59' title='bbox 309 1250 394 1330; x_wconf 82' lang='grc' dir='ltr'>παρὰ</span> <span class='ocrx_word' id='word_1_60' title='bbox 416 1248 469 1311; x_wconf 82' lang='grc' dir='ltr'>τόν</span> <span class='ocrx_word' id='word_1_61' title='bbox 492 1257 553 1311; x_wconf 83' lang='grc' dir='ltr'>των</span> <span class='ocrx_word' id='word_1_62' title='bbox 578 1245 762 1309; x_wconf 74' lang='grc' dir='ltr'>ἀποστόλων</span> <span class='ocrx_word' id='word_1_63' title='bbox 795 1247 930 1330; x_wconf 66' lang='grc' dir='ltr'>ἀριθμόν</span> <span class='ocrx_word' id='word_1_64' title='bbox 952 1249 1159 1330; x_wconf 86' lang='grc' dir='ltr'>κατατάσσει,</span> <span class='ocrx_word' id='word_1_65' title='bbox 1193 1250 1354 1334; x_wconf 77' lang='grc' dir='ltr'>προτάξας</span> 
     </span>
     <span class='ocr_line' id='line_1_10' title="bbox 172 1351 1354 1440; baseline 0.004 -24"><span class='ocrx_word' id='word_1_66' title='bbox 172 1355 268 1416; x_wconf 84' lang='grc' dir='ltr'>αὐτοῦ</span> <span class='ocrx_word' id='word_1_67' title='bbox 290 1355 344 1416; x_wconf 86' lang='grc' dir='ltr'>τόν</span> <span class='ocrx_word' id='word_1_68' title='bbox 367 1351 571 1436; x_wconf 88' lang='grc' dir='ltr'>Ἀριστίωνα,</span> <span class='ocrx_word' id='word_1_69' title='bbox 602 1355 630 1418; x_wconf 90' lang='grc'>6.</span> <span class='ocrx_word' id='word_1_70' title='bbox 656 1358 764 1433; x_wconf 87' lang='grc' dir='ltr'>σαφῶς</span> <span class='ocrx_word' id='word_1_71' title='bbox 787 1372 821 1414; x_wconf 90' lang='grc' dir='ltr'>τε</span> <span class='ocrx_word' id='word_1_72' title='bbox 844 1353 938 1416; x_wconf 80' lang='grc' dir='ltr'>αὐτόν</span> <span class='ocrx_word' id='word_1_73' title='bbox 962 1352 1169 1438; x_wconf 83' lang='grc' dir='ltr'>πρεσβύτερον</span> <span class='ocrx_word' id='word_1_74' title='bbox 1193 1356 1354 1440; x_wconf 80' lang='grc' dir='ltr'>ὀνομάζει,</span> 
     </span>
     <span class='ocr_line' id='line_1_11' title="bbox 134 1454 1353 1543; baseline 0.002 -21"><span class='ocrx_word' id='word_1_75' title='bbox 134 1477 158 1514; x_wconf 89' lang='lat'>1⁰</span> <span class='ocrx_word' id='word_1_76' title='bbox 173 1457 215 1534; x_wconf 83' lang='grc' dir='ltr'>ὡς</span> <span class='ocrx_word' id='word_1_77' title='bbox 244 1460 297 1520; x_wconf 87' lang='grc' dir='ltr'>καί</span> <span class='ocrx_word' id='word_1_78' title='bbox 320 1457 371 1520; x_wconf 83' lang='grc' dir='ltr'>διὰ</span> <span class='ocrx_word' id='word_1_79' title='bbox 401 1457 518 1521; x_wconf 81' lang='grc' dir='ltr'>τούτων</span> <span class='ocrx_word' id='word_1_80' title='bbox 550 1454 797 1521; x_wconf 66' lang='grc' dir='ltr'>ἀποδείκνυσθαι</span> <span class='ocrx_word' id='word_1_81' title='bbox 829 1458 885 1539; x_wconf 85' lang='grc' dir='ltr'>τὴν</span> <span class='ocrx_word' id='word_1_82' title='bbox 909 1456 1045 1540; x_wconf 73' lang='grc' dir='ltr'>ἱστορίαν</span> <span class='ocrx_word' id='word_1_83' title='bbox 1076 1458 1186 1543; x_wconf 73' lang='grc' dir='ltr'>ἀληθῆ</span> <span class='ocrx_word' id='word_1_84' title='bbox 1208 1469 1274 1524; x_wconf 81' lang='grc' dir='ltr'>τῶν</span> <span class='ocrx_word' id='word_1_85' title='bbox 1298 1461 1353 1525; x_wconf 78' lang='grc' dir='ltr'>δύο</span> 
     </span>
     <span class='ocr_line' id='line_1_12' title="bbox 170 1559 1353 1650; baseline 0.003 -25"><span class='ocrx_word' id='word_1_86' title='bbox 170 1563 253 1625; x_wconf 82' lang='grc' dir='ltr'>κατὰ</span> <span class='ocrx_word' id='word_1_87' title='bbox 276 1564 331 1646; x_wconf 75' lang='grc' dir='ltr'>τἠν</span> <span class='ocrx_word' id='word_1_88' title='bbox 353 1561 465 1628; x_wconf 83' lang='grc' dir='ltr'>Ἀσίαν</span> <span class='ocrx_word' id='word_1_89' title='bbox 481 1559 642 1645; x_wconf 80' lang='grc' dir='ltr'>ὁμωνυμίᾳ</span> <span class='ocrx_word' id='word_1_90' title='bbox 664 1562 843 1644; x_wconf 66' lang='grc' dir='ltr'>κεχρῆσθαι</span> <span class='ocrx_word' id='word_1_91' title='bbox 859 1561 1039 1645; x_wconf 78' lang='grc' dir='ltr'>εἰρηκότων,</span> <span class='ocrx_word' id='word_1_92' title='bbox 1055 1562 1109 1625; x_wconf 79' lang='grc' dir='ltr'>δύο</span> <span class='ocrx_word' id='word_1_93' title='bbox 1126 1584 1159 1625; x_wconf 86' lang='grc' dir='ltr'>τε</span> <span class='ocrx_word' id='word_1_94' title='bbox 1176 1564 1210 1627; x_wconf 86' lang='grc' dir='ltr'>ἐν</span> <span class='ocrx_word' id='word_1_95' title='bbox 1223 1562 1353 1650; x_wconf 81' lang='grc' dir='ltr'>Ἐφέσῳ</span> 
     </span>
     <span class='ocr_line' id='line_1_13' title="bbox 170 1663 1354 1752; baseline 0.004 -22"><span class='ocrx_word' id='word_1_96' title='bbox 170 1665 320 1750; x_wconf 72' lang='grc' dir='ltr'>γενέσθαι</span> <span class='ocrx_word' id='word_1_97' title='bbox 343 1665 488 1750; x_wconf 79' lang='grc' dir='ltr'>μνήματα</span> <span class='ocrx_word' id='word_1_98' title='bbox 516 1666 570 1728; x_wconf 84' lang='grc' dir='ltr'>καί</span> <span class='ocrx_word' id='word_1_99' title='bbox 593 1665 740 1747; x_wconf 81' lang='grc' dir='ltr'>ἑκάτερον</span> <span class='ocrx_word' id='word_1_100' title='bbox 764 1663 912 1728; x_wconf 86' lang='grc' dir='ltr'>Ἰωάννου</span> <span class='ocrx_word' id='word_1_101' title='bbox 945 1667 989 1730; x_wconf 88' lang='grc' dir='ltr'>έτι</span> <span class='ocrx_word' id='word_1_102' title='bbox 1013 1677 1066 1730; x_wconf 87' lang='grc' dir='ltr'>νῦν</span> <span class='ocrx_word' id='word_1_103' title='bbox 1094 1667 1260 1752; x_wconf 72' lang='grc' dir='ltr'>λέγεσθαι.</span> <span class='ocrx_word' id='word_1_104' title='bbox 1308 1669 1354 1748; x_wconf 85' lang='grc' dir='ltr'>οίς</span> 
     </span>
     <span class='ocr_line' id='line_1_14' title="bbox 170 1768 1353 1860; baseline 0.003 -26"><span class='ocrx_word' id='word_1_105' title='bbox 170 1773 223 1834; x_wconf 86' lang='grc' dir='ltr'>καί</span> <span class='ocrx_word' id='word_1_106' title='bbox 248 1771 419 1855; x_wconf 82' lang='grc' dir='ltr'>ἀναγκαῖον</span> <span class='ocrx_word' id='word_1_107' title='bbox 442 1768 607 1852; x_wconf 77' lang='grc' dir='ltr'>προσέχειν</span> <span class='ocrx_word' id='word_1_108' title='bbox 630 1771 683 1832; x_wconf 81' lang='grc' dir='ltr'>τόν</span> <span class='ocrx_word' id='word_1_109' title='bbox 706 1778 794 1831; x_wconf 83' lang='grc' dir='ltr'>νοῦν·</span> <span class='ocrx_word' id='word_1_110' title='bbox 819 1769 902 1845; x_wconf 83' lang='grc' dir='ltr'>εἰκός</span> <span class='ocrx_word' id='word_1_111' title='bbox 924 1772 986 1853; x_wconf 83' lang='grc' dir='ltr'>γὰρ</span> <span class='ocrx_word' id='word_1_112' title='bbox 1010 1774 1063 1836; x_wconf 82' lang='grc' dir='ltr'>τόν</span> <span class='ocrx_word' id='word_1_113' title='bbox 1086 1773 1242 1857; x_wconf 79' lang='grc' dir='ltr'>δεύτερον,</span> <span class='ocrx_word' id='word_1_114' title='bbox 1267 1776 1296 1839; x_wconf 88' lang='grc' dir='ltr'>εί</span> <span class='ocrx_word' id='word_1_115' title='bbox 1311 1776 1353 1860; x_wconf 80' lang='grc' dir='ltr'>μή</span> 
     </span>
     <span class='ocr_line' id='line_1_15' title="bbox 171 1871 1353 1962; baseline 0.005 -24"><span class='ocrx_word' id='word_1_116' title='bbox 171 1896 215 1951; x_wconf 91' lang='grc' dir='ltr'>τις</span> <span class='ocrx_word' id='word_1_117' title='bbox 249 1873 356 1940; x_wconf 76' lang='grc' dir='ltr'>ἐθέλοι</span> <span class='ocrx_word' id='word_1_118' title='bbox 389 1875 441 1937; x_wconf 86' lang='grc' dir='ltr'>τόν</span> <span class='ocrx_word' id='word_1_119' title='bbox 474 1884 614 1956; x_wconf 84' lang='grc' dir='ltr'>πρῶτον,</span> <span class='ocrx_word' id='word_1_120' title='bbox 648 1874 703 1956; x_wconf 78' lang='grc' dir='ltr'>τὴν</span> <span class='ocrx_word' id='word_1_121' title='bbox 735 1871 784 1935; x_wconf 83' lang='grc' dir='ltr'>ἐπ’</span> <span class='ocrx_word' id='word_1_122' title='bbox 819 1873 971 1957; x_wconf 80' lang='grc' dir='ltr'>ὀνόματος</span> <span class='ocrx_word' id='word_1_123' title='bbox 1007 1877 1179 1962; x_wconf 79' lang='grc' dir='ltr'>φερομένην</span> <span class='ocrx_word' id='word_1_124' title='bbox 1202 1877 1353 1944; x_wconf 78' lang='grc' dir='ltr'>Ἰωάννου</span> 
     </span>
     <span class='ocr_line' id='line_1_16' title="bbox 133 1977 1354 2065; baseline 0.004 -22"><span class='ocrx_word' id='word_1_125' title='bbox 133 1997 157 2036; x_wconf 79' lang='lat'>1⁶</span> <span class='ocrx_word' id='word_1_126' title='bbox 172 1979 388 2062; x_wconf 80' lang='grc' dir='ltr'>Ἀποκοίλυψιν</span> <span class='ocrx_word' id='word_1_127' title='bbox 405 1978 586 2061; x_wconf 87' lang='grc' dir='ltr'>ἑωρακέναι.</span> <span class='ocrx_word' id='word_1_128' title='bbox 633 1980 661 2043; x_wconf 81' lang='lat'>7.</span> <span class='ocrx_word' id='word_1_129' title='bbox 686 1979 739 2039; x_wconf 83' lang='grc' dir='ltr'>καί</span> <span class='ocrx_word' id='word_1_130' title='bbox 763 1977 779 2040; x_wconf 91' lang='grc' dir='ltr'>ό</span> <span class='ocrx_word' id='word_1_131' title='bbox 795 1987 849 2041; x_wconf 81' lang='grc' dir='ltr'>νῦν</span> <span class='ocrx_word' id='word_1_132' title='bbox 872 1978 907 2041; x_wconf 84' lang='grc' dir='ltr'>δὲ</span> <span class='ocrx_word' id='word_1_133' title='bbox 922 1978 994 2062; x_wconf 72' lang='grc' dir='ltr'>ἡμῖν</span> <span class='ocrx_word' id='word_1_134' title='bbox 1019 1980 1209 2065; x_wconf 80' lang='grc' dir='ltr'>δηλοόμενος</span> <span class='ocrx_word' id='word_1_135' title='bbox 1225 1981 1354 2061; x_wconf 81' lang='grc' dir='ltr'>Παπίας</span> 
     </span>
    </p>
   </div>
   <div class='ocr_carea' id='block_1_3' title="bbox 169 2115 1359 4362">
    <p class='ocr_par' dir='ltr' id='par_1_3' title="bbox 169 2115 1359 4362">
     <span class='ocr_line' id='line_1_17' title="bbox 171 2115 1354 2191; baseline 0.005 -19"><span class='ocrx_word' id='word_1_136' title='bbox 171 2134 254 2187; x_wconf 88' lang='lat' dir='ltr'>opere</span> <span class='ocrx_word' id='word_1_137' title='bbox 266 2116 372 2187; x_wconf 77' lang='lat' dir='ltr'>Papiae</span> <span class='ocrx_word' id='word_1_138' title='bbox 390 2119 420 2169; x_wconf 90' lang='lat' dir='ltr'>et</span> <span class='ocrx_word' id='word_1_139' title='bbox 437 2115 591 2170; x_wconf 79' lang='lat' dir='ltr'>traditione</span> <span class='ocrx_word' id='word_1_140' title='bbox 608 2116 675 2169; x_wconf 88' lang='lat' dir='ltr'>huic</span> <span class='ocrx_word' id='word_1_141' title='bbox 693 2134 744 2185; x_wconf 86' lang='lat' dir='ltr'>per</span> <span class='ocrx_word' id='word_1_142' title='bbox 756 2116 759 2185; x_wconf 79' lang='grc' dir='ltr'>ί</span> <span class='ocrx_word' id='word_1_143' title='bbox 771 2117 846 2171; x_wconf 89' lang='lat' dir='ltr'>mine</span> <span class='ocrx_word' id='word_1_144' title='bbox 865 2118 1048 2191; x_wconf 62' lang='grc' dir='ltr'>πρεσβύτεροι</span> <span class='ocrx_word' id='word_1_145' title='bbox 1073 2117 1213 2188; x_wconf 80' lang='lat' dir='ltr'>designat.</span> <span class='ocrx_word' id='word_1_146' title='bbox 1253 2123 1354 2190; x_wconf 88' lang='lat' dir='ltr'>Itaque</span> 
     </span>
     <span class='ocr_line' id='line_1_18' title="bbox 169 2196 1354 2279; baseline 0.007 -22"><span class='ocrx_word' id='word_1_147' title='bbox 169 2204 341 2258; x_wconf 87' lang='lat' dir='ltr'>Aristionem</span> <span class='ocrx_word' id='word_1_148' title='bbox 378 2203 585 2258; x_wconf 84' lang='lat' dir='ltr'>communicata</span> <span class='ocrx_word' id='word_1_149' title='bbox 622 2203 743 2259; x_wconf 83' lang='lat' dir='ltr'>fluxisse.</span> <span class='ocrx_word' id='word_1_150' title='bbox 756 2196 759 2249; x_wconf 75' lang='grc' dir='ltr'><strong>ἶ</strong></span> <span class='ocrx_word' id='word_1_151' title='bbox 771 2204 874 2274; x_wconf 88' lang='lat' dir='ltr'>Papias</span> <span class='ocrx_word' id='word_1_152' title='bbox 888 2204 1021 2258; x_wconf 88' lang='lat' dir='ltr'>Ioannem</span> <span class='ocrx_word' id='word_1_153' title='bbox 1031 2205 1222 2279; x_wconf 69' lang='grc' dir='ltr'>πρεσβύτερον</span> <span class='ocrx_word' id='word_1_154' title='bbox 1231 2207 1279 2261; x_wconf 82' lang='lat' dir='ltr'>bis</span> <span class='ocrx_word' id='word_1_155' title='bbox 1291 2227 1354 2279; x_wconf 86' lang='lat' dir='ltr'>pro·</span> 
     </span>
     <span class='ocr_line' id='line_1_19' title="bbox 171 2290 1354 2363; baseline 0.005 -18"><span class='ocrx_word' id='word_1_156' title='bbox 171 2291 317 2345; x_wconf 70' lang='lat' dir='ltr'>Sententia</span> <span class='ocrx_word' id='word_1_157' title='bbox 350 2290 415 2344; x_wconf 91' lang='lat' dir='ltr'>inde</span> <span class='ocrx_word' id='word_1_158' title='bbox 445 2290 566 2345; x_wconf 84' lang='lat' dir='ltr'>maxime</span> <span class='ocrx_word' id='word_1_159' title='bbox 596 2291 743 2361; x_wconf 82' lang='lat' dir='ltr'>dependet,</span> <span class='ocrx_word' id='word_1_160' title='bbox 772 2292 836 2354; x_wconf 82' lang='lat' dir='ltr'>fert,</span> <span class='ocrx_word' id='word_1_161' title='bbox 847 2308 966 2359; x_wconf 75' lang='lat' dir='ltr'>euinque</span> <span class='ocrx_word' id='word_1_162' title='bbox 979 2290 1073 2360; x_wconf 85' lang='lat' dir='ltr'>spatio</span> <span class='ocrx_word' id='word_1_163' title='bbox 1087 2292 1189 2363; x_wconf 81' lang='lat' dir='ltr'>exiguo</span> <span class='ocrx_word' id='word_1_164' title='bbox 1200 2293 1354 2351; x_wconf 77' lang='lat' dir='ltr'>interiecto</span> 
     </span>
     <span class='ocr_line' id='line_1_20' title="bbox 170 2376 1354 2448; baseline 0.006 -17"><span class='ocrx_word' id='word_1_165' title='bbox 170 2396 238 2432; x_wconf 90' lang='lat' dir='ltr'>num</span> <span class='ocrx_word' id='word_1_166' title='bbox 249 2376 391 2448; x_wconf 86' lang='lat' dir='ltr'>particula</span> <span class='ocrx_word' id='word_1_167' title='bbox 402 2378 487 2431; x_wconf 88' lang='lat' dir='ltr'>Mare.</span> <span class='ocrx_word' id='word_1_168' title='bbox 501 2379 539 2439; x_wconf 87' lang='grc'>16,</span> <span class='ocrx_word' id='word_1_169' title='bbox 550 2378 637 2432; x_wconf 82' lang='grc'>9-20</span> <span class='ocrx_word' id='word_1_170' title='bbox 656 2378 744 2433; x_wconf 88' lang='lat' dir='ltr'>Marci</span> <span class='ocrx_word' id='word_1_171' title='bbox 771 2394 827 2430; x_wconf 92' lang='lat' dir='ltr'>non</span> <span class='ocrx_word' id='word_1_172' title='bbox 836 2376 1082 2447; x_wconf 86' lang='lat' dir='ltr'>duosvirosplane</span> <span class='ocrx_word' id='word_1_173' title='bbox 1091 2378 1354 2438; x_wconf 81' lang='lat' dir='ltr'>eisdemverbisde·</span> 
     </span>
     <span class='ocr_line' id='line_1_21' title="bbox 172 2463 1354 2534; baseline 0.004 -15"><span class='ocrx_word' id='word_1_174' title='bbox 172 2464 362 2534; x_wconf 82' lang='lat' dir='ltr'>evangelistae</span> <span class='ocrx_word' id='word_1_175' title='bbox 380 2464 425 2528; x_wconf 83' lang='lat' dir='ltr'>sit,</span> <span class='ocrx_word' id='word_1_176' title='bbox 446 2464 550 2532; x_wconf 84' lang='lat' dir='ltr'>deque</span> <span class='ocrx_word' id='word_1_177' title='bbox 567 2481 597 2519; x_wconf 89' lang='lat' dir='ltr'>re</span> <span class='ocrx_word' id='word_1_178' title='bbox 609 2465 743 2528; x_wconf 86' lang='lat' dir='ltr'>iudicent,</span> <span class='ocrx_word' id='word_1_179' title='bbox 770 2464 869 2517; x_wconf 82' lang='lat' dir='ltr'>notare</span> <span class='ocrx_word' id='word_1_180' title='bbox 878 2464 1012 2532; x_wconf 86' lang='lat' dir='ltr'>potuerit,</span> <span class='ocrx_word' id='word_1_181' title='bbox 1026 2463 1100 2519; x_wconf 88' lang='lat' dir='ltr'>siout</span> <span class='ocrx_word' id='word_1_182' title='bbox 1108 2465 1204 2534; x_wconf 88' lang='lat' dir='ltr'>priore</span> <span class='ocrx_word' id='word_1_183' title='bbox 1215 2467 1260 2523; x_wconf 85' lang='lat' dir='ltr'>ita</span> <span class='ocrx_word' id='word_1_184' title='bbox 1268 2470 1354 2524; x_wconf 83' lang='lat' dir='ltr'>etiam</span> 
     </span>
     <span class='ocr_line' id='line_1_22' title="bbox 171 2550 1354 2622; baseline 0.004 -16"><span class='ocrx_word' id='word_1_185' title='bbox 171 2569 258 2622; x_wconf 90' lang='lat' dir='ltr'>penes</span> <span class='ocrx_word' id='word_1_186' title='bbox 271 2570 341 2620; x_wconf 86' lang='lat' dir='ltr'>quos</span> <span class='ocrx_word' id='word_1_187' title='bbox 353 2551 488 2606; x_wconf 88' lang='lat' dir='ltr'>iudicium</span> <span class='ocrx_word' id='word_1_188' title='bbox 501 2556 551 2606; x_wconf 88' lang='lat' dir='ltr'>est.</span> <span class='ocrx_word' id='word_1_189' title='bbox 575 2551 651 2605; x_wconf 85' lang='lat' dir='ltr'>Zahn</span> <span class='ocrx_word' id='word_1_190' title='bbox 664 2570 744 2622; x_wconf 87' lang='lat' dir='ltr'>prae·</span> <span class='ocrx_word' id='word_1_191' title='bbox 771 2551 894 2605; x_wconf 86' lang='lat' dir='ltr'>secundo</span> <span class='ocrx_word' id='word_1_192' title='bbox 913 2550 975 2606; x_wconf 87' lang='lat' dir='ltr'>loeo</span> <span class='ocrx_word' id='word_1_193' title='bbox 994 2552 1029 2605; x_wconf 93' lang='lat' dir='ltr'>de</span> <span class='ocrx_word' id='word_1_194' title='bbox 1047 2552 1177 2620; x_wconf 87' lang='lat' dir='ltr'>apostolo</span> <span class='ocrx_word' id='word_1_195' title='bbox 1191 2553 1302 2610; x_wconf 81' lang='lat' dir='ltr'>Ioanne</span> <span class='ocrx_word' id='word_1_196' title='bbox 1314 2557 1354 2612; x_wconf 92' lang='lat' dir='ltr'>lo·</span> 
     </span>
     <span class='ocr_line' id='line_1_23' title="bbox 170 2636 1354 2707; baseline 0.002 -13"><span class='ocrx_word' id='word_1_197' title='bbox 170 2643 249 2694; x_wconf 85' lang='lat' dir='ltr'>terea</span> <span class='ocrx_word' id='word_1_198' title='bbox 261 2638 380 2707; x_wconf 88' lang='lat' dir='ltr'>Papiam</span> <span class='ocrx_word' id='word_1_199' title='bbox 399 2640 485 2694; x_wconf 88' lang='lat' dir='ltr'>etiam</span> <span class='ocrx_word' id='word_1_200' title='bbox 503 2640 693 2694; x_wconf 76' lang='lat' dir='ltr'>narrationem</span> <span class='ocrx_word' id='word_1_201' title='bbox 710 2639 743 2693; x_wconf 89' lang='lat' dir='ltr'>de</span> <span class='ocrx_word' id='word_1_202' title='bbox 771 2636 821 2704; x_wconf 90' lang='lat' dir='ltr'>qui</span> <span class='ocrx_word' id='word_1_203' title='bbox 839 2637 993 2692; x_wconf 89' lang='lat' dir='ltr'>censendus</span> <span class='ocrx_word' id='word_1_204' title='bbox 1013 2643 1062 2692; x_wconf 83' lang='lat' dir='ltr'>est.</span> <span class='ocrx_word' id='word_1_205' title='bbox 1100 2638 1232 2693; x_wconf 81' lang='lat' dir='ltr'>Scribens</span> <span class='ocrx_word' id='word_1_206' title='bbox 1257 2647 1354 2698; x_wconf 87' lang='lat' dir='ltr'>autem</span> 
     </span>
     <span class='ocr_line' id='line_1_24' title="bbox 171 2725 1355 2800; baseline 0.006 -21"><span class='ocrx_word' id='word_1_207' title='bbox 171 2726 278 2780; x_wconf 84' lang='lat' dir='ltr'>femina</span> <span class='ocrx_word' id='word_1_208' title='bbox 302 2727 461 2796; x_wconf 85' lang='lat' dir='ltr'>peccatrice</span> <span class='ocrx_word' id='word_1_209' title='bbox 484 2726 529 2781; x_wconf 83' lang='lat' dir='ltr'>vel</span> <span class='ocrx_word' id='word_1_210' title='bbox 550 2726 678 2782; x_wconf 87' lang='lat' dir='ltr'>adultera</span> <span class='ocrx_word' id='word_1_211' title='bbox 696 2728 742 2795; x_wconf 88' lang='lat' dir='ltr'>(ef.</span> <span class='ocrx_word' id='word_1_212' title='bbox 772 2726 919 2781; x_wconf 81' lang='lat' dir='ltr'>distmcte:</span> <span class='ocrx_word' id='word_1_213' title='bbox 946 2730 992 2782; x_wconf 84' lang='grc' dir='ltr'>καί</span> <span class='ocrx_word' id='word_1_214' title='bbox 1011 2725 1027 2782; x_wconf 88' lang='grc' dir='ltr'>ό</span> <span class='ocrx_word' id='word_1_215' title='bbox 1045 2727 1237 2800; x_wconf 81' lang='grc' dir='ltr'>πρεσβύτερος</span> <span class='ocrx_word' id='word_1_216' title='bbox 1259 2732 1355 2788; x_wconf 62' lang='lat' dir='ltr'>&#39;lade</span> 
     </span>
     <span class='ocr_line' id='line_1_25' title="bbox 170 2813 1354 2883; baseline 0.003 -16"><span class='ocrx_word' id='word_1_217' title='bbox 170 2813 245 2867; x_wconf 83' lang='lat' dir='ltr'>infra</span> <span class='ocrx_word' id='word_1_218' title='bbox 263 2832 287 2867; x_wconf 90' lang='grc' dir='ltr'>ν.</span> <span class='ocrx_word' id='word_1_219' title='bbox 309 2815 352 2881; x_wconf 86' lang='grc'>16)</span> <span class='ocrx_word' id='word_1_220' title='bbox 378 2815 413 2868; x_wconf 83' lang='lat' dir='ltr'>ab</span> <span class='ocrx_word' id='word_1_221' title='bbox 439 2813 580 2868; x_wconf 85' lang='lat' dir='ltr'>Aristioue</span> <span class='ocrx_word' id='word_1_222' title='bbox 603 2813 744 2882; x_wconf 86' lang='lat' dir='ltr'>accepisse</span> <span class='ocrx_word' id='word_1_223' title='bbox 772 2813 954 2882; x_wconf 53' lang='lat' dir='ltr'>rnniudicat,</span> <span class='ocrx_word' id='word_1_224' title='bbox 969 2814 1129 2883; x_wconf 85' lang='lat' dir='ltr'>apostolum</span> <span class='ocrx_word' id='word_1_225' title='bbox 1142 2815 1281 2871; x_wconf 85' lang='lat' dir='ltr'>loannem</span> <span class='ocrx_word' id='word_1_226' title='bbox 1291 2818 1354 2876; x_wconf 77' lang='grc' dir='ltr'>κατ’</span> 
     </span>
     <span class='ocr_line' id='line_1_26' title="bbox 171 2898 1353 2978; baseline 0.003 -21"><span class='ocrx_word' id='word_1_227' title='bbox 171 2903 316 2972; x_wconf 85' lang='lat' dir='ltr'>opinatur,</span> <span class='ocrx_word' id='word_1_228' title='bbox 345 2901 442 2955; x_wconf 89' lang='lat' dir='ltr'>sedet</span> <span class='ocrx_word' id='word_1_229' title='bbox 467 2899 559 2963; x_wconf 86' lang='lat' dir='ltr'>addit,</span> <span class='ocrx_word' id='word_1_230' title='bbox 589 2900 744 2954; x_wconf 79' lang='lat' dir='ltr'>debuere</span> <span class='ocrx_word' id='word_1_231' title='bbox 771 2898 868 2973; x_wconf 77' lang='grc' dir='ltr'>ἐξοχὴν</span> <span class='ocrx_word' id='word_1_232' title='bbox 888 2918 905 2954; x_wconf 91' lang='lat' dir='ltr'>a</span> <span class='ocrx_word' id='word_1_233' title='bbox 923 2904 981 2956; x_wconf 87' lang='lat' dir='ltr'>suis</span> <span class='ocrx_word' id='word_1_234' title='bbox 1007 2904 1199 2978; x_wconf 73' lang='grc' dir='ltr'>πρεσβύτερον</span> <span class='ocrx_word' id='word_1_235' title='bbox 1226 2904 1353 2976; x_wconf 86' lang='lat' dir='ltr'>appella·</span> 
     </span>
     <span class='ocr_line' id='line_1_27' title="bbox 170 2987 1353 3057; baseline 0.003 -15"><span class='ocrx_word' id='word_1_236' title='bbox 170 2989 243 3043; x_wconf 90' lang='lat' dir='ltr'>nihil</span> <span class='ocrx_word' id='word_1_237' title='bbox 270 2989 339 3042; x_wconf 82' lang='lat' dir='ltr'>certi</span> <span class='ocrx_word' id='word_1_238' title='bbox 369 2987 425 3041; x_wconf 89' lang='lat' dir='ltr'>diei</span> <span class='ocrx_word' id='word_1_239' title='bbox 452 3004 543 3057; x_wconf 89' lang='lat' dir='ltr'>posse.</span> <span class='ocrx_word' id='word_1_240' title='bbox 589 2987 630 3042; x_wconf 86' lang='lat' dir='ltr'>cf.</span> <span class='ocrx_word' id='word_1_241' title='bbox 659 2987 743 3050; x_wconf 91' lang='lat' dir='ltr'>Zahn,</span> <span class='ocrx_word' id='word_1_242' title='bbox 770 2991 831 3041; x_wconf 92' lang='lat' dir='ltr'>tum</span> <span class='ocrx_word' id='word_1_243' title='bbox 850 2987 943 3053; x_wconf 86' lang='lat' dir='ltr'>fuisse,</span> <span class='ocrx_word' id='word_1_244' title='bbox 965 2992 994 3043; x_wconf 90' lang='lat' dir='ltr'>et</span> <span class='ocrx_word' id='word_1_245' title='bbox 1011 2990 1089 3044; x_wconf 88' lang='lat' dir='ltr'>loeus</span> <span class='ocrx_word' id='word_1_246' title='bbox 1115 2992 1250 3046; x_wconf 78' lang='lat' dir='ltr'>scemate</span> <span class='ocrx_word' id='word_1_247' title='bbox 1268 2992 1353 3046; x_wconf 85' lang='lat' dir='ltr'>inter·</span> 
     </span>
     <span class='ocr_line' id='line_1_28' title="bbox 170 3074 1354 3146; baseline 0.003 -15"><span class='ocrx_word' id='word_1_248' title='bbox 170 3077 366 3145; x_wconf 71' lang='lat' dir='ltr'>Forsehuapen</span> <span class='ocrx_word' id='word_1_249' title='bbox 375 3075 422 3138; x_wconf 90' lang='lat' dir='ltr'>VI,</span> <span class='ocrx_word' id='word_1_250' title='bbox 433 3074 743 3146; x_wconf 81' lang='grc' dir='ltr'>217-220.-ὁπρεσ-</span> <span class='ocrx_word' id='word_1_251' title='bbox 770 3074 924 3143; x_wconf 62' lang='lat' dir='ltr'>precandus</span> <span class='ocrx_word' id='word_1_252' title='bbox 953 3080 1010 3130; x_wconf 87' lang='lat' dir='ltr'>est:</span> <span class='ocrx_word' id='word_1_253' title='bbox 1041 3081 1070 3132; x_wconf 88' lang='lat' dir='ltr'>ct</span> <span class='ocrx_word' id='word_1_254' title='bbox 1098 3077 1211 3141; x_wconf 83' lang='lat' dir='ltr'>senior,</span> <span class='ocrx_word' id='word_1_255' title='bbox 1242 3078 1354 3134; x_wconf 83' lang='lat' dir='ltr'>seilicet</span> 
     </span>
     <span class='ocr_line' id='line_1_29' title="bbox 169 3160 1354 3238; baseline 0.002 -19"><span class='ocrx_word' id='word_1_256' title='bbox 169 3164 285 3238; x_wconf 79' lang='grc' dir='ltr'>βίτερος</span> <span class='ocrx_word' id='word_1_257' title='bbox 313 3162 452 3233; x_wconf 81' lang='grc' dir='ltr'>Ἰωάννης]</span> <span class='ocrx_word' id='word_1_258' title='bbox 481 3160 618 3215; x_wconf 77' lang='lat' dir='ltr'>Eusebius</span> <span class='ocrx_word' id='word_1_259' title='bbox 646 3164 693 3229; x_wconf 86' lang='lat' dir='ltr'>(ef.</span> <span class='ocrx_word' id='word_1_260' title='bbox 718 3181 743 3216; x_wconf 89' lang='grc' dir='ltr'>ν.</span> <span class='ocrx_word' id='word_1_261' title='bbox 771 3162 840 3231; x_wconf 75' lang='lat' dir='ltr'>(veh</span> <span class='ocrx_word' id='word_1_262' title='bbox 869 3161 919 3229; x_wconf 85' lang='lat' dir='ltr'>qui</span> <span class='ocrx_word' id='word_1_263' title='bbox 936 3166 1065 3234; x_wconf 81' lang='lat' dir='ltr'>vocatur)</span> <span class='ocrx_word' id='word_1_264' title='bbox 1092 3164 1222 3219; x_wconf 83' lang='lat' dir='ltr'>Ioannes.</span> <span class='ocrx_word' id='word_1_265' title='bbox 1263 3168 1354 3236; x_wconf 78' lang='lat' dir='ltr'>Argu-</span> 
     </span>
     <span class='ocr_line' id='line_1_30' title="bbox 170 3248 1353 3318; baseline 0.001 -14"><span class='ocrx_word' id='word_1_266' title='bbox 170 3250 250 3318; x_wconf 83' lang='grc'>5-7)</span> <span class='ocrx_word' id='word_1_267' title='bbox 269 3250 316 3304; x_wconf 89' lang='lat' dir='ltr'>hic</span> <span class='ocrx_word' id='word_1_268' title='bbox 334 3249 565 3303; x_wconf 87' lang='lat' dir='ltr'>aliumloannem</span> <span class='ocrx_word' id='word_1_269' title='bbox 579 3252 665 3315; x_wconf 90' lang='lat' dir='ltr'>atque</span> <span class='ocrx_word' id='word_1_270' title='bbox 678 3264 744 3316; x_wconf 87' lang='lat' dir='ltr'>apo·</span> <span class='ocrx_word' id='word_1_271' title='bbox 771 3254 873 3311; x_wconf 85' lang='lat' dir='ltr'>menta,</span> <span class='ocrx_word' id='word_1_272' title='bbox 892 3248 995 3316; x_wconf 86' lang='lat' dir='ltr'>quibua</span> <span class='ocrx_word' id='word_1_273' title='bbox 1014 3250 1151 3305; x_wconf 80' lang='lat' dir='ltr'>Eusebius</span> <span class='ocrx_word' id='word_1_274' title='bbox 1179 3252 1353 3307; x_wconf 83' lang='lat' dir='ltr'>senteutiam</span> 
     </span>
     <span class='ocr_line' id='line_1_31' title="bbox 171 3336 1353 3405; baseline 0.004 -16"><span class='ocrx_word' id='word_1_275' title='bbox 171 3336 276 3391; x_wconf 87' lang='lat' dir='ltr'>stolum</span> <span class='ocrx_word' id='word_1_276' title='bbox 289 3337 502 3391; x_wconf 90' lang='lat' dir='ltr'>commemorari</span> <span class='ocrx_word' id='word_1_277' title='bbox 515 3336 631 3400; x_wconf 87' lang='lat' dir='ltr'>censuit,</span> <span class='ocrx_word' id='word_1_278' title='bbox 645 3337 743 3404; x_wconf 88' lang='lat' dir='ltr'>etple-</span> <span class='ocrx_word' id='word_1_279' title='bbox 772 3354 850 3390; x_wconf 85' lang='lat' dir='ltr'>suum</span> <span class='ocrx_word' id='word_1_280' title='bbox 870 3337 987 3405; x_wconf 86' lang='lat' dir='ltr'>probat,</span> <span class='ocrx_word' id='word_1_281' title='bbox 1014 3354 1070 3390; x_wconf 91' lang='lat' dir='ltr'>non</span> <span class='ocrx_word' id='word_1_282' title='bbox 1089 3340 1153 3391; x_wconf 87' lang='lat' dir='ltr'>sunt</span> <span class='ocrx_word' id='word_1_283' title='bbox 1172 3336 1291 3402; x_wconf 86' lang='lat' dir='ltr'>idonea,</span> <span class='ocrx_word' id='word_1_284' title='bbox 1312 3344 1353 3394; x_wconf 85' lang='lat' dir='ltr'>at-</span> 
     </span>
     <span class='ocr_line' id='line_1_32' title="bbox 170 3422 1354 3491; baseline 0.001 -13"><span class='ocrx_word' id='word_1_285' title='bbox 170 3424 250 3491; x_wconf 91' lang='lat' dir='ltr'>rique</span> <span class='ocrx_word' id='word_1_286' title='bbox 269 3441 332 3478; x_wconf 92' lang='lat' dir='ltr'>eum</span> <span class='ocrx_word' id='word_1_287' title='bbox 358 3422 446 3478; x_wconf 83' lang='lat' dir='ltr'>secuti</span> <span class='ocrx_word' id='word_1_288' title='bbox 464 3426 542 3486; x_wconf 84' lang='lat' dir='ltr'>sunt,</span> <span class='ocrx_word' id='word_1_289' title='bbox 568 3422 634 3477; x_wconf 87' lang='lat' dir='ltr'>olim</span> <span class='ocrx_word' id='word_1_290' title='bbox 658 3424 745 3477; x_wconf 84' lang='lat' dir='ltr'>etiam</span> <span class='ocrx_word' id='word_1_291' title='bbox 772 3440 826 3491; x_wconf 90' lang='lat' dir='ltr'>que</span> <span class='ocrx_word' id='word_1_292' title='bbox 844 3424 879 3477; x_wconf 92' lang='lat' dir='ltr'>de</span> <span class='ocrx_word' id='word_1_293' title='bbox 891 3426 984 3477; x_wconf 86' lang='lat' dir='ltr'>cetero</span> <span class='ocrx_word' id='word_1_294' title='bbox 1003 3423 1147 3478; x_wconf 88' lang='lat' dir='ltr'>inhaere</span> <span class='ocrx_word' id='word_1_295' title='bbox 1166 3441 1225 3478; x_wconf 89' lang='lat' dir='ltr'>uon</span> <span class='ocrx_word' id='word_1_296' title='bbox 1244 3426 1354 3479; x_wconf 84' lang='lat' dir='ltr'>estfide</span> 
     </span>
     <span class='ocr_line' id='line_1_33' title="bbox 171 3510 1354 3581; baseline 0.002 -17"><span class='ocrx_word' id='word_1_297' title='bbox 171 3527 231 3581; x_wconf 79' lang='lat' dir='ltr'>ego.</span> <span class='ocrx_word' id='word_1_298' title='bbox 272 3510 473 3580; x_wconf 79' lang='lat' dir='ltr'>Fragmentum</span> <span class='ocrx_word' id='word_1_299' title='bbox 500 3511 590 3565; x_wconf 89' lang='lat' dir='ltr'>denuo</span> <span class='ocrx_word' id='word_1_300' title='bbox 617 3513 744 3565; x_wconf 84' lang='lat' dir='ltr'>tractans</span> <span class='ocrx_word' id='word_1_301' title='bbox 773 3510 882 3581; x_wconf 83' lang='lat' dir='ltr'>dignus,</span> <span class='ocrx_word' id='word_1_302' title='bbox 902 3526 965 3563; x_wconf 89' lang='lat' dir='ltr'>cum</span> <span class='ocrx_word' id='word_1_303' title='bbox 978 3510 1130 3564; x_wconf 83' lang='lat' dir='ltr'>manifesto</span> <span class='ocrx_word' id='word_1_304' title='bbox 1148 3510 1179 3564; x_wconf 89' lang='lat' dir='ltr'>id</span> <span class='ocrx_word' id='word_1_305' title='bbox 1193 3515 1303 3581; x_wconf 81' lang='lat' dir='ltr'>ageret,</span> <span class='ocrx_word' id='word_1_306' title='bbox 1322 3515 1354 3566; x_wconf 89' lang='lat' dir='ltr'>ut</span> 
     </span>
     <span class='ocr_line' id='line_1_34' title="bbox 172 3596 1354 3667; baseline -0.001 -15"><span class='ocrx_word' id='word_1_307' title='bbox 172 3599 207 3652; x_wconf 89' lang='lat' dir='ltr'>ad</span> <span class='ocrx_word' id='word_1_308' title='bbox 235 3597 405 3653; x_wconf 85' lang='lat' dir='ltr'>sententiam</span> <span class='ocrx_word' id='word_1_309' title='bbox 432 3614 528 3652; x_wconf 89' lang='lat' dir='ltr'>eorum</span> <span class='ocrx_word' id='word_1_310' title='bbox 557 3597 676 3660; x_wconf 82' lang='lat' dir='ltr'>accedo,</span> <span class='ocrx_word' id='word_1_311' title='bbox 696 3598 744 3665; x_wconf 89' lang='lat' dir='ltr'>qui</span> <span class='ocrx_word' id='word_1_312' title='bbox 773 3600 933 3667; x_wconf 87' lang='lat' dir='ltr'>apostolum</span> <span class='ocrx_word' id='word_1_313' title='bbox 941 3596 1075 3650; x_wconf 87' lang='lat' dir='ltr'>Ioannem</span> <span class='ocrx_word' id='word_1_314' title='bbox 1083 3596 1354 3667; x_wconf 75' lang='lat' dir='ltr'>nequemagistrom</span> 
     </span>
     <span class='ocr_line' id='line_1_35' title="bbox 170 3683 1354 3754; baseline -0.003 -16"><span class='ocrx_word' id='word_1_315' title='bbox 170 3684 288 3754; x_wconf 76' lang='lat' dir='ltr'>Papiam</span> <span class='ocrx_word' id='word_1_316' title='bbox 313 3685 415 3738; x_wconf 84' lang='lat' dir='ltr'>iterum</span> <span class='ocrx_word' id='word_1_317' title='bbox 434 3683 468 3737; x_wconf 90' lang='lat' dir='ltr'>de</span> <span class='ocrx_word' id='word_1_318' title='bbox 493 3684 621 3752; x_wconf 87' lang='lat' dir='ltr'>apostolo</span> <span class='ocrx_word' id='word_1_319' title='bbox 640 3686 745 3739; x_wconf 91' lang='lat' dir='ltr'>Ioanne</span> <span class='ocrx_word' id='word_1_320' title='bbox 772 3684 878 3752; x_wconf 86' lang='lat' dir='ltr'>Papiae</span> <span class='ocrx_word' id='word_1_321' title='bbox 896 3699 988 3750; x_wconf 87' lang='lat' dir='ltr'>neque</span> <span class='ocrx_word' id='word_1_322' title='bbox 1007 3686 1150 3738; x_wconf 86' lang='lat' dir='ltr'>auctorem</span> <span class='ocrx_word' id='word_1_323' title='bbox 1164 3683 1354 3753; x_wconf 82' lang='lat' dir='ltr'>Apocalypsis</span> 
     </span>
     <span class='ocr_line' id='line_1_36' title="bbox 170 3768 1354 3837; baseline 0.004 -16"><span class='ocrx_word' id='word_1_324' title='bbox 170 3768 249 3837; x_wconf 89' lang='lat' dir='ltr'>loqui</span> <span class='ocrx_word' id='word_1_325' title='bbox 278 3771 414 3826; x_wconf 84' lang='lat' dir='ltr'>iudicant.</span> <span class='ocrx_word' id='word_1_326' title='bbox 451 3769 512 3824; x_wconf 88' lang='lat' dir='ltr'>Hoc</span> <span class='ocrx_word' id='word_1_327' title='bbox 541 3770 655 3836; x_wconf 91' lang='lat' dir='ltr'>quidem</span> <span class='ocrx_word' id='word_1_328' title='bbox 682 3770 744 3825; x_wconf 91' lang='lat' dir='ltr'>loeo</span> <span class='ocrx_word' id='word_1_329' title='bbox 772 3787 833 3825; x_wconf 85' lang='lat' dir='ltr'>esse</span> <span class='ocrx_word' id='word_1_330' title='bbox 846 3771 1061 3823; x_wconf 86' lang='lat' dir='ltr'>demonstraret.</span> <span class='ocrx_word' id='word_1_331' title='bbox 1082 3769 1223 3833; x_wconf 84' lang='lat' dir='ltr'>Cf.Zahn,</span> <span class='ocrx_word' id='word_1_332' title='bbox 1236 3771 1354 3826; x_wconf 69' lang='lat' dir='ltr'>Forscb</span> 
     </span>
     <span class='ocr_line' id='line_1_37' title="bbox 171 3855 1355 3929; baseline -0.001 -18"><span class='ocrx_word' id='word_1_333' title='bbox 171 3859 274 3927; x_wconf 84' lang='lat' dir='ltr'>Papias</span> <span class='ocrx_word' id='word_1_334' title='bbox 294 3858 437 3921; x_wconf 84' lang='lat' dir='ltr'>Ioannem,</span> <span class='ocrx_word' id='word_1_335' title='bbox 456 3860 489 3911; x_wconf 81' lang='lat' dir='ltr'>ut</span> <span class='ocrx_word' id='word_1_336' title='bbox 506 3856 643 3911; x_wconf 77' lang='lat' dir='ltr'>Eusebius</span> <span class='ocrx_word' id='word_1_337' title='bbox 662 3859 697 3929; x_wconf 87' lang='grc' dir='ltr'>(ν.</span> <span class='ocrx_word' id='word_1_338' title='bbox 716 3859 744 3929; x_wconf 80' lang='grc'>6)</span> <span class='ocrx_word' id='word_1_339' title='bbox 770 3855 914 3926; x_wconf 72' lang='lat' dir='ltr'>uapchl,</span> <span class='ocrx_word' id='word_1_340' title='bbox 928 3855 1355 3929; x_wconf 69' lang='lat' dir='ltr'>114-151.-10oxv010v]Re</span> 
     </span>
     <span class='ocr_line' id='line_1_38' title="bbox 172 3943 1355 4018; baseline -0.001 -21"><span class='ocrx_word' id='word_1_341' title='bbox 172 3944 248 4007; x_wconf 82' lang='lat' dir='ltr'>dicit,</span> <span class='ocrx_word' id='word_1_342' title='bbox 263 3943 366 3999; x_wconf 86' lang='lat' dir='ltr'>diserte</span> <span class='ocrx_word' id='word_1_343' title='bbox 378 3945 567 4018; x_wconf 79' lang='grc' dir='ltr'>πρεσβύτερον</span> <span class='ocrx_word' id='word_1_344' title='bbox 579 3949 676 4008; x_wconf 81' lang='lat' dir='ltr'>voeat;</span> <span class='ocrx_word' id='word_1_345' title='bbox 696 3946 745 3999; x_wconf 88' lang='lat' dir='ltr'>sed</span> <span class='ocrx_word' id='word_1_346' title='bbox 771 3943 1113 4008; x_wconf 77' lang='lat' dir='ltr'>nan,L’Antichrist1873</span> <span class='ocrx_word' id='word_1_347' title='bbox 1128 3961 1156 4012; x_wconf 84' lang='lat' dir='ltr'>p.</span> <span class='ocrx_word' id='word_1_348' title='bbox 1164 3944 1216 3997; x_wconf 82' lang='lat'>345</span> <span class='ocrx_word' id='word_1_349' title='bbox 1227 3944 1291 4006; x_wconf 64' lang='grc' dir='ltr'>αἳ,</span> <span class='ocrx_word' id='word_1_350' title='bbox 1307 3960 1355 3997; x_wconf 85' lang='grc' dir='ltr'>νο-</span> 
     </span>
     <span class='ocr_line' id='line_1_39' title="bbox 172 4030 1356 4101; baseline 0.001 -17"><span class='ocrx_word' id='word_1_351' title='bbox 172 4031 266 4095; x_wconf 70' lang='lat' dir='ltr'>cnam,</span> <span class='ocrx_word' id='word_1_352' title='bbox 279 4031 356 4099; x_wconf 92' lang='lat' dir='ltr'>quod</span> <span class='ocrx_word' id='word_1_353' title='bbox 367 4031 504 4085; x_wconf 89' lang='lat' dir='ltr'>Eusebius</span> <span class='ocrx_word' id='word_1_354' title='bbox 517 4049 573 4087; x_wconf 89' lang='lat' dir='ltr'>non</span> <span class='ocrx_word' id='word_1_355' title='bbox 586 4032 743 4086; x_wconf 86' lang='lat' dir='ltr'>considera·</span> <span class='ocrx_word' id='word_1_356' title='bbox 773 4032 904 4085; x_wconf 83' lang='lat' dir='ltr'>cabutam</span> <span class='ocrx_word' id='word_1_357' title='bbox 911 4038 1048 4101; x_wconf 80' lang='grc' dir='ltr'>μαθητῶν</span> <span class='ocrx_word' id='word_1_358' title='bbox 1055 4030 1284 4085; x_wconf 85' lang='lat' dir='ltr'>addendumesse</span> <span class='ocrx_word' id='word_1_359' title='bbox 1291 4047 1356 4085; x_wconf 86' lang='lat' dir='ltr'>een-</span> 
     </span>
     <span class='ocr_line' id='line_1_40' title="bbox 170 4117 1355 4186; baseline 0.001 -16"><span class='ocrx_word' id='word_1_360' title='bbox 170 4117 220 4179; x_wconf 81' lang='lat' dir='ltr'>vit,</span> <span class='ocrx_word' id='word_1_361' title='bbox 238 4118 332 4186; x_wconf 89' lang='lat' dir='ltr'>priora</span> <span class='ocrx_word' id='word_1_362' title='bbox 349 4120 412 4172; x_wconf 86' lang='lat' dir='ltr'>loco</span> <span class='ocrx_word' id='word_1_363' title='bbox 432 4117 564 4172; x_wconf 87' lang='lat' dir='ltr'>Ioannem</span> <span class='ocrx_word' id='word_1_364' title='bbox 590 4118 745 4172; x_wconf 85' lang='lat' dir='ltr'>clarissimo</span> <span class='ocrx_word' id='word_1_365' title='bbox 772 4119 845 4181; x_wconf 85' lang='lat' dir='ltr'>suit,</span> <span class='ocrx_word' id='word_1_366' title='bbox 875 4118 969 4172; x_wconf 87' lang='lat' dir='ltr'>Baeon</span> <span class='ocrx_word' id='word_1_367' title='bbox 995 4118 1024 4170; x_wconf 90' lang='lat' dir='ltr'>in</span> <span class='ocrx_word' id='word_1_368' title='bbox 1042 4117 1162 4171; x_wconf 74' lang='lat' dir='ltr'>Joumal</span> <span class='ocrx_word' id='word_1_369' title='bbox 1185 4119 1218 4184; x_wconf 79' lang='lat' dir='ltr'>of</span> <span class='ocrx_word' id='word_1_370' title='bbox 1232 4120 1276 4173; x_wconf 71' lang='lat' dir='ltr'>ibe</span> <span class='ocrx_word' id='word_1_371' title='bbox 1294 4118 1355 4173; x_wconf 83' lang='lat' dir='ltr'>Soc.</span> 
     </span>
     <span class='ocr_line' id='line_1_41' title="bbox 171 4203 1359 4273; baseline 0.006 -16"><span class='ocrx_word' id='word_1_372' title='bbox 171 4203 219 4257; x_wconf 90' lang='lat' dir='ltr'>illo</span> <span class='ocrx_word' id='word_1_373' title='bbox 232 4205 344 4258; x_wconf 89' lang='lat' dir='ltr'>nomine</span> <span class='ocrx_word' id='word_1_374' title='bbox 358 4208 448 4268; x_wconf 84' lang='lat' dir='ltr'>ornat,</span> <span class='ocrx_word' id='word_1_375' title='bbox 458 4205 582 4259; x_wconf 90' lang='lat' dir='ltr'>medium</span> <span class='ocrx_word' id='word_1_376' title='bbox 595 4222 658 4259; x_wconf 89' lang='lat' dir='ltr'>eum</span> <span class='ocrx_word' id='word_1_377' title='bbox 670 4205 745 4259; x_wconf 88' lang='lat' dir='ltr'>inter</span> <span class='ocrx_word' id='word_1_378' title='bbox 769 4207 943 4273; x_wconf 68' lang='lat' dir='ltr'>formetur.</span> <span class='ocrx_word' id='word_1_379' title='bbox 954 4203 1206 4273; x_wconf 58' lang='lat' dir='ltr'>lecelinus-183</span> <span class='ocrx_word' id='word_1_380' title='bbox 1219 4208 1332 4263; x_wconf 69' lang='lat' dir='ltr'>ucri(</span> <span class='ocrx_word' id='word_1_381' title='bbox 1336 4210 1359 4263; x_wconf 84' lang='grc' dir='ltr'><strong><em>Υ</em></strong></span> 
     </span>
     <span class='ocr_line' id='line_1_42' title="bbox 171 4291 1356 4362; baseline 0.002 -17"><span class='ocrx_word' id='word_1_382' title='bbox 171 4291 315 4362; x_wconf 80' lang='lat' dir='ltr'>apostolos</span> <span class='ocrx_word' id='word_1_383' title='bbox 335 4307 517 4356; x_wconf 86' lang='lat' dir='ltr'>enumerans,</span> <span class='ocrx_word' id='word_1_384' title='bbox 545 4308 615 4358; x_wconf 86' lang='lat' dir='ltr'>quos</span> <span class='ocrx_word' id='word_1_385' title='bbox 633 4291 678 4345; x_wconf 83' lang='lat' dir='ltr'>bis</span> <span class='ocrx_word' id='word_1_386' title='bbox 696 4308 744 4346; x_wconf 89' lang='lat' dir='ltr'>no·</span> <span class='ocrx_word' id='word_1_387' title='bbox 772 4310 787 4347; x_wconf 90' lang='lat' dir='ltr'>e</span> <span class='ocrx_word' id='word_1_388' title='bbox 809 4297 962 4350; x_wconf 83' lang='grc' dir='ltr'><em>ΤΟΥΤΩΝ</em></span> <span class='ocrx_word' id='word_1_389' title='bbox 983 4295 1113 4345; x_wconf 84' lang='lat' dir='ltr'>exortum</span> <span class='ocrx_word' id='word_1_390' title='bbox 1137 4307 1198 4345; x_wconf 89' lang='lat' dir='ltr'>esse</span> <span class='ocrx_word' id='word_1_391' title='bbox 1217 4291 1356 4361; x_wconf 82' lang='lat' dir='ltr'>opinatus</span> 
     </span>
    </p>
   </div>
   <div class='ocr_carea' id='block_1_4' title="bbox 0 0 1423 5018">
    <p class='ocr_par' dir='ltr' id='par_1_4' title="bbox 0 0 1423 5018">
     <span class='ocr_line' id='line_1_43' title="bbox 0 0 1423 5018; baseline 0 0"><span class='ocrx_word' id='word_1_392' title='bbox 0 0 1423 5018; x_wconf 95' lang='lat' dir='ltr'> </span> 
     </span>
    </p>
   </div>
  </div>
 </body>
</html>
