2834 5018
115 256 256 325 XXXIV
560 254 842 313 Paonuoonann.

115 432 172 497 ubi
187 431 350 498 Abraham
374 433 554 518 appellatus
577 438 625 499 est
646 439 793 500 noster
813 438 914 519 pater,
938 433 1076 518 collegit,
1098 431 1294 498 Clementem

117 559 134 602 e
157 537 255 621 stirpe
277 538 401 603 iudaice
424 538 543 602 editum
565 538 672 604 fuisse.
710 538 902 623 Nupcrrimc
923 542 1025 603 totam
1041 537 1221 622 epistulam,
1245 537 1293 601 di·

117 642 208 706 cendi
230 643 359 706 modum
381 648 413 708 et
436 648 632 728 argumenta,
656 644 838 729 respiciens,
862 644 946 707 idem
961 642 1151 728 Lightfoot¹
1176 643 1294 708 rectius

117 747 278 811 contendit
308 748 434 825 addam,
468 769 540 811 eum
569 747 719 813 libertum
751 749 801 813 vel
823 748 925 812 filium
946 747 1054 813 liberti
1085 749 1178 812 etde
1202 749 1294 813 domo

118 850 221 915 Flavii
244 849 414 915 Clementis
438 852 576 916 consulis
599 852 714 929 fuisse;
738 858 770 917 et
792 853 830 917 E.
847 849 984 917 Nestle²
1007 851 1115 936 plures
1138 851 1295 935 epistulae

117 955 205 1020 locos
236 977 412 1020 sermonem
442 955 602 1020 iudaicum
625 956 772 1022 exhibere
795 956 1033 1022 demonstravit.
1079 953 1127 1020 Cf.
1152 957 1294 1021 adnotat.

118 1060 158 1125 ad
182 1061 232 1135 12,
258 1061 286 1124 5.
311 1061 339 1124 7.

207 1164 302 1228 'Peste
324 1164 519 1247 Hieronymo
546 1165 689 1249 plerique
711 1166 895 1231 Latinorum
917 1166 1031 1250 priscis
1053 1167 1119 1230 iam
1140 1165 1296 1249 tempori·

119 1270 179 1334 bus
203 1266 398 1333 Clementem
421 1269 516 1333 Petro
539 1271 725 1335 successisse
748 1271 957 1336 affirmarunt.
995 1269 1112 1335 Scribit
1127 1270 1211 1334 enim
1226 1266 1295 1333 Cat.

118 1396 145 1438 c.
170 1373 227 1437 15:
268 1375 418 1439 Clemens
448 1384 587 1455 pecorina
611 1385 691 1457 post
720 1379 855 1440 Petrum
886 1380 1011 1440 Romae
1033 1382 1218 1457 episcopum,
1252 1381 1297 1438 at-

120 1480 250 1560 puidem
273 1481 436 1543 secundus
459 1482 564 1543 Linus
583 1482 665 1560 suit,
689 1487 809 1545 tertius
824 1483 1015 1560 Anocletus,
1038 1486 1173 1544 tametsi
1191 1483 1298 1561 pleri·

120 1601 182 1663 quc
196 1585 392 1646 Latinorum
415 1586 593 1648 secuudum
611 1593 689 1665 post
704 1587 839 1649 Petrum
854 1587 1042 1666 apostolum
1052 1593 1172 1666 putent
1184 1586 1300 1663 fuisse

122 1688 337 1758 Clementem
370 1692 403 1751 ct
432 1686 647 1751 Tertullianus
678 1687 727 1751 Dc
750 1709 887 1771 praescr.
919 1709 945 1751 c.
970 1690 1012 1752 32
1043 1687 1147 1766 addit,
1184 1709 1257 1752 eum
1280 1711 1300 1752 a

119 1789 214 1855 Petro
236 1791 306 1874 ipso
330 1789 428 1855 fuisse
451 1791 639 1856 ordinatum.
686 1791 899 1875 Hieronymus
929 1792 1013 1876 ipse,
1049 1791 1103 1875 qui
1126 1791 1147 1855 l.
1173 1814 1199 1856 o.
1224 1790 1298 1856 Cle·

119 1899 257 1959 mentem
279 1895 357 1959 Lino
381 1899 413 1959 et
428 1894 584 1960 Anacleto
606 1897 796 1980 postposuit,
820 1901 933 1981 postea
949 1897 1139 1961 sententiam
1158 1900 1300 1961 mutasse

120 2000 294 2082 ceterisque
316 1998 435 2063 Latinis
459 2000 628 2065 accessisse
650 2000 780 2079 videtur,
804 2000 843 2064 ln
864 2001 922 2066 les.
945 2003 996 2077 52,
1015 2002 1055 2065 13
1080 1999 1140 2082 (ed.
1157 1999 1301 2064 Vallarsi

119 2104 175 2180 IV,
201 2101 276 2184 612)
308 2103 423 2182 dicens,
452 2101 661 2181 Clementem,
691 2106 794 2169 virum
816 2107 1036 2189 apostolicum,
1067 2109 1143 2188 post
1166 2105 1301 2169 Petrum

120 2208 297 2272 Romanam
319 2207 485 2272 ecclesiam
506 2208 632 2272 rexisse.
671 2208 752 2272 Adv.
775 2208 872 2273 Iovin.
891 2209 930 2287 Π,
950 2211 990 2274 12
1013 2209 1211 2275 Clementem
1227 2231 1300 2274 suc·

121 2332 277 2375 cessorem
307 2311 444 2395 apostoli
467 2311 555 2376 Petri
583 2312 735 2396 appellat.
782 2311 843 2377 Sed
866 2315 1021 2378 sententia
1042 2337 1107 2379 non
1131 2319 1182 2379 est
1203 2313 1302 2398 plane

121 2421 217 2481 certa.
263 2416 323 2480 lllo
354 2417 438 2480 enim
463 2417 556 2481 modo
580 2416 792 2500 Hieronymus
815 2416 904 2499 loqui
925 2418 1041 2501 potuit,
1075 2418 1203 2482 etiamsi
1227 2416 1300 2482 Cle·

122 2525 260 2585 mentom
282 2520 428 2604 apostolo
451 2542 515 2584 non
538 2521 648 2584 statim
670 2520 857 2585 successisse
871 2522 1007 2604 putavit.
1046 2520 1224 2605 Catalogus
1247 2520 1301 2584 Li·

121 2625 270 2690 betianus
293 2648 320 2688 a.
344 2626 418 2702 354,
442 2624 641 2709 Augustinus
663 2626 724 2708 Ep.
750 2624 791 2688 53
815 2625 855 2688 ad
877 2623 1024 2690 Genetos.
1048 2649 1080 2689 n.
1105 2626 1135 2702 2,
1162 2625 1302 2709 Optatus

123 2729 327 2794 Milevitanus
342 2729 391 2794 Dc
408 2730 534 2795 schism.
552 2730 667 2794 Donat.
685 2729 724 2804 ll,
738 2731 768 2806 3,
786 2727 1033 2793 Constitutiones
1049 2733 1153 2812 apost.
1168 2728 1242 2807 Vll,
1259 2729 1302 2793 46

121 2834 259 2918 primum
283 2833 370 2897 Petri
400 2854 611 2898 successorem
633 2833 755 2907 Linum,
788 2832 958 2896 secundum
982 2832 1178 2896 Clementem
1202 2833 1302 2897 fuisse

121 2938 260 3003 madunt.
306 2938 455 3003 Irenaeus
479 2937 612 3019 deniqne
628 2934 783 3000 Clementi
806 2940 953 3019 quartum
968 2936 1028 3012 vel,
1045 2935 1074 2998 si
1089 2934 1206 3001 Petrus
1223 2958 1303 3021 apo·

123 3043 223 3108 stolus
252 3064 316 3107 non
337 3044 530 3115 numeratur,
562 3040 692 3104 tertium
714 3040 796 3104 inter
819 3040 984 3123 episcopos
1007 3039 1171 3105 Romanos
1195 3040 1304 3106 locum

125 3148 268 3232 assignat
284 3145 364 3210 Adv.
381 3146 467 3209 haer.
485 3144 539 3221 ΠΙ,
557 3145 587 3221 3,
605 3145 625 3208 3
648 3146 772 3227 (graece
796 3145 880 3227 apud
895 3145 971 3208 Eue.
989 3143 1031 3207 Η.
1048 3144 1086 3209 Ε.
1103 3144 1144 3221 V,
1163 3143 1197 3227 ό)
1222 3145 1304 3208 sori·

122 3254 216 3317 bens:
251 3246 501 3331 όεμελιώσαντες
534 3243 588 3308 οὖν
618 3247 671 3307 καὶ
701 3244 960 3328 οἰκοδομήσαντες
989 3245 1018 3308 οἱ
1044 3247 1193 3328 μακάριοι
1225 3245 1305 3309 ἀπό-

124 3353 229 3418 στολοι
259 3355 314 3435 τὴν
345 3350 515 3435 ἐκκλησίαν
544 3348 628 3432 Λίνῳ
658 3351 713 3431 τὴν
742 3359 797 3432 τῆς
820 3348 990 3432 ἐπισκοπῆς
1017 3348 1215 3433 λειτουργίαν
1239 3349 1306 3413 ἐνε-

124 3459 273 3541 χείρισαν.
311 3456 422 3519 τοὺτου
453 3463 508 3517 τοῦ
539 3452 634 3516 Λίνου
657 3451 782 3527 Παῦλος
805 3452 837 3516 ἐν
860 3462 926 3527 ταῖς
949 3454 1025 3535 πρὸς
1049 3451 1211 3535 Τιμόθεον
1236 3452 1306 3516 ἐπι·

125 3561 250 3636 στολαῖς
273 3559 434 3644 μέμνηται.
468 3557 643 3640 διαδέχεται
667 3556 701 3619 δὲ
724 3557 818 3620 αὐτόν
840 3554 1064 3639 Ἀνέγκλητος·
1089 3558 1169 3638 μετὰ
1191 3566 1308 3621 τοῦτον

124 3665 159 3727 δὲ
189 3663 280 3747 τρίτῳ
314 3662 399 3745 τόπῳ
430 3661 492 3725 ἀπὸ
525 3668 587 3723 τῶν
621 3657 805 3721 ἀποστόλων
835 3660 890 3740 τὴν
923 3657 1096 3741 ἐπισκοπὴν
1130 3658 1308 3743 κληροῦται

124 3767 266 3851 Κλήμης,
297 3766 313 3828 ό
343 3767 396 3827 καὶ
427 3764 575 3846 ἑωρακὼς
605 3766 675 3837 τοὺς
699 3762 868 3845 μακαρίους
891 3761 1086 3838 ἀποστόλους
1108 3765 1162 3826 καί
1187 3763 1307 3850 συμβε-

125 3870 249 3957 βληκὼς
273 3871 392 3948 αὐτοῖς,
424 3869 477 3929 καὶ
500 3868 545 3929 ἔτι
576 3864 706 3930 ἔναυλον
729 3867 763 3926 τό
786 3865 930 3950 κήρυγμα
953 3874 1015 3930 τῶν
1038 3866 1227 3931 ἀποστόλων
1251 3869 1308 3932 καί

125 3998 154 4003 ”
166 3994 406 4079 Τεῖἇωκιηι
424 4022 457 4089 of
473 4021 557 4075 some
574 4021 587 4072 1
605 4019 704 4090 (1890),
724 4018 835 4072 ss-o1.

194 4112 211 4164 2
229 4108 384 4177 Zeitactn'ft
400 4109 448 4173 sur
471 4108 513 4161 die
530 4113 684 4161 nectentem.
713 4104 902 4172 Wrosemclcoft
925 4105 984 4158 ακά
1000 4106 1043 4161 dte
1062 4107 1164 4162 Raude
1187 4108 1234 4164 des
1258 4108 1309 4163 Ur·

125 4199 310 4254 cluistentama
327 4195 340 4247 I
359 4194 458 4264 (1900),
479 4193 624 4249 178-180.
