2834 5018
150 290 213 354 533
581 279 735 335 ΗΕΒΜΑΕ
754 278 897 336 PASTOR

150 460 315 542 ἐπερωτῶν
338 461 393 534 τὰς
416 456 571 533 ἐπιλύσεις
592 466 656 520 τῶν
678 455 877 541 παραβολῶν.
923 455 1031 540 ἐπειδὴ
1070 457 1108 521 δὲ
1131 459 1227 520 οῦτω
1249 455 1347 538 παρά-

150 585 243 648 μονος
266 560 302 642 εί,
326 562 463 626 ἐπιλύσω
487 583 536 624 σοι
558 563 613 644 τὴν
638 559 820 645 παραβολὴν
842 570 897 623 τοῦ
920 560 1019 644 ἀγροῦ
1042 562 1101 623 καί
1133 570 1206 625 τῶν
1230 561 1347 625 λοιπῶν

150 675 213 732 τῶν
236 666 426 733 ἀκολούθων
448 666 590 744 πάντων,
621 667 673 729 ίνα
695 666 823 748 γνωστὰ
843 675 920 727 πᾶσι
942 664 1078 750 ποιήσῃς
1103 667 1204 730 αὐτά.
1252 669 1347 730 ἄκουε

151 782 215 852 νῦν,
240 771 324 856 φησί,
348 773 403 834 καί
426 771 511 834 σύνιε
534 771 623 836 αὐτά.
677 774 707 835 2.
733 772 752 834 6
775 771 876 855 ἀγρὸς
905 772 924 834 6
947 772 1078 852 κόσμος
1102 772 1211 852 οὗτός
1235 772 1344 836 ἐστιν·

125 878 171 940 ιό
195 878 229 940 δὲ
251 876 356 958 κύριος
378 886 433 939 τοῦ
457 877 553 959 ἀγροῦ
577 879 596 941 6
619 879 735 957 κτίσας
758 877 800 940 τά
827 877 940 941 πάντα
969 876 1022 937 καί
1052 875 1241 956 ἀπαρτίσας
1268 877 1345 939 αὐτὰ

150 985 207 1046 καί
229 979 431 1063 δυναμώσας·
479 981 511 1066 [6
540 981 575 1044 δὲ
603 980 667 1055 υίδς
696 981 732 1041 τὸ
763 990 885 1062 πνεῦμα
914 980 950 1042 τδ
973 977 1063 1062 ἅγιόν
1096 977 1227 1065 ἐστιν]·
1274 979 1344 1042 όδὲ

151 1086 262 1161 δοῦλος
286 1085 302 1148 6
325 1085 390 1160 υίδς
412 1093 467 1148 τοῦ
491 1087 569 1150 θεοῦ
594 1083 695 1175 ἐστίν·
720 1083 752 1146 αἱ
775 1084 809 1147 δὲ
833 1082 966 1167 ἄμπελοι
990 1083 1007 1145 6
1029 1081 1109 1158 λαός
1129 1084 1230 1159 ούτός
1253 1083 1342 1163 ἐσπν,

152 1191 187 1253 δν
211 1191 303 1265 αὐτὸς
327 1188 514 1270 ἐφύτευσεν·
556 1192 586 1254 3.
616 1187 645 1250 ol
667 1187 702 1250 δὲ
723 1187 861 1270 χάρανες
884 1187 913 1250 οἱ
935 1189 1018 1271 ἅγιοι
1043 1187 1184 1270 ἄγγελοί
1208 1188 1269 1251 εἰσι
1291 1197 1341 1251 τοῦ

151 1293 259 1376 κυρίου
284 1293 313 1356 οἱ
336 1302 580 1375 συγκρατοῦντες
603 1294 656 1356 τόν
679 1292 756 1356 λαόν
780 1293 894 1355 αὐτοῦ·
925 1291 957 1354 αί
979 1291 1015 1354 δὲ
1038 1291 1176 1376 βοτάναι
1202 1293 1238 1356 αἱ
1260 1293 1340 1356 ἐκτε-

113 1419 139 1456 10
153 1396 292 1480 τιλμέναι
324 1397 362 1460 ἐκ
393 1407 447 1461 τοῦ
482 1397 667 1480 ἀμπελῶνος
701 1397 765 1483 [σί]
798 1396 922 1480 ἀνομίαι
955 1396 1014 1459 εἰσί
1047 1405 1113 1460 τῶν
1136 1396 1269 1460 δούλων
1292 1405 1340 1460 τοῦ

153 1505 249 1568 θεοῦ·
280 1501 376 1564 τὰδὲ
399 1500 574 1585 ἐδέσματα,
598 1503 619 1564 ἂ
642 1503 780 1586 ἔπεμψεν
810 1503 895 1584 αὐτῷ
918 1501 956 1564 ἐκ
978 1511 1034 1564 τοῦ
1058 1501 1213 1582 δείπνου,
1244 1503 1278 1566 αί
1299 1502 1339 1565 ἐν·

152 1605 242 1669 τολαί
264 1606 357 1686 εἰσιν,
387 1608 424 1681 ἃς
454 1607 555 1670 ἔδωκε
577 1614 621 1690 τῷ
645 1606 713 1691 λαῷ
736 1608 832 1671 αὐτοῦ
854 1607 906 1670 διὰ
928 1615 982 1669 τοῦ
1005 1606 1074 1669 υἱοῦ
1100 1608 1222 1671 αὐτοῦ·
1261 1606 1339 1670 οίδὲ

154 1710 237 1794 φίλοι
260 1712 315 1773 καί
338 1710 507 1796 σύμβουλοι
529 1711 558 1775 οί
580 1714 663 1795 άγιοι
686 1712 814 1797 ἄγγελοι
839 1712 867 1776 οί
891 1722 1007 1794 πρῶτοι
1031 1711 1247 1789 κτισθέντες·
1268 1711 1338 1795 ἡδὲ

153 1814 312 1899 ἀποδημία
334 1823 389 1878 τοῦ
411 1815 564 1878 δεσπότου
587 1816 604 1878 ό
626 1816 737 1898 χρόνος
760 1816 777 1878 6
799 1815 991 1898 περισσεύων
1015 1815 1059 1890 εἰς
1082 1818 1142 1899 τὴν
1168 1816 1338 1901 παρουσίαν

124 1938 148 1976 1⁶
165 1921 270 1985 αὐτοῦ.
317 1923 346 1986 4.
371 1918 454 2003 λέγω
477 1921 581 2002 αὐτῷ·
625 1919 739 2001 Κύριε,
767 1920 911 2004 μεγάλως
939 1921 993 1983 καὶ
1016 1921 1222 2002 θαυμαστῶς
1244 1921 1337 1984 πάντα

154 2023 218 2086 ἐστί
242 2026 296 2086 καί
319 2023 450 2100 ἐνδόξως
472 2024 574 2087 πάντα
597 2024 672 2106 ἔχει.
715 2027 756 2107 μὴ
780 2022 845 2104 ούν,
869 2024 956 2108 φημί,
973 2023 1036 2109 ἐγὼ
1052 2026 1225 2114 ἠδυνάμην
1248 2034 1336 2091 τοῦτο

154 2138 280 2212 νοῆσαι;
310 2128 382 2191 οὐδὲ
409 2128 512 2208 ἕτερος
533 2136 596 2191 τῶν
619 2127 809 2211 ἀνθρώπων,
834 2130 895 2193 κᾶν
919 2129 989 2192 λίαν
1012 2132 1144 2207 συνετός
1170 2130 1193 2217 ᾖ
1218 2155 1281 2210 τις,
1306 2131 1336 2194 οῦ

154 2232 281 2296 δύναται
315 2241 425 2314 νοῆσαι
455 2232 544 2296 αύτά.
590 2233 649 2311 ἔτι,
687 2232 784 2317 φημί,
807 2233 910 2315 κύριε,
933 2232 1077 2316 δήλωσόν
1102 2255 1168 2318 μοι,
1197 2235 1335 2321 δμίλλω

155 2356 190 2398 σε
213 2336 382 2418 ἐπερωτᾶν.
428 2340 458 2402 5.
483 2334 576 2419 Λέγε,
600 2336 703 2421 φησίν,
727 2339 755 2400 εἰ
775 2358 804 2399 τι
827 2336 942 2422 βούλει.
989 2336 1094 2417 Διατί,
1121 2339 1225 2423 φημί,
1248 2340 1335 2423 κύριε,

115 2439 172 2501 ιοό
195 2439 259 2513 υίδς
281 2447 336 2502 τοῦ
360 2441 438 2503 θεοῦ
463 2438 506 2512 εἰς
528 2438 642 2501 δούλου
665 2439 778 2521 τρόπον
800 2451 900 2505 κεῖται
924 2441 956 2505 ἐν
978 2450 1017 2525 τῇ
1040 2442 1236 2528 παραβολῇ;

224 2561 240 2613 6
258 2559 422 2629 δυναμὼσας
441 2558 692 2628 (ίιένδυναμὼσας
709 2560 833 2631 Hilgenf.
854 2561 941 2617 Gebh.
960 2562 996 2616 ef.
1019 2561 1118 2616 Mona
1139 2561 1174 2627 V,
1189 2564 1216 2627 2,
1235 2564 1266 2627 8;
1283 2562 1333 2623 XII,

155 2649 179 2712 5,
200 2649 229 2709 1;
248 2648 272 2711 6,
291 2648 308 2699 4
328 2651 380 2702 ete.
397 2651 401 2716 Ι
417 2647 433 2704 6
452 2646 611 2705 δὲ-ἐστιν
622 2647 655 2700 L¹
670 2666 676 2700 :
691 2648 775 2703 GL²A
795 2649 883 2715 (haud
901 2648 986 2702 dubie
1005 2649 1087 2702 velut
1100 2651 1280 2706 sententiam
1295 2650 1333 2703 lia

153 2735 329 2804 terodoxam)
344 2744 348 2796 Ι
365 2735 380 2787 ’ί
399 2728 480 2801 οὗτος
498 2740 532 2801 >
550 2735 596 2788 LA
612 2735 1185 2808 19συγκρατοῦντεςύτσυγκροτοῦντες
1203 2738 1229 2794 G
1245 2742 1250 2807 Ι
1267 2736 1296 2793 10
1311 2732 1334 2789 σί

154 2825 189 2890 >
207 2823 232 2878 G
247 2824 252 2893 Ι
270 2822 301 2877 19
319 2821 427 2894 λέγε-
434 2822 525 2890 βούλει
545 2822 603 2877 GL¹
618 2825 670 2888 z>
691 2823 749 2876 12²6

155 2926 261 2997 logiam
279 2925 402 2988 accedit,
429 2929 457 2980 et
475 2926 633 2993 quaeritur,
662 2925 730 2992 quid
757 2931 878 3002 Χριστῷ,
897 2926 1024 2997 intellegi
1045 2925 1212 2989 voluerunt.
1231 2933 1263 2983 et
1278 2926 1333 2982 Bul·

156 3013 190 3067 de
205 3012 315 3068 Christo
329 3029 386 3076 eeu,
405 3016 437 3067 ut
455 3013 516 3080 ipae
527 3012 597 3067 dicit
616 3017 730 3080 (nomen
757 3015 800 3067 lus
819 3014 911 3068 locum
930 3014 972 3069 ita
995 3015 1210 3084 interpretatus
1228 3017 1287 3080 eat,
1308 3013 1334 3066 ul

155 3100 261 3154 christi
279 3099 355 3153 enim
372 3116 517 3166 nunquam
536 3100 675 3171 exhibet),
695 3102 730 3155 de
758 3105 902 3156 auctorem
931 3101 1035 3156 Irenici
1065 3102 1247 3159 Ινσκίοοηκιι
1271 3100 1333 3155 rafu-

154 3187 213 3240 filio
231 3186 285 3240 Dei
310 3187 434 3240 senserit
472 3186 529 3241 Alii
553 3187 636 3242 aliter
660 3189 730 3242 iudi·
756 3191 831 3242 taret
849 3189 1002 3251 dicentem,
1022 3186 1160 3242 Hermam
1181 3188 1273 3245 filium
1289 3185 1334 3243 Dei

156 3277 297 3328 caverunt
335 3274 376 3329 cf.
390 3291 463 3342 quae
476 3275 730 3344 inPtolegomenie
758 3290 873 3329 vooaaee
883 3275 1013 3344 spiritum
1022 3277 1165 3329 sanetum.
1204 3276 1260 3331 Sed
1269 3274 1333 3328 lilim

156 3376 178 3414 o.
197 3361 236 3415 1v
255 3365 441 3430 exponuntur.
757 3361 820 3415 h.l
848 3366 890 3416 est
917 3360 990 3414 filius
1017 3361 1260 3428 patrisfamiliae,
1286 3377 1334 3415 non

190 3451 213 3503 2.
232 3449 386 3523 άπαρτίσας
402 3450 472 3519 κτλ]
492 3451 536 3505 Ps.
555 3449 596 3512 67,
616 3447 663 3502 29:
682 3453 730 3505 oo
758 3447 818 3501 Dei.
855 3448 942 3502 Filius
962 3447 1014 3500 Dei
1041 3448 1120 3502 enim
1149 3450 1181 3503 in
1206 3447 1335 3520 parabola

155 3536 318 3604 νάμωσον
335 3535 351 3593 6
371 3538 438 3603 θεὸς
456 3545 547 3599 τοῦτο,
567 3533 583 3591 6'
607 3555 730 3608 κατηρ-
758 3538 802 3589 est
820 3552 915 3589 aervua
932 3534 1163 3604 patrisfamilias.
1181 3568 1221 3578 -
1243 3536 1334 3601 όλαός

156 3625 239 3678 τίσω
257 3622 287 3679 ἐν
303 3626 373 3693 ἡμῖν.
411 3623 454 3678 cf.
473 3622 566 3676 Mand.
578 3621 598 3685 I,
615 3621 643 3684 l;
663 3621 728 3676 Sim.
758 3616 841 3689 οὗτος
857 3622 927 3691 κτλ]
948 3620 1116 3691 Hilgenfeld
1136 3624 1273 3691 (Hermae
1290 3622 1334 3676 Pa·

155 3705 214 3773 Vll,
233 3712 258 3762 4.
277 3741 311 3749 —
329 3709 345 3767 6
363 3710 393 3768 a
411 3709 479 3779 υἱός]
504 3726 540 3762 sa
560 3717 611 3765 τοῦ
634 3712 731 3781 κυρίου
758 3711 817 3764 ator
831 3709 896 3763 1881
909 3726 936 3777 p.
952 3709 1000 3763 193
1013 3711 1068 3776 aq.)
1088 3710 1235 3779 populum
1253 3728 1271 3765 a
1282 3710 1333 3765 Dee

156 3805 207 3852 τοῦ
224 3792 312 3868 ἀγροῦ
330 3797 374 3851 vel
401 3806 451 3854 τοῦ
469 3794 676 3852 οἰκοδεσπότου.
695 3826 730 3834 -
758 3795 905 3850 conditum
927 3795 1083 3848 Abrahami
1105 3797 1278 3869 progeniem
1297 3793 1335 3849 vel

156 3903 180 3938 τ.
193 3893 300 3953 πνεῦμα
313 3904 336 3939 τ.
352 3879 442 3954 ἅγιον]
463 3881 537 3935 Olim
548 3881 652 3951 plures,
667 3898 689 3936 e.
704 3899 730 3951 g.
758 3882 895 3953 populum
921 3882 1007 3936 lsrael
1036 3897 1099 3936 ease
1125 3890 1237 3940 censet.
1271 3882 1336 3939 Link

156 3966 253 4022 Bullue
280 3968 424 4040 (Defensio
449 3968 515 4022 fidei
533 3967 592 4021 Nic.
611 3968 631 4032 l,
651 3968 674 4031 2,
694 3970 730 4038 5),
758 3969 874 4039 (Christi
891 3969 995 4024 Person
1012 3970 1072 4023 und
1088 3970 1174 4027 Werlc
1191 3973 1233 4027 ι’κι
1249 3974 1337 4031 illm

157 4054 266 4109 Mthler
292 4057 475 4126 (Athanasius
502 4057 528 4110 ά.
559 4055 607 4110 Gr.
626 4055 655 4117 1,
681 4058 730 4119 17),
758 4058 804 4110 dee
818 4056 933 4111 Hermae
945 4055 1010 4110 1886
1024 4056 1186 4128 p.51-55)
1205 4059 1233 4114 ei
1250 4074 1336 4114 aseen-

157 4140 257 4195 Hefele
285 4142 327 4195 ed.
355 4141 395 4195 ΙΙΙ
422 4159 449 4211 p.
468 4143 519 4197 390
546 4146 604 4196 not
624 4143 656 4205 3,
684 4141 731 4194 hio
758 4142 842 4203 titum
879 4143 961 4195 modo
990 4141 1085 4196 locum
1114 4145 1281 4201 accuratius
1307 4143 1337 4197 de

157 4227 278 4282 divinam
292 4227 394 4283 canai
410 4234 547 4291 naturam,
560 4230 594 4287 τό
612 4234 693 4286 θεῖον
700 4225 732 4285 ἐν
758 4228 951 4297 protoplastis,
961 4229 1133 4297 parentibus
1144 4233 1261 4303 piorum
1270 4231 1301 4287 δ’.
1310 4231 1336 4285 Τ.
