2834 5018
181 286 244 350 583
613 274 768 329 HERMAE
786 274 928 330 PASTOR

180 456 298 529 ἐκεῖνος
321 456 377 536 τὴν
400 452 567 535 οἰκοδομὴν
591 450 743 536 ἀκριβῶς,
777 452 859 514 ὥστε
881 451 975 515 αὐτόν
998 450 1084 517 καθ’
1110 453 1173 516 ἕνα
1208 452 1307 519 λίθον
1329 453 1377 536 ψη

181 560 295 640 λαφᾶν.
342 567 465 639 κρατῶν
497 555 532 618 δέ
563 577 632 618 τινα
664 553 778 639 ῥάβδον
810 564 848 638 τῆ
879 556 958 637 χειρί
982 559 1068 620 κατά
1104 558 1167 621 ἕνα
1203 557 1304 625 λίθον
1324 566 1376 620 τῶν

181 661 429 749 ᾠκοδομημένων
459 663 579 725 ἔτυπτε.
624 661 733 727 4.καί
766 662 840 724 όταν
870 658 1065 740 ἐπάτασσεν,
1098 659 1260 745 ἐγένοντο
1284 664 1376 725 αὐτῶν

180 770 259 844 τινὲς
281 766 412 851 μέλανες
436 766 509 831 ὡσεί
539 765 675 851 ἀσβόλη,
703 767 782 840 τινὲς
804 766 839 829 δὲ
862 765 1093 848 ἐψωριακότες,
1119 768 1210 841 τινὲς
1236 768 1273 831 δέ
1296 786 1375 849 σχιο·

155 875 240 956 εμὰς
263 873 398 954 ἔχοντες,
420 873 500 945 τινές
522 871 556 933 δέ
578 869 717 955 κολοβσί,
742 871 821 945 τινὲς
843 870 878 933 δὲ
901 872 972 933 οὔτε
994 869 1109 932 λευκοί
1135 873 1218 933 οὔτε
1243 871 1374 954 μέλανες,

181 978 260 1051 τινὲς
281 977 315 1039 δὲ
343 985 467 1058 τραχεῖς
489 976 542 1037 καί
572 977 614 1057 μὴ
638 984 876 1057 συμφωνοῦντος
908 983 970 1049 τοῖς
993 972 1115 1056 ἑτέροις
1139 973 1275 1051 λίθοις,
1308 975 1375 1047 τινὲς

181 1082 216 1144 δὲ
238 1081 367 1155 σπίλους
389 1079 524 1156 πολλοὺς
547 1081 689 1163 ἔχοντες·
725 1077 816 1142 αύται
838 1077 917 1164 ἦσαν
940 1079 972 1142 αἱ
994 1077 1156 1143 ποικιλίαι
1191 1088 1262 1144 τῶν
1284 1080 1374 1146 λίθων

181 1196 242 1250 τῶν
273 1195 399 1266 σαπρῶν
433 1183 624 1265 εὑρεθέντων
654 1183 697 1259 εἰς
730 1186 785 1266 τὴν
818 1182 993 1266 οἰκοδομήν.
1048 1187 1083 1249 5.
1117 1183 1299 1249 ἐκέλευσεν
1329 1186 1373 1248 σύν

181 1290 299 1363 πάντας
329 1288 456 1363 τούτους
479 1287 516 1350 ἐκ
538 1297 593 1350 τού
625 1287 744 1372 πύργου
775 1290 1001 1371 μετενεχθῆναι
1034 1288 1092 1349 καί
1118 1290 1267 1373 τεθῆναι
1301 1291 1374 1370 περὶ

143 1414 168 1450 ω
181 1395 234 1455 τόν
257 1392 373 1477 πύργον
396 1394 450 1455 καί
472 1392 595 1475 ἑτέρους
618 1391 787 1475 ἐνεχθῆναι
810 1392 920 1468 λίθους
942 1394 996 1455 καί
1021 1391 1240 1478 ἐμβληθῆναι
1265 1396 1308 1471 είς
1329 1397 1373 1457 τόν

181 1497 275 1559 τόπον
307 1499 419 1562 αὐτῶν.
466 1501 495 1564 6.
521 1496 585 1584 [καί
619 1495 823 1581 ἐπηρώτησαν
853 1497 945 1559 αὐτόν
976 1496 1005 1559 οἱ
1037 1495 1314 1580 οἰκοδομοῦντες,
1344 1497 1374 1561 ἐκ

181 1601 262 1676 τίνος
284 1603 373 1683 όρους
395 1601 479 1685 θέλῃ
502 1601 670 1684 ἐνεχθῆναι
693 1600 803 1676 λίθους
825 1603 878 1664 καί
901 1600 1104 1686 ἐμβληθῆναι
1130 1602 1179 1677 είς
1206 1605 1265 1668 τὸν
1289 1604 1373 1667 τόπον

181 1707 312 1793 αὐτῶν].
357 1710 410 1770 καί
434 1709 471 1771 ἐκ
494 1708 550 1790 μὲν
573 1718 635 1772 τῶν
658 1704 754 1788 όρέων
777 1706 836 1768 ούκ
858 1704 1024 1768 ἐκέλευσεν
1047 1703 1249 1791 ἐνεχθῆναι,
1275 1708 1327 1795 [ἐκ
1346 1708 1372 1771 δέ

181 1833 262 1887 τινος
284 1810 392 1875 πεδίου
415 1812 507 1896 ἐγγύς
530 1815 617 1887 όντος
640 1810 805 1874 ἐκέλευσεν
828 1809 1026 1896 ἐνεχθῆναι].
1074 1813 1107 1876 7.
1133 1815 1195 1875 καί
1223 1814 1330 1898 ὼρύγη
1343 1814 1372 1875 τό

144 1932 168 1968 1⁶
182 1915 302 1996 πεδίον,
336 1917 389 1978 καί
421 1914 596 1998 εὑρέθησαν
627 1913 713 1980 λίθοι
737 1914 871 1996 λαμπροί
902 1914 1116 1998 τετράγωνοι,
1151 1919 1244 1994 τινές
1273 1920 1308 1983 δέ
1328 1919 1372 1980 καί

182 2019 376 2103 στρογγύλοι.
421 2022 489 2082 ὅσοι
512 2017 546 2082 δέ
568 2039 644 2082 ποτε
667 2017 746 2104 ἦσαν
762 2018 847 2084 λίθοι
870 2018 903 2081 ἐν
926 2027 969 2101 τῷ
992 2019 1091 2102 πεδίῳ
1109 2019 1247 2107 ἐκείνῳ,
1271 2024 1372 2095 πάντες

181 2122 365 2207 ἠνέχθησαν
397 2126 450 2186 καί
474 2125 525 2187 διὰ
547 2133 601 2205 τῆς
632 2122 732 2207 πύλης
762 2122 973 2208 ἐβαστάζοντο
1004 2123 1065 2185 ὑπό
1090 2133 1159 2189 τῶν
1195 2127 1371 2210 παρθένων.

183 2229 211 2292 8.
236 2229 290 2289 καί
320 2226 564 2312 έλατομήθησαν
595 2228 624 2290 οἱ
646 2228 833 2312 τετράγωνοι
860 2227 945 2293 λίθοι
968 2228 1021 2289 καί
1052 2227 1227 2314 ἐτέθησαν
1264 2232 1308 2307 είς
1328 2232 1370 2294 τόν

182 2330 277 2393 τύπον
300 2340 362 2395 τῶν
390 2331 546 2415 ῆρμένων·
578 2332 606 2396 σί
628 2333 663 2396 δὲ
686 2332 869 2416 στρογγύλοι
901 2333 961 2394 οὐκ
983 2330 1150 2416 ἐτέθησαν
1185 2336 1236 2412 εἰς
1260 2339 1316 2420 τὴν
1337 2336 1370 2398 οί-

144 2452 169 2488 20
184 2434 332 2517 κοδομήν,
356 2438 402 2498 ότι
418 2435 548 2520 σκληροὶ
563 2434 643 2521 ῆσαν
667 2436 709 2511 εἰς
725 2438 761 2499 τό
784 2436 1002 2520 λατσμηθῆναι
1017 2438 1137 2514 αὐτοὺς
1161 2442 1224 2504 καί
1242 2440 1371 2529 βραδέως

182 2538 328 2623 ἐγίνοντο.
376 2540 531 2626 ἐτέθησαν
560 2542 701 2623 δὲπαρά
732 2544 785 2605 τόν
814 2541 949 2625 πύργον,
980 2540 1023 2616 ὡς
1046 2540 1245 2623 μελλόντων
1279 2548 1370 2610 αὐτῶν

182 2644 389 2727 λατομεῑσθαι
399 2647 453 2708 καί
465 2646 615 2712 τίθεσθαι
631 2647 674 2722 είς
689 2649 744 2730 τὴν
757 2646 944 2730 οἰκοδομήν·
961 2644 1029 2708 λίαν
1043 2647 1109 2729 γὰρ
1121 2646 1274 2733 λαμπροί
1291 2649 1370 2736 ἦσαν.

269 2747 305 2815 7.
331 2748 438 2812 Ταῦτα
461 2748 514 2814 σύν
538 2750 724 2827 συντελέσας
747 2751 764 2814 ό
786 2752 864 2834 ἀνὴρ
887 2751 904 2814 ό
927 2748 1050 2826 ἔνδοξος
1080 2752 1141 2813 καί
1166 2752 1284 2836 κύριος
1306 2754 1370 2818 όλου

182 2862 236 2915 τού
259 2852 377 2937 πύργου
400 2854 656 2936 προσεκαλέσατο
671 2857 724 2918 τόν
747 2855 879 2938 ποιμένα
901 2856 954 2918 καί
975 2852 1167 2936 παρέδωκεν
1192 2860 1287 2944 αὐτῷ
1310 2862 1371 2932 τοὺς

143 2973 167 3010 2⁶
182 2958 292 3032 λίθους
314 2959 432 3034 πάντας
454 2963 525 3035 τούς
554 2962 639 3042 παρὰ
661 2962 714 3023 τόν
736 2960 853 3043 πύργον
882 2957 1059 3040 κειμένους,
1091 2962 1172 3037 τοὺς
1195 2962 1370 3050 ἀπσβεβλη

181 3061 291 3144 μένους
314 3061 351 3125 ἐκ
372 3072 425 3144 τῆς
449 3064 623 3147 οἰκοδομῆς,
646 3067 700 3127 καί
724 3062 807 3148 λέγει
830 3064 934 3147 αὐτῷ·
972 3066 1001 3128 2.
1024 3059 1215 3145 Ἐπιμελῶς
1239 3069 1371 3148 καθάρι-

181 3188 236 3229 σον
259 3168 331 3240 τοὺς
362 3165 472 3242 λίθους
495 3168 621 3243 τούτους
650 3170 704 3231 καί
727 3169 785 3242 θὲς
816 3168 928 3242 αὐτούς
950 3166 993 3241 εἰς
1021 3167 1078 3247 τὴν
1110 3168 1296 3256 οἰκοδομὴν
1323 3179 1370 3233 τού

180 3271 309 3354 πύργου,
331 3273 403 3346 τούς
425 3271 613 3355 δυναμένους
636 3272 770 3355 ἁρμόσαι
794 3281 857 3347 τοῖς
881 3270 1014 3345 λοιποῖς·
1048 3273 1124 3346 τοὺς
1148 3273 1187 3337 δέ
1212 3279 1260 3360 μὴ
1284 3275 1370 3359 ἁρμό·

181 3375 291 3452 ζοντας
320 3375 409 3458 ῥῖψον
438 3379 560 3458 μακρὰν
587 3378 727 3439 ἀπὸτοῦ
761 3376 889 3460 πύργου.
936 3380 966 3442 3.
991 3375 1105 3459 [ταῦτα
1139 3376 1306 3457 κελεύσας
1332 3385 1369 3460 τῷ

142 3494 167 3531 ³0
181 3478 301 3561 ποιμένι
324 3478 416 3562 ἀπῄει
433 3480 495 3542 ἀπό
518 3490 572 3543 τοῦ
588 3479 722 3566 πύργου]
745 3482 824 3564 μετά
839 3480 974 3558 πάντων,
999 3476 1108 3564 [μεθ’]
1137 3477 1186 3545 ὦν
1202 3483 1367 3569 ἐληλύθει·

181 3583 213 3645 αἱ
236 3584 269 3646 δέ
296 3583 447 3666 παρθένοι
476 3584 583 3669 κύκλῳ
617 3595 671 3648 τού
700 3585 819 3669 πύργου
848 3583 1042 3667 είστίγκεισαν
1073 3594 1236 3666 τηροῦσαι
1272 3588 1367 3653 αὐτόν.

181 3691 211 3752 4.
242 3687 324 3771 λέγω
348 3696 392 3771 τῷ
420 3689 556 3772 ποιμένα
586 3688 660 3765 Πῶς
683 3688 766 3753 ούτοι
789 3690 817 3753 οἱ
840 3688 926 3754 λίθοι
955 3688 1101 3750 δύνανται
1127 3690 1174 3765 εἰς
1205 3695 1269 3778 τὴν
1292 3695 1366 3757 οἰκο-

181 3791 276 3874 δομὴν
306 3802 361 3855 τοῦ
390 3793 508 3878 πύργου
539 3793 691 3859 ἀπελθεῖν
724 3790 1059 3876 ἀποδεδοκιμασμένοι;
1094 3792 1296 3879 ἀποκριθείς
1322 3819 1366 3882 μοι

251 4045 384 4108 θέτυπτε
403 4051 553 4127 ΙΜιτρίς
571 4047 609 4109 ἔτ.
629 4051 754 4120 G,>L2
779 4054 783 4123 ί
810 4052 953 4119 11ί13καί
980 4081 1015 4090 -
1041 4051 1158 4120 αὐτῶν,
1191 4059 1274 4126 13114
1291 4058 1365 4117 θι-

180 4132 326 4206 ἐνεχθηναι
344 4138 460 4209 um)
473 4158 479 4191 :
494 4140 566 4206 >G
587 4139 592 4209 Ι
616 4140 648 4192 21
669 4138 793 4212 ἐγίνοντο
813 4139 1019 4194 szidebatur
1047 4139 1262 4202 circumcidere
1287 4145 1365 4201 ccsL

181 4221 224 4287 (Ιιι
245 4222 292 4287 sic,
312 4226 344 4276 ut
363 4225 490 4289 videtur,
518 4225 652 4280 hocloco
676 4227 764 4281 verba
782 4227 823 4294 είς
841 4229 874 4284 τό
892 4230 1087 4296 λατομηθῆναι
1105 4229 1216 4302 αὐτοὺς
1235 4239 1361 4303 vertens)
