2834 5018
411 594 638 651 naeniarum
657 595 682 649 s
701 597 915 652 conionum.
1202 599 1257 665 cv

82 776 173 859 poris,
185 775 299 841 saltem
324 799 390 841 non
405 776 529 861 prioris,
554 798 621 840 esse
644 776 796 853 videatur,
820 797 924 840 nonne
944 776 1044 841 eidem
1068 778 1164 842 etiam
1179 778 1257 841 haec

81 880 231 963 particula
253 881 306 946 vel
331 886 429 965 caput
451 883 492 945 22
517 886 621 945 totum
644 881 886 946 adiudicandum
908 881 1028 946 fuerit?

640 1053 694 1118 III.

164 1197 357 1281 Martyrium
391 1194 562 1279 Polycarpi
592 1195 675 1258 inter
703 1194 890 1259 recentiores
921 1195 1042 1279 primus
1072 1195 1192 1259 invenit
1214 1195 1255 1259 H.

82 1300 226 1366 Rosweid
249 1307 282 1366 et
305 1302 461 1377 codicem,
496 1321 591 1384 quem
613 1304 725 1363 nactus
748 1304 805 1375 est,
837 1300 1011 1384 descripsit.
1058 1298 1153 1364 cuius
1176 1322 1256 1383 apo-

80 1407 201 1490 grapho
225 1411 258 1470 et
290 1406 392 1471 altero
421 1405 527 1470 codice
559 1403 703 1468 adhibito
736 1403 771 1467 P.
796 1403 927 1468 Helloix
951 1404 1060 1468 Vitam
1089 1403 1257 1487 Polycarpi

80 1511 281 1594 conscripsit,
317 1509 342 1573 I.
375 1509 532 1574 Bolland¹
570 1509 792 1592 apographum
824 1514 928 1573 totum
962 1509 1196 1574 accuratissime
1224 1509 1257 1573 in

80 1613 220 1699 lingnam
242 1614 376 1679 latinam
405 1614 579 1678 transtulit.
626 1613 762 1677 'sextum
792 1635 940 1698 graecum
963 1636 980 1678 e
1003 1615 1107 1678 codice
1137 1615 1257 1678 Baroc·

81 1719 166 1783 ciano
183 1717 374 1783 Oxoniensis
390 1717 570 1782 academiae
586 1716 638 1799 l:
655 1717 689 1799 b]
706 1719 828 1801 primus
843 1718 866 1782 Ι.
884 1718 1027 1783 Ussher²
1044 1721 1150 1797 edidit,
1169 1742 1256 1783 eum·

82 1846 137 1906 que
160 1823 263 1888 secuti
278 1828 354 1887 sunt
376 1821 403 1886 Ι.
421 1822 605 1900 cotelerius,
631 1821 689 1885 Th.
708 1821 796 1907 Ittig,
822 1823 880 1887 Th.
899 1823 1011 1888 Smith.
1058 1824 1120 1887 Hic
1141 1825 1174 1887 in
1193 1825 1259 1888 ima

81 1928 196 2011 pagina
219 1927 372 2011 apposuit
401 1949 454 1991 eas
483 1927 598 1991 codicis
621 1925 875 1991 Vindobonensis
908 1927 994 2008 (hist.
1019 1948 1123 2011 graec.
1147 1927 1256 1991 eccles.

81 2054 161 2097 num.
193 2031 228 2113 3)
254 2032 414 2107 lectiones,
440 2053 519 2115 quas
542 2030 728 2095 lambecius
750 2031 869 2114 publici
890 2031 968 2094 iuris
991 2030 1118 2108 fecerat,
1152 2037 1183 2096 et
1205 2043 1256 2095 to-

81 2143 144 2200 tum
166 2136 253 2200 hunc
276 2136 416 2200 codicem
440 2135 575 2200 eontulit
597 2134 750 2200 lacobson
774 2135 828 2215 (=
842 2134 884 2216 v).
933 2134 1020 2198 Idem
1041 2135 1180 2218 inspexit
1202 2157 1256 2198 co-

81 2240 176 2305 dicem
200 2240 382 2304 Parisinum
414 2237 645 2321 (num.1452),
680 2238 755 2302 olim
778 2238 964 2316 Mediceum,
989 2239 1130 2313 eundem,
1164 2260 1258 2322 quem

82 2344 291 2428 descripserat
314 2343 479 2408 Rossweid
500 2344 555 2425 (τ-
572 2341 617 2427 p).
665 2342 817 2419 Quartum
841 2345 979 2408 codicem
1002 2344 1034 2408 in
1063 2343 1258 2409 bibliotheca

81 2447 262 2533 Musquensi
286 2446 385 2530 (num.
412 2447 486 2530 159)
516 2449 696 2532 nuperrime
726 2449 861 2513 contulit
884 2449 920 2514 0.
950 2449 988 2512 de
1017 2446 1201 2513 Gebhardt³
1226 2450 1258 2510 et

82 2552 136 2617 Th.
161 2553 253 2619 Zahn
276 2555 317 2618 ad
347 2558 468 2617 textum
493 2552 719 2636 recensendum
750 2554 896 2618 adhibuit
920 2552 973 2635 (ε
990 2551 1044 2633 m).
1090 2552 1259 2636 lightfoot

82 2661 200 2725 codices
223 2662 319 2744 bpv
343 2661 444 2725 denuo
467 2659 602 2723 contulit
617 2658 666 2722 vel
689 2658 840 2741 legendos
856 2659 994 2731 curavit;
1020 2658 1060 2722 cf.
1079 2678 1159 2742 quae
1183 2657 1259 2721 dicit

80 2762 200 2839 1946.
247 2763 407 2848 Equidem
429 2763 568 2827 codicem
590 2763 758 2845 percussi,
783 2767 816 2827 et
839 2763 977 2827 codicem
993 2763 1257 2844 Hierosolymita-

80 2891 151 2932 num
177 2868 232 2951 (=
249 2867 284 2950 h)
318 2868 368 2931 vel
390 2866 421 2932 S.
446 2865 591 2950 Sepulcri
616 2867 650 2943 1,
684 2867 739 2950 qui
762 2867 951 2950 Martyrium
980 2866 1035 2930 fol.
1061 2866 1258 2930 latr-140*

81 2975 229 3049 continet,
253 2973 374 3055 primus
398 2971 534 3036 adhibeo
545 2971 568 3033 ⁴.

165 3076 353 3141 Versionem
384 3079 521 3139 veterem
553 3074 685 3138 latinam
716 3073 837 3156 primus
869 3074 967 3138 edidit
997 3073 1020 3137 Ι.
1053 3073 1211 3138 Bolland⁵
1241 3096 1258 3138 e

79 3182 179 3245 tribus
203 3181 379 3256 codicibus,
410 3179 497 3243 brevi
521 3182 595 3262 post
617 3175 641 3240 Ι.
665 3176 786 3242 Ussher
808 3201 825 3241 e
848 3179 970 3242 duobus
1002 3178 1088 3254 aliis,
1121 3183 1152 3242 et
1174 3178 1258 3243 hunc

79 3285 179 3350 secuti
208 3289 284 3350 sunt
306 3284 460 3360 Ruinart,
494 3281 598 3347 Smith
631 3285 663 3345 et
685 3280 847 3346 lacobson.
894 3282 1031 3346 Ruinart
1062 3283 1157 3346 etiam
1181 3282 1258 3346 duos

80 3390 202 3454 codices
226 3389 367 3453 nondum
389 3388 521 3452 collatos
536 3386 676 3469 inspexit
698 3390 729 3449 et
752 3386 784 3449 in
806 3385 1001 3450 bibliotheca
1017 3385 1259 3451 carmelitarum

151 3597 164 3648 1
183 3596 245 3650 Aet.
266 3593 312 3649 SS.
331 3593 389 3647 Ian.
407 3593 441 3658 Il,
461 3593 607 3649 702-705.

146 3684 164 3735 2
183 3681 242 3751 lgn
263 3685 292 3735 et
310 3681 461 3750 Polycarpi
479 3681 562 3734 Mart.
581 3677 703 3733 Londini
723 3679 797 3733 1647.

150 3771 166 3824 3
185 3768 226 3822 Cf.
248 3769 405 3835 Zeitsctaift
421 3768 443 3834 f.
461 3768 487 3821 d.
506 3766 665 3821 historiccbc
687 3764 824 3832 Theolopic
844 3762 910 3817 1875
926 3779 952 3831 p.
973 3763 1117 3818 354-370.

148 3856 166 3909 4
185 3855 333 3909 Lectiones
353 3854 457 3910 codicis
476 3852 620 3922 publicavi
638 3851 667 3903 in
690 3850 862 3905 Centrulblutt
882 3851 931 3917 sii-r
949 3850 1188 3905 Bibliottcbtcesen
1207 3849 1259 3902 XV

79 3942 179 4012 (1898),
199 3942 346 3996 364-366.
373 3972 408 3982 -
435 3940 529 3994 Codex
551 3937 644 3991 adhuc
662 3938 786 3991 nondum
804 3935 966 4005 publicatus
990 3936 1019 3989 in
1037 3935 1162 3990 claustro
1182 3935 1258 3990 Cosi-

78 4029 154 4083 nitze
172 4032 344 4083 asservatur.
382 4029 423 4082 Cf.
443 4025 580 4087 Ehrhard,
610 4025 665 4079 Dic
682 4024 822 4079 dictustl.
842 4023 995 4078 Littcratm
1014 4023 1205 4092 locopell.
1224 4054 1259 4062 -

78 4118 152 4170 Acta
168 4117 300 4185 martyrii
319 4114 498 4184 septica,
525 4129 598 4180 quae
616 4110 646 4165 Ε.
665 4110 833 4166 Ame'lineau
858 4110 887 4161 in
906 4111 1086 4181 Procecdiaps
1105 4113 1138 4179 os
1151 4113 1193 4166 ihc
1212 4110 1259 4165 So-

78 4206 147 4274 cicty
164 4206 198 4272 of
211 4205 324 4259 Biblico
341 4203 526 4271 Arctoeolopy
546 4199 571 4252 X
589 4198 689 4268 (1888),
708 4196 845 4252 391-417
865 4196 1038 4264 publicavit,
1065 4196 1137 4251 nihil
1155 4196 1258 4261 valent,

79 4307 142 4345 cum
161 4308 195 4345 ex
215 4293 349 4359 excerpto
368 4287 482 4342 Eusebii
510 4285 648 4340 fluxerint.
686 4282 728 4338 cf.
750 4282 870 4351 waotop.
890 4282 1172 4355 Litterotur-Zeituap
1192 4283 1259 4338 1889

79 4380 246 4521 p'3bdct.
267 4464 607 4528 ss‚lan.11‚705-707.
644 4461 686 4515 De
705 4459 848 4514 codicibus
877 4458 912 4512 cf.
931 4477 958 4528 p.
977 4459 1028 4514 692
1052 4478 1078 4514 n.
1100 4461 1140 4515 10.
1159 4477 1186 4529 p.
1206 4460 1258 4514 705

79 4558 136 4609 not.
156 4570 182 4608 a
