2834 5018
517 625 671 681 HERMAE
689 624 840 680 PASTOR.
1118 623 1268 690 CXXVII

95 809 240 887 sidentur,
268 829 351 892 quae
375 807 408 870 in
423 805 580 888 Catalogo
594 803 760 868 Liberiauo
776 803 816 866 ad
838 802 1058 885 pontificatum
1073 804 1122 869 Pii
1146 807 1268 871 adiecta

93 913 255 997 leguntur:
294 914 362 976 Sub
391 914 489 974 butue
522 915 713 991 mccopctu
741 910 858 995 frater
889 913 961 970 etue
993 911 1111 975 Ermer
1146 915 1267 977 librum

93 1024 234 1101 scripsit,
258 1025 294 1082 in
319 1037 381 1098 quo
406 1016 598 1079 mandatum
621 1018 826 1091 continetur,
856 1032 941 1092 quae
964 1019 996 1077 et
1012 1023 1187 1098 praecepit
1209 1038 1267 1081 cn·

90 1126 199 1203 pelea,
229 1142 304 1186 curn
333 1127 422 1185 uenit
445 1122 491 1183 nd
511 1121 606 1182 illum
637 1124 673 1180 iu
695 1119 809 1180 bobun
828 1117 1013 1198 postoris&
1061 1119 1148 1195 Quae
1171 1123 1268 1186 verba

91 1228 215 1310 repetiit
237 1226 364 1291 saeculo
387 1223 435 1287 VI
458 1224 586 1286 ineunte
614 1226 724 1286 auctor
745 1221 831 1284 Libri
854 1222 1045 1305 pontificalis
1069 1225 1201 1289 addens:
1236 1235 1269 1290 et

87 1337 259 1412 paecepit
282 1336 328 1409 ee',
357 1339 394 1394 ut
416 1331 545 1393 Pacete
575 1327 638 1409 (vel
659 1327 782 1410 potius,
806 1330 843 1389 ut
865 1326 1013 1413 Gatalogi
1035 1327 1213 1393 Felicianus
1236 1335 1269 1394 et

91 1433 290 1498 Cononianus
313 1433 476 1498 exhibent:
505 1441 656 1496 sanctiam
672 1429 831 1513 Paschae)
856 1433 911 1494 rb'e
933 1434 1099 1496 άοηιὶηἱεα
1121 1437 1267 1498 celebro·

91 1548 183 1602 retur
190 1561 203 1617 ;
236 1558 371 1619 eumque
402 1542 528 1602 secutus
558 1543 606 1601 est
629 1534 842 1600 Psi-Isidorus
865 1535 923 1599 Pio
954 1537 1113 1601 decretum
1142 1539 1180 1602 de
1203 1538 1268 1602 Pa·

91 1643 196 1706 schabe
220 1641 271 1705 die
294 1641 451 1705 dominica
474 1641 662 1706 celebrando
685 1640 861 1703 attribuens
885 1645 917 1703 et
938 1641 1090 1719 reserens,
1114 1664 1267 1726 praecep-

90 1753 156 1810 tum
178 1767 284 1830 papae
307 1767 365 1829 per
387 1745 538 1830 angelum
552 1745 681 1809 Domini
703 1744 736 1807 in
759 1743 871 1806 habitu
893 1745 1032 1827 pastoris
1049 1745 1186 1810 Hermae
1209 1769 1268 1829 ap·

90 1856 255 1935 parentem
288 1851 526 1914 corroboratum
565 1850 663 1914 fuisse
673 1851 693 1912 ².
752 1848 861 1912 Etiam
896 1847 1185 1914 Ps-Tertullianus
1218 1850 1270 1914 vel

91 1961 200 2020 auctor
221 1954 379 2038 poematis
402 1957 552 2019 adversus
575 1954 768 2017 Marcionem
791 1952 847 2027 ΙΙΙ,
866 1953 885 2015 9
911 1952 976 2032 (PL
992 1951 1032 2030 ΙΙ,
1058 1953 1155 2036 1078)
1183 1954 1268 2018 Her·

90 2083 173 2123 mam
196 2055 330 2123 fratrem
351 2058 401 2122 Pii
422 2063 528 2136 vocat,
562 2059 615 2122 sed
638 2060 774 2121 fortasse
797 2079 816 2118 a
839 2054 994 2139 catalogo
1016 2056 1181 2122 Liberiano
1212 2060 1267 2123 de-

91 2165 225 2247 pendet,
262 2185 334 2227 cum
367 2168 441 2247 post
476 2163 636 2228 saeculum
666 2161 712 2225 IV
745 2161 884 2224 medium
921 2161 1027 2245 potius
1065 2184 1159 2245 quam
1195 2168 1268 2226 ante

91 2269 253 2351 scripsisse
274 2267 452 2332 videatur³.

175 2371 264 2436 Inter
296 2373 381 2436 viros
415 2373 539 2450 doctos,
576 2371 630 2454 qui
664 2371 797 2435 saeculis
827 2370 905 2434 XVI
935 2375 967 2434 et
989 2370 1082 2435 XVII
1104 2377 1135 2435 et
1159 2372 1269 2437 XVIII

92 2477 218 2540 ineunte
248 2477 286 2541 de
309 2476 441 2541 Pastore
474 2476 683 2558 scripserunt,
717 2475 860 2558 plerique
882 2473 1035 2538 Hermam
1058 2477 1268 2560 apostolicum

91 2587 252 2644 auctorem
273 2579 470 2655 habuerunt,
494 2584 526 2643 et
549 2579 604 2643 alii
625 2581 755 2663 insuper
777 2579 894 2642 librum
918 2583 990 2642 ante
1014 2579 1268 2663 Hierosolymam

91 2684 227 2748 deletam
256 2684 407 2768 scriptum
437 2704 504 2747 esse
534 2685 780 2759 contenderunt,
816 2705 841 2746 e.
872 2703 903 2766 g.
935 2681 1052 2760 Cave⁴,
1083 2684 1267 2762 Baratier⁶3

91 2786 159 2863 alii,
193 2808 233 2850 ex
256 2808 390 2869 quorum
412 2808 543 2850 numero
566 2792 640 2850 sunt
662 2786 705 2849 Le
727 2785 895 2869 Nourry⁶‚
920 2786 1129 2864 Tillemont⁷‚
1158 2788 1268 2854 Remi·

91 2891 162 2974 gius
186 2890 353 2967 Oeillier⁸,
380 2891 540 2955 Lardner⁹
568 2891 685 2955 libmm
715 2892 755 2955 ad
784 2913 899 2954 armum
923 2892 964 2954 92
986 2893 1178 2970 retulerunt3
1215 2895 1269 2959 alu

91 2996 225 3079 denique
247 2999 374 3077 tempus
396 3017 459 3059 uon
489 2997 666 3060 accuratius
697 2996 902 3073 definierunt,
936 3018 961 3060 e.
988 3020 1018 3082 g.
1044 2996 1267 3077 Cotelerius¹⁰‚

163 3132 368 3196 lMommsen‚
402 3132 483 3186 Ueber
509 3133 559 3186 den
588 3133 811 3202 Obronopropten
828 3149 852 3185 a.
871 3131 897 3185 J.
917 3135 968 3186 354
993 3134 1223 3203 (Abbondtunpen
1242 3135 1268 3188 d.

88 3219 182 3286 philol.
201 3219 262 3273 bist.
284 3219 376 3273 Oleum
393 3219 418 3271 rt
438 3219 463 3271 k.
480 3220 568 3275 anche.
590 3219 728 3274 Gesellscb.
748 3220 774 3274 d.
803 3219 958 3275 Wissenscb.
980 3221 1047 3274 1850
1065 3238 1092 3289 p.
1112 3221 1170 3274 635.
1203 3222 1267 3290 Lip-

94 3306 156 3368 sius,
178 3307 302 3360 chronol.
322 3307 348 3361 d.
366 3311 432 3360 rbm.
452 3308 578 3374 Biscbbse
595 3325 621 3376 p.
642 3308 700 3360 266.
737 3306 893 3370 Duchesue,
913 3307 996 3360 Liber
1013 3307 1185 3376 pontificalis
1204 3308 1267 3372 1,4

161 3394 177 3446 2
197 3392 239 3447 Cf.
260 3391 415 3457 Duehesne,
436 3395 518 3448 Liber
536 3395 708 3463 pontificalis
727 3395 747 3456 1,
767 3395 808 3448 58.
830 3395 888 3448 132.
924 3393 1084 3458 Hinschius,
1104 3394 1267 3450 Decretules

94 3479 318 3534 Pseudo-Isidori
339 3480 405 3535 1863
425 3498 452 3550 p.
474 3482 531 3535 116.

162 3570 178 3623 3
197 3569 221 3623 J.
234 3567 338 3631 Waltz,
358 3569 421 3623 Dae
435 3569 638 3637 penedotertull.
659 3569 771 3624 Gedicht
784 3568 854 3620 Adv.
865 3566 952 3624 Marc.
968 3569 1041 3634 1901,
1061 3586 1176 3624 carmen
1190 3571 1268 3625 Gom-

94 3654 224 3708 modiano
244 3654 386 3708 attribuit.

161 3742 179 3794 4
198 3741 300 3810 Soript.
319 3741 415 3794 eccles.
435 3741 532 3797 histor.
552 3741 678 3797 literaria
697 3742 764 3796 1694
782 3759 808 3810 p.
830 3743 869 3796 15.
907 3742 1108 3797 intellexerunt
1133 3743 1164 3795 hi
1182 3744 1267 3814 scrip-

94 3832 166 3881 tores
184 3833 232 3896 τὴν
250 3831 340 3895 θλῑψιν
356 3833 403 3896 τὴν
431 3833 649 3897 μέλλουσαν
676 3832 723 3894 τὴν
742 3831 862 3896 μεγάλην
881 3828 939 3881 Vis.
957 3827 1004 3891 IV,
1024 3830 1047 3891 2,
1066 3831 1082 3881 5
1102 3828 1136 3881 de
1156 3830 1267 3885 excidio

96 3915 357 3984 HIerosolymitano

162 4005 178 4056 5
197 4003 365 4070 Disquisitio
386 4002 586 4073 chronologica
605 4003 656 4055 ete.
679 4002 746 4056 1740
765 4019 786 4054 c.
806 4001 915 4069 11153
933 4019 960 4070 p.
980 4001 1014 4055 39
1034 4018 1074 4067 sq.

161 4090 178 4143 0
196 4089 358 4158 Apparatus
378 4089 414 4141 ad
427 4087 494 4141 bibl.
507 4088 668 4141 maximam.
687 4088 728 4141 De
741 4088 802 4142 vita
814 4090 843 4141 et
862 4086 972 4156 seriptis
987 4105 1007 4139 s.
1021 4088 1141 4141 Hermae
1154 4093 1206 4143 art.
1220 4091 1267 4148 IV.

162 4175 339 4230 lMemoires
365 4192 434 4242 pour
460 4176 546 4229 servir
563 4175 581 4228 ὰ
599 4176 728 4230 l'bietoire
753 4176 814 4230 eccl.
840 4180 890 4228 art.
910 4173 937 4229 S.
958 4173 1074 4228 Hermos
1091 4181 1187 4230 nott
1224 4178 1267 4231 In-

93 4261 242 4332 terpretati
261 4266 326 4315 sunt
344 4262 374 4314 hi
393 4262 546 4330 scriptores
558 4260 771 4316 tribulationem
790 4261 868 4314 illam
885 4277 1017 4329 magnam
1036 4265 1268 4329 superventuram

93 4350 126 4403 de
144 4349 343 4419 persecutione
362 4347 525 4403 Domitiani,

161 4436 179 4490 8
197 4436 323 4490 Histoire
338 4437 461 4506 ρὲηὲναῑε
479 4443 525 4491 etc.
543 4436 582 4489 III
602 4452 624 4489 e.
646 4437 662 4490 9
683 4440 734 4490 art.
754 4437 777 4498 2,
799 4436 821 4487 l.

161 4526 178 4580 9
200 4525 447 4594 Gnatwnrdipket
464 4526 511 4580 der
529 4542 618 4595 evnnq.
640 4524 792 4578 Gescbicbtc
810 4520 853 4574 ed.
872 4521 962 4574 Berol.
984 4522 1049 4576 1750
1067 4521 1101 4585 Π,
1122 4524 1231 4579 76-79.

145 4612 179 4669 10
197 4613 275 4667 Patr.
293 4611 413 4681 apostol
433 4628 498 4680 opp.
518 4612 559 4665 ed.
580 4611 704 4667 Clericus
725 4607 843 4673 172411,
863 4608 896 4664 73
916 4625 956 4677 eq.
