2834 5018
115 321 232 387 LXXX
558 311 841 371 PROLEGOMENA.

116 497 274 561 cruciatus
296 495 436 580 palmam
458 493 602 576 martyrii
624 493 654 557 ei
669 493 804 577 eriperet
827 491 881 575 (cf.
898 492 989 558 Rom.
1008 493 1037 570 7,
1056 492 1097 574 1).
1137 491 1171 558 si
1187 498 1294 558 autem

116 605 241 685 putant,
266 622 337 664 eum
359 621 422 664 non
438 602 504 662 tam
520 596 635 674 animo,
662 618 723 680 quo
739 598 864 662 subitur
878 596 1074 680 martyrium,
1100 620 1196 682 quam
1211 620 1294 660 mar·

115 705 199 788 tyrio
230 705 293 790 ipsi
324 709 487 788 tamquam
520 701 610 785 operi
640 701 752 765 mortis
782 706 912 786 operato
942 702 1007 766 vim
1037 703 1229 779 attribuisse,
1262 703 1295 765 in

117 832 236 895 magno
266 831 371 873 errore
403 812 486 872 sunt.
533 805 564 872 S.
603 811 724 889 martyr
756 807 944 889 martyrium
974 808 1145 873 identidem
1179 809 1296 872 donum

117 915 179 980 Dei
207 915 337 998 benigni
369 918 402 977 et
423 912 633 976 misericordis
656 911 796 975 declarat
819 911 924 991 (Rom.
948 913 976 989 1,
998 913 1037 989 2;
1061 912 1092 990 9,
1109 914 1145 989 2;
1168 911 1294 976 Philad.

119 1021 148 1097 5,
168 1019 199 1101 1)
224 1022 256 1082 et
279 1041 319 1082 an
342 1039 378 1082 eo
402 1017 516 1101 dignus
539 1017 582 1081 sit
603 1018 732 1101 ignorat
755 1016 867 1096 (Trall.
885 1015 917 1099 4)
930 1020 953 1081 ².

205 1122 287 1188 Utut
311 1126 417 1186 autem
439 1144 489 1185 res
512 1144 545 1186 se
567 1121 673 1198 habet,
698 1120 763 1185 sive
786 1125 896 1186 auctor
917 1122 1023 1206 placet
1040 1122 1133 1188 nobis
1148 1121 1214 1186 sive
1230 1121 1295 1185 dis-

117 1229 226 1313 plicet,
249 1249 313 1292 non
335 1227 368 1290 id
391 1230 448 1303 est,
474 1227 511 1290 de
534 1247 596 1310 quo
620 1226 734 1311 agitur,
760 1226 816 1290 sed
830 1225 891 1290 hoc
905 1227 1106 1311 potissimum
1122 1227 1295 1311 quaeritur,

118 1357 195 1398 num
217 1334 278 1396 viri
300 1333 362 1396 fide
385 1332 474 1415 digni
496 1331 648 1414 epistulas
671 1333 711 1397 ab
735 1330 861 1415 Ignatio
884 1331 1019 1415 scriptas
1043 1353 1111 1395 esse
1129 1334 1295 1407 testentur,

119 1444 152 1504 et
173 1439 238 1502 iam
259 1436 403 1513 vidimus,
427 1434 563 1499 testibus
585 1456 687 1520 neque
711 1435 933 1519 antiquitatem
955 1457 1057 1521 neque
1073 1436 1296 1500 auctoritatem

120 1543 236 1606 deesse.
272 1538 473 1604 Contendunt
495 1539 622 1622 quidem
636 1535 658 1615 ²,
683 1538 807 1602 nullum
821 1540 1037 1604 testimonium
1052 1543 1187 1616 exstare,
1212 1538 1296 1623 quod

118 1667 182 1710 non
205 1667 244 1709 ex
265 1643 409 1728 epistulis
430 1643 509 1727 ipsis
531 1643 680 1707 haustum
702 1643 760 1719 sit;
788 1643 963 1722 Irenaeum,
989 1644 1169 1731 Origenem,
1193 1645 1295 1709 Euse-

119 1750 206 1816 bium
238 1749 391 1833 epistulas
423 1749 490 1813 sine
521 1748 616 1813 dubio
647 1748 764 1832 legisse
793 1770 908 1832 easque
936 1749 1063 1834 Ignatio
1097 1748 1295 1821 attribuisse3

120 1855 228 1939 quaeri
251 1859 366 1931 autem,
389 1876 465 1917 num
487 1852 614 1937 Ignatio
637 1852 781 1937 profecto
804 1876 842 1917 ea
864 1854 1064 1939 contigerint,
1098 1852 1236 1938 quaein
1258 1851 1296 1915 iis

119 1965 295 2037 narrentur,
327 1981 466 2043 numque
489 1960 529 2022 ab
553 1979 622 2022 eam
646 1980 773 2022 causam
797 1958 951 2042 epistulas
974 1958 1150 2041 scripserit3
1183 1977 1295 2022 conce·

121 2065 257 2128 dendum
280 2086 357 2140 esse,
383 2063 592 2146 Polycarpum
616 2062 712 2142 (Phil.
730 2064 759 2140 9,
779 2060 810 2144 1)
832 2063 951 2148 Ignatii
969 2063 1157 2146 martyrium
1171 2062 1295 2135 testari;

120 2190 179 2252 pro
207 2166 353 2251 epistulis
384 2171 489 2229 autem
519 2165 700 2230 testimonia
730 2165 821 2230 firma
843 2166 980 2249 proferri
1002 2190 1065 2232 non
1086 2189 1188 2250 posse.
1236 2165 1297 2232 Sed

120 2271 203 2335 idem
226 2271 421 2354 Polycarpns
449 2291 513 2334 non
535 2271 678 2354 martyrii
707 2275 842 2349 tantum,
873 2274 927 2336 sed
949 2273 1044 2337 etiam
1066 2271 1163 2353 (Phil.
1190 2273 1240 2349 13,
1263 2268 1296 2352 2)

121 2375 330 2460 epistularum
358 2375 573 2439 testimonium
604 2374 760 2457 perhibet,
792 2380 825 2439 et
853 2376 891 2440 de
912 2375 1037 2462 Ignatio
1066 2377 1160 2461 plura
1188 2376 1296 2454 refert,

121 2502 217 2563 quam
239 2501 320 2564 quae
342 2479 376 2543 in
398 2478 542 2563 epistulis
565 2477 725 2563 leguntur,
749 2479 795 2543 ita
817 2484 854 2543 nt
868 2486 1031 2564 appareat,
1057 2502 1130 2544 eum
1144 2502 1208 2545 non
1227 2501 1297 2544 om·

120 2585 196 2649 nino
220 2586 259 2650 ab
282 2584 332 2649 his
356 2586 538 2669 dependere,
561 2584 616 2647 sed
638 2587 752 2648 testem
774 2584 869 2667 plane
884 2585 1032 2649 idoneum
1048 2583 1150 2650 esse³.
1184 2584 1298 2670 Itaque

121 2712 161 2754 ne
183 2690 314 2754 minima
337 2690 464 2774 quidem
486 2710 581 2753 causa
603 2691 660 2765 est,
691 2693 728 2752 ut
750 2689 947 2754 authentiam
969 2689 1178 2773 epistularum
1200 2689 1297 2774 Igna·

122 2795 280 2860 tianarum
303 2794 337 2858 in
360 2794 491 2860 dubium
513 2814 669 2870 vocemus,
693 2793 743 2856 cui
764 2814 822 2858 nec
844 2794 1009 2878 pauciores
1031 2816 1089 2858 nec
1110 2793 1298 2857 infirmiores

121 2904 219 2965 testes
243 2922 339 2984 quam
359 2899 419 2963 ulli
440 2904 569 2984 patrum
591 2898 843 2982 apostolicorum
865 2900 954 2984 operi
975 2899 1222 2984 patrocinentur.

679 3071 733 3136 Vl.

211 3212 342 3277 Occasio
369 3213 577 3297 epistularum
601 3213 837 3277 scribendarum
864 3214 928 3277 iam
950 3233 1046 3295 supra
1059 3233 1090 3295 p.
1104 3210 1222 3275 LXXV
1251 3216 1299 3275 est

123 3317 275 3400 exposita.
324 3315 428 3381 Ordo
450 3319 764 3382 sententiarum
785 3318 838 3382 hic
860 3318 912 3382 ist.
947 3315 1149 3399 Ephesiis
1171 3316 1298 3380 scribit:

124 3444 157 3486 se
181 3423 356 3506 suscepisse
388 3444 441 3487 eos
470 3423 557 3507 ipsos
589 3423 622 3486 in
646 3421 795 3487 Onesimo
819 3423 967 3505 episcopo
992 3422 1031 3502 (c.
1058 3421 1089 3503 1)
1113 3427 1146 3485 et
1168 3421 1299 3505 reliquis

123 3526 207 3603 viris,
241 3547 319 3610 qnos
349 3527 383 3589 in
407 3527 539 3591 caritate
562 3527 602 3590 ad
624 3527 728 3610 ipsum
751 3527 902 3591 miserint.
951 3525 1128 3591 Oboediant
1150 3526 1300 3610 episcopo

124 3635 157 3695 et
177 3631 377 3715 presbyterio
400 3630 457 3714 (2).
505 3631 632 3710 Amore,
653 3653 716 3696 non
739 3632 857 3695 aliare
881 3632 1010 3696 ductum
1032 3652 1066 3694 se
1089 3651 1142 3694 eos
1166 3631 1205 3694 ad
1227 3631 1300 3695 nni·

196 3836 838 3906 1012211111,Ιφηαέίιιευ.Α.ρ.400-424;
866 3835 961 3898 Funis,
988 3834 1044 3889 Dic
1061 3835 1186 3890 Ecbtbeit
1202 3852 1230 3904 p.
1252 3835 1299 3888 111

124 3925 217 3978 -121
255 3923 355 3988 Quoad
383 3937 540 3977 sermonem
564 3921 669 3992 Ignatii
696 3921 743 3976 hic
766 3921 971 3986 animadverto,
999 3937 1097 3975 vocem
1126 3925 1301 3989 ἐξεμπλάριον

124 4009 194 4079 Eph.
208 4012 261 4074 2,1
282 4009 440 4064 adhibitam
457 4027 547 4079 nuper
564 4010 595 4062 in
613 4008 796 4078 inscriptione
816 4023 918 4079 graeca
937 4024 1009 4062 saec.
1028 4007 1054 4060 ΙΙ
1073 4008 1218 4062 inventam
1232 4023 1300 4062 esse.

125 4097 168 4151 Cf.
190 4099 243 4152 The
261 4098 381 4152 Joumot
397 4099 430 4164 of
444 4097 565 4153 Hellopia
583 4096 693 4152 Studien
711 4098 737 4151 X
754 4096 851 4166 (1889),
871 4096 930 4150 219.

195 4184 313 4248 21111111,
337 4185 419 4239 Urber
439 4185 491 4239 dea
512 4184 654 4255 Urspruap
672 4185 719 4239 des
737 4185 916 4252 Episcopctcs
934 4183 951 4235 1
972 4200 995 4237 c.
1013 4200 1041 4251 p.
1062 4182 1208 4237 167-169.

195 4271 211 4326 3
231 4272 273 4328 Cf.
291 4272 378 4335 Funlr¹
398 4271 453 4327 Die
471 4272 596 4327 Ecttlceit
613 4288 641 4340 p.
662 4271 805 4326 100-103.
