2834 5018
169 306 208 369 16
660 294 846 351 nocuum

167 473 447 559 καταπονουμένῳ,
483 475 519 538 οὐ
550 471 755 556 γινώσκοντες
790 475 842 535 τόν
865 471 1038 556 ποιήσαντα
1062 476 1192 556 αὐτούς,
1227 486 1346 561 φονεῖς

167 582 307 659 τέκνων,
332 583 460 662 perpere
484 579 667 662 πλάσματος
690 582 778 658 θεοῦ,
802 578 1067 661 ἀποστρεφόμενοι
1085 581 1137 644 τόν
1154 580 1346 665 ἐνδεόμενον,

168 695 416 762 κατακανοῦντες
431 687 484 751 τόν
501 685 699 771 θλιβόμενον,
715 683 873 747 πλουσίων
889 682 1093 768 παράκλητοι,
1116 685 1257 768 πενήτων
1274 690 1347 752 οἶνο-

167 809 218 872 μοι
233 789 345 872 κριταί,
362 791 636 874 πανδαμάρτητοι·
653 789 829 874 ρυσθείητε,
853 787 957 867 τέκνα,
974 789 1037 851 ἀπὸ
1052 788 1170 852 τοότων
1186 790 1345 857 ἁπάντων.

253 897 308 962 VI.
334 893 425 978 Ὅρα,
449 899 496 979 με]
520 899 568 976 τίς
593 917 631 960 σε
654 895 814 980 πλανήσῃ
838 894 899 955 ἀπὸ
922 892 1036 977 ταύτης
1050 903 1105 977 της
1127 893 1200 957 όδοῦ
1224 906 1278 979 της
1303 898 1346 960 δι-

167 999 282 1084 δαχῆς,
313 999 379 1064 ἐπεί
410 1002 564 1082 παρεκτὸς
587 1003 666 1066 θεοῦ
689 1020 726 1062 σε
748 998 897 1062 διδάσκει.
943 1003 972 1064 2.
1003 998 1030 1061 εί
1053 999 1191 1083 μὲνγὰρ
1214 1000 1346 1066 δύνασαι

167 1102 321 1188 βαστάσαι
345 1103 418 1167 όλον
441 1106 494 1167 τόν
518 1104 611 1186 ζυγόν
627 1112 681 1165 τοῦ
697 1102 814 1185 κυρίου,
838 1101 955 1177 τέλειος
970 1103 1043 1187 sop-
1067 1103 1094 1167 εἰ
1109 1104 1135 1166 δ’
1153 1106 1188 1168 οὐ
1204 1106 1346 1189 δύνασαι,

168 1206 285 1290 δδόνη,
309 1216 400 1271 τοῦτο
420 1208 510 1274 ποίει.
557 1210 586 1273 3.
611 1209 679 1290 περί
695 1207 729 1270 δὲ
744 1218 798 1291 της
815 1206 969 1293 βρώσεως,
986 1209 1003 1270 ό
1019 1208 1148 1273 δύνασαι
1170 1209 1344 1296 βάστασον·

168 1310 231 1373 άπὸ
253 1311 289 1373 δὲ
318 1321 372 1374 τοῠ
396 1311 607 1377 είδωλοθότου
637 1312 707 1375 λίαν
736 1312 890 1394 πρόσεχε·
921 1311 1049 1394 λατρεία
1077 1312 1138 1396 γάρ
1169 1313 1234 1377 ἐστι
1258 1319 1346 1381 θεῶν

130 1432 155 1469 10
169 1424 297 1497 νεκρῶν.

253 1522 325 1586 VH.
350 1519 425 1605 Περί
448 1522 482 1585 δὲ
505 1531 559 1585 τοῦ
576 1521 796 1607 βαπτίσματος,
821 1524 903 1585 οὕτω
919 1520 1103 1607 βαπτίσατε·
1127 1533 1226 1586 ταῦτα
1241 1524 1345 1588 πάντα

238 1695 254 1748 3
273 1712 314 1762 sq.
333 1700 459 1767 πενήτων
477 1727 512 1736 —-·
529 1701 692 1766 πανδαμ.)
711 1697 731 1750 L
755 1700 760 1763 Ι
784 1698 800 1751 5
820 1712 868 1770 τῆς
885 1697 987 1765 ὀδοῦ)
1004 1696 1025 1748 L
1042 1697 1046 1766 Ι
1063 1696 1224 1753 6διδάσκειι
1244 1697 1265 1750 L
1288 1701 1342 1752 ter-

167 1781 270 1834 minat:
296 1782 373 1836 Huec
399 1783 428 1836 in
452 1782 624 1837 consulendo
651 1783 675 1837 si
703 1784 819 1839 cottidie
849 1784 968 1848 feceris,
996 1799 1085 1853 prope
1113 1782 1166 1837 eris
1194 1784 1258 1838 vivo
1280 1784 1341 1839 deo.

168 1868 249 1934 Quod
269 1870 368 1923 sinon
386 1870 500 1933 feceris,
528 1870 614 1940 louge
640 1871 693 1925 eris
712 1889 729 1925 ο
747 1871 875 1926 veritate.
913 1873 990 1925 Haec
1010 1870 1103 1925 omnia
1120 1869 1174 1923 tibi
1199 1870 1228 1922 in
1248 1871 1344 1925 animo

166 1973 253 2025 pone,
283 1958 311 2010 et
329 1974 386 2011 non
405 1957 542 2027 deciperis
561 1959 595 2011 de
615 1976 665 2027 spe
683 1960 745 2021 tua,
766 1959 815 2013 sed
834 1976 885 2028 per
901 1960 972 2013 haec
991 1960 1089 2012 sancte.
1107 1958 1264 2012 certamina
1282 1974 1345 2028 per·

166 2044 260 2097 venies
279 2043 317 2097 ad
336 2061 484 2107 coronam,
512 2061 562 2114 per
582 2045 725 2099 dominum
744 2047 836 2101 Iesum
858 2046 1001 2101 Christum
1020 2047 1186 2116 regnantem
1205 2047 1233 2099 et
1254 2046 1344 2100 dorni·

167 2134 282 2184 nantem
301 2147 364 2183 cunr
382 2132 434 2185 deo
452 2133 534 2201 putre
554 2135 584 2186 et
602 2132 705 2202 spiritu
726 2135 824 2187 sancto
846 2132 1002 2187 insaecula
1021 2132 1206 2187 soeculorum.
1244 2134 1342 2186 Amen.

166 2255 207 2308 21.
219 2254 260 2307 31.
274 2283 303 2292 -
320 2252 547 2325 οδγινάνσκοντες
557 2276 581 2311 τ.
591 2276 620 2311 π.
630 2254 741 2326 αὐτούς]
767 2257 872 2310 lebant.
907 2255 1008 2309 Matth.
1034 2258 1073 2318 11,
1093 2255 1134 2308 29.
1154 2255 1187 2309 30
1215 2254 1344 2310 Christus

168 2340 208 2394 Cf.
229 2338 293 2408 Sap.
316 2341 362 2404 15,
385 2343 430 2395 11:
458 2343 575 2414 ἠγνόησε
600 2344 651 2400 τὸν
675 2345 742 2401 πλά-
769 2342 928 2397 doctrinam
945 2343 989 2396 vel
1007 2346 1162 2412 praecepta
1181 2358 1232 2395 suu
1245 2340 1343 2411 iugum

167 2448 255 2484 σαντα
273 2426 367 2484 αὐτόν.
403 2430 453 2482 Ics.
476 2432 497 2493 1,
517 2431 541 2485 3.
561 2429 606 2484 Os.
627 2432 650 2493 5,
664 2431 688 2483 4.
708 2462 742 2470 -
769 2429 896 2499 appellat
912 2430 996 2498 idque
1015 2431 1100 2503 ζυγόν
1115 2430 1246 2502 χρηστόν.
1283 2430 1343 2483 Ηοο

166 2513 409 2586 ἀποστρεφόμενοι
434 2536 460 2572 τ.
486 2515 551 2588 ἐνδ]
578 2519 619 2572 Cf.
646 2480 830 2572 adnotdloco
849 2534 902 2571 vox
920 2518 1016 2588 ζυγός,
1038 2518 1070 2567 ut
1089 2531 1230 2569 connexus
1251 2515 1342 2577 docet,

167 2602 204 2654 ed
229 2602 259 2666 4,
279 2603 302 2657 8.
329 2632 360 2642 -
385 2614 610 2672 καταπονοῦντες
635 2625 659 2661 τ.
684 2604 741 2674 θλ]
768 2606 922 2672 praccepta
940 2605 1042 2656 cuncta
1056 2600 1205 2672 significat,
1226 2602 1261 2656 de
1280 2603 1341 2670 qui·

166 2689 232 2759 Sep.
246 2692 270 2753 2,
285 2690 318 2744 10
336 2690 458 2759 improbi
471 2692 641 2758 loquuntur:
659 2712 741 2749 κατα·
767 2691 819 2746 bus
838 2690 868 2744 in
886 2693 967 2760 perte
980 2688 1166 2742 antecedente
1180 2705 1271 2745 sermo
1291 2695 1342 2753 est,

165 2778 395 2848 δυναστεύσωμεν
424 2777 528 2849 πένητα
564 2782 677 2836 δίκαιον.
710 2808 740 2817 -
768 2777 935 2846 praesertim
946 2775 1198 2846 praeceptavitom
1209 2777 1343 2831 Christia-

166 2869 306 2924 πλουσίων
323 2866 363 2937 π.]
384 2865 425 2920 cf.
440 2866 503 2920 Lev.
521 2866 560 2929 19,
582 2868 622 2920 15.
643 2896 677 2906 -
694 2886 741 2923 πε·
768 2882 868 2919 uorum
886 2866 1043 2934 perfectam
1066 2862 1240 2932 spectantia,
1270 2882 1342 2932 quoe

166 2957 256 3023 νὴτων
280 2949 323 3009 άν.
341 2953 443 3026 κριται]
472 2953 514 3007 ef.
541 2954 586 3006 Ps.
604 2953 645 3016 81,
665 2955 740 3008 2-4.
770 2953 792 3017 1,
812 2953 880 3006 3-6
898 2953 1039 3021 leguntur.
1078 2951 1194 3013 Versus,
1221 2954 1254 3004 ut
1279 2971 1342 3023 par.

167 3039 452 3112 —rrcvtrpctprqrod
474 3037 515 3092 Os.
527 3040 552 3092 11
563 3039 647 3095 Clem‘.
664 3042 703 3105 18,
716 3043 739 3095 2.
767 3038 856 3093 ticulu
872 3039 926 3112 γὰρ
943 3038 1064 3101 indicat,
1089 3036 1131 3089 itu
1150 3053 1213 3090 cum
1232 3041 1343 3093 antece-

167 3152 200 3162 -
220 3125 366 3198 ῥυσθείητε
384 3125 454 3194 κτλ]
475 3124 517 3178 Of.
536 3125 599 3195 Sep.
618 3126 642 3189 2,
665 3129 705 3181 19.
768 3129 852 3183 dente
866 3127 1031 3181 coniunctus
1045 3127 1095 3189 est,
1109 3127 1142 3179 ut
1153 3141 1244 3192 aeque
1257 3130 1343 3193 atque

202 3208 246 3263 vl.
269 3212 291 3264 1.
327 3214 436 3282 διδαχῆς
453 3211 471 3265 i.
488 3227 510 3264 e.
532 3211 661 3266 doctrina
679 3214 742 3267 tota
767 3218 853 3270 verba
876 3215 976 3285 ταύτης
999 3225 1048 3284 τῆς
1070 3211 1137 3270 ὁδοῦ
1163 3225 1212 3282 τῆς
1235 3218 1344 3285 διδαχῆς

167 3294 196 3349 in
214 3298 296 3365 purte
314 3299 501 3366 praecedente
522 3300 657 3367 expositu
688 3300 740 3356 Eo·
752 3336 755 3341 ,
768 3303 802 3357 de
820 3303 948 3358 doctrino
960 3317 1045 3369 supra
1066 3298 1195 3368 exposite
1208 3299 1343 3370 interpre-

166 3383 229 3435 dem
249 3401 334 3437 sensu
346 3385 492 3439 Barnabas
511 3386 550 3449 18,
567 3388 580 3439 1
600 3404 669 3441 νοτε
687 3388 740 3442 uti·
752 3374 755 3391 ¹
767 3391 869 3444 tandus
887 3389 932 3442 sit.
963 3387 1017 3441 Vix
1030 3390 1106 3440 recte
1119 3385 1216 3439 Schuff
1232 3385 1343 3456 delego

166 3470 220 3534 tur,
240 3471 397 3526 doctrinam
426 3473 543 3527 duarum
568 3475 677 3529 viarum
699 3477 739 3530 in·
767 3478 800 3531 V.
820 3478 850 3531 T.
871 3473 1050 3530 ceremoniuli
1069 3471 1190 3542 cogitat,
1209 3474 1343 3528 Heruack

168 3556 320 3613 dicans.—
333 3562 473 3633 παρεκτὸς
490 3563 570 3632 θεοῦ]
584 3562 601 3613 i.
615 3578 637 3615 e.
657 3561 740 3617 aliter
767 3565 802 3618 de
821 3562 938 3617 consilio
957 3559 1139 3630 virginitatis.
1169 3590 1202 3598 —
1227 3560 1341 3631 τέλειος]

168 3659 200 3697 oc
219 3645 306 3708 Deus,
334 3648 396 3700 viss
414 3647 490 3702 vitae
518 3650 547 3701 et
570 3649 668 3702 mortis
686 3649 740 3705 tibi
766 3653 873 3706 Auctor
884 3648 1000 3718 respicit
1010 3647 1111 3701 Mutth.
1124 3647 1164 3709 19,
1172 3645 1215 3699 21.
1232 3676 1265 3685 —
1281 3647 1308 3703 εί
1319 3646 1342 3704 δ’

167 3749 333 3802 proponens.
372 3735 414 3789 cf.
433 3736 512 3789 Rom.
534 3735 573 3798 16,
596 3738 634 3791 17.
766 3737 800 3796 οὐ
816 3736 939 3806 δύνασαι]
957 3737 1065 3789 Auctor
1083 3733 1190 3797 annuit,
1208 3752 1266 3789 non
1286 3753 1343 3789 om·

201 3818 226 3872 2.
261 3821 395 3895 βαστάσαι
415 3860 437 3874 ..
457 3822 550 3893 ζυγόν]
570 3824 631 3877 Act.
653 3824 739 3888 15,10
766 3825 814 3878 niu
832 3824 973 3885 mundata,
993 3838 1066 3890 quue
1084 3821 1249 3890 proposuit,
1279 3838 1342 3876 vere

167 3903 268 3957 Petrus
281 3906 316 3960 de
327 3908 393 3978 iugo
406 3908 539 3975 loquitur,
559 3909 636 3975 quod
647 3928 739 3979 neque
765 3914 918 3980 praecepta
941 3913 970 3963 et
997 3907 1111 3963 omnino
1136 3908 1266 3962 omnibus
1288 3926 1342 3963 ser-

167 3994 262 4058 petres
280 4010 371 4060 neque
389 3993 511 4049 iuniores
529 3998 642 4064 portare
660 3999 858 4067 pote-,vendo
885 4013 960 4060 esse;
991 3996 1040 4063 qui
1068 4011 1133 4048 vero
1162 4012 1218 4049 non
1247 3996 1342 4050 omniu

167 4079 238 4140 rant,
258 4079 366 4135 scilicet
390 4083 424 4137 de
448 4083 511 4153 lege
530 4085 630 4147 Musis,
654 4102 739 4152 quum
751 4126 754 4155 ,
766 4085 901 4137 mandute
918 4084 1036 4152 implere
1046 4085 1171 4152 possunt,
1183 4099 1231 4135 eos
1243 4082 1341 4137 adhor-

168 4164 283 4232 quidem
300 4168 452 4222 Christiani
475 4186 509 4223 ex
528 4170 739 4225 circumcisione
765 4173 850 4232 tatur,
872 4173 905 4223 nt
920 4170 1039 4231 fuciunt,
1066 4168 1205 4236 quidquid
1223 4170 1340 4238 possint.

168 4251 335 4306 Christianis
346 4254 529 4310 Antiochenis
539 4256 684 4328 imponere
693 4275 738 4313 vo·
801 4258 824 4311 3.
844 4261 907 4330 περὶ
926 4256 956 4313 δὲ
973 4267 1022 4326 τῆς
1038 4253 1179 4328 βρώσεως]
1205 4255 1342 4311 Similiter
