2834 5018
196 296 259 361 160
661 294 674 346 I
692 292 896 349 CLEMEN'I'IS

194 465 278 532 Οὐαί
294 474 342 552 τῷ
355 466 532 554 ἀνθρώπῳ
551 469 689 552 ἐκείνῳ·
713 467 821 533 καλὸν
841 471 885 553 ἦν
904 470 1008 554 αὐτῷ,
1028 471 1058 534 εί
1069 472 1131 534 οὐκ
1148 467 1329 554 ἐγεννήθη,
1345 471 1367 552 ίΙ

191 573 253 636 ἕνα
276 577 347 636 τῶν
369 571 539 637 ἐκλεκτῶν
560 595 628 655 μου
651 570 891 637 σκανδαλίσαι·
914 579 1068 658 κρεῖττον
1089 575 1134 657 ἦν
1156 575 1249 657 αὐτῷ
1273 594 1367 657 περι-

192 675 335 762 τεθῆναι
357 676 469 758 μύλον
491 679 547 742 καί
563 675 880 760 καταποντισθῆναι
902 678 950 758 είς
973 679 1036 761 τὴν
1050 675 1245 756 θάλασσαν,
1269 677 1367 760 ἣὲνα

191 786 262 845 τῶν
293 779 462 846 ἐκλεκτῶν
492 803 560 862 μου
591 781 802 866 διαστρέψαι.
848 781 879 845 9.
902 781 938 842 τό
969 779 1087 862 σχίσμα
1115 780 1202 863 ὑμῶν
1231 777 1367 853 πολλοὺς

166 881 389 968 σδιέστρεψεν,
416 883 553 960 πολλοὺς
576 885 618 960 είς
641 884 780 968 ἀθυμίαν
803 883 932 968 ἔβαλεν,
963 882 1100 960 πολλοὺς
1123 884 1165 960 εἰς
1186 882 1367 968 δισταγμὸν,

194 991 265 1063 τοὺς
287 989 406 1063 πάντας
428 988 510 1073 ἡμᾶς
533 989 576 1064 εἰς
599 988 715 1073 λύπην·
746 989 800 1050 καί
824 987 968 1072 ἐπίμονος
991 989 1077 1071 ὑμῶν
1100 988 1182 1052 ἐστίν
1205 987 1226 1071 ἡ
1249 988 1366 1062 στάσις.

281 1094 408 1159 XLVII.
433 1092 625 1178 Ἀναλάβετε
647 1096 703 1177 τὴν
726 1093 891 1178 ἐπιστολὴν
914 1104 969 1157 τοῦ
991 1093 1144 1177 μακαρίου
1160 1090 1290 1155 Παύλου
1313 1099 1368 1153 τοῦ

194 1195 382 1262 ἀποστόλου.
429 1201 458 1264 2.
483 1196 512 1260 τί
534 1208 656 1279 πρῶτον
678 1198 748 1280 ὑμῖν
772 1198 805 1262 ἐν
827 1200 910 1282 ἀρχη
931 1208 986 1261 τοῦ
1009 1196 1192 1283 εὐαγγελίου
1215 1196 1368 1281 ἔγραψεν,

193 1305 223 1368 3.
250 1299 299 1363 ἐπ’
322 1301 476 1386 ἀληθείας
497 1310 712 1386 πνευματικῶς
735 1302 911 1367 ἐπέστειλεν
933 1304 1003 1387 ὑμῖν
1025 1304 1094 1385 περὶ
1124 1302 1235 1365 ἑαυτοῦ
1259 1322 1294 1365 τε
1315 1302 1368 1364 καί

154 1429 180 1466 ιο
195 1405 293 1490 Κηφᾶ
315 1426 349 1469 τε
370 1406 424 1467 καί
445 1403 609 1486 Ἀπολλώ,
640 1407 691 1470 διὰ
713 1409 749 1470 τό
771 1410 825 1470 καί
847 1408 918 1472 τότε
939 1408 1136 1491 προσκλίσεις
1159 1408 1239 1489 ὑμᾶς
1261 1428 1368 1470 πεποι-

197 1514 307 1595 ῆσθαι.
352 1517 383 1579 4.
407 1511 479 1575 ἀλλ’
501 1511 522 1595 ἡ
543 1512 724 1594 πρόσκλισις
747 1512 849 1598 ἐκείνη
872 1514 987 1597 ἥττονα
1009 1513 1163 1596 ἁμαρτίαν
1184 1512 1255 1595 ὑμῖν
1275 1533 1368 1595 προσ·

192 1615 342 1701 ἡνεγκεν·
366 1614 598 1699 προσεκλίθητε
618 1609 679 1700 γὰρ
701 1616 888 1692 ἀποστόλοις
903 1614 1185 1700 μεμαρτυρημένοις
1208 1616 1261 1677 καί
1283 1614 1369 1696 ἀνδρὶ

192 1719 445 1805 ὃεδοκιμασμένιρ
468 1719 542 1801 παρ’
565 1722 678 1794 αὐτοῖς.
727 1723 755 1787 5.
780 1722 844 1784 νυνί
867 1720 902 1784 δέ
925 1720 1159 1804 κατανοήσατε,
1187 1719 1267 1795 τίνες
1289 1718 1369 1802 ὑμᾶς

192 1823 375 1908 διέστρεψαν
398 1826 451 1887 καί
475 1826 511 1887 τό
535 1827 647 1908 σεμνόν
670 1833 724 1907 της
746 1824 930 1910 περιβοήτου
954 1824 1158 1907 φιλαδελφίας
1178 1824 1265 1907 ὑμῶν
1288 1822 1369 1906 ἐμεί-

154 1952 180 1989 ισ
194 1950 289 1992 ωσαν.
336 1933 365 1996 6.
390 1929 520 2012 αἰσχρά,
544 1929 718 2013 ἀγαπητοί,
741 1931 795 1992 καί
817 1928 888 1994 λίαν
910 1930 1025 2012 αἰσχρά
1047 1931 1100 1991 καί
1124 1927 1235 2005 ἀνάξια
1259 1937 1314 2012 της
1336 1927 1369 1990 ἐν

192 2032 319 2117 Χριστῷ
343 2035 469 2118 ἀγωγῆς
492 2034 683 2114 ἀκούεσθαι,
713 2036 769 2117 τὴν
793 2033 997 2120 βεβαιοτάτην
1019 2036 1073 2097 καί
1096 2032 1230 2115 ἀρχαίαν
1254 2031 1368 2114 Κοριν-

193 2139 273 2203 θίων
316 2137 486 2222 ἐκκλησίαν
522 2138 562 2202 δι’
594 2139 626 2203 ἓν
655 2140 676 2223 ἢ
705 2139 759 2202 δύο
802 2139 955 2221 πρόσωπα
988 2137 1164 2215 στασιάζειν
1195 2138 1272 2218 πρὸς
1299 2139 1370 2212 τούς

193 2241 428 2326 πρεσβυτέρους.
475 2245 503 2309 7.
526 2245 580 2305 καὶ
604 2245 681 2327 αύτη
704 2242 724 2326 ἡ
747 2245 828 2327 ἀκοὴ
852 2246 888 2307 οὐ
912 2244 1006 2326 μόνον
1029 2243 1072 2318 εἰς
1094 2241 1176 2326 ἡμᾶς
1198 2239 1369 2325 ἐχώρησεν,

195 2345 277 2408 ἀλλὰ
298 2348 351 2408 καί
384 2347 427 2422 εἰς
449 2349 520 2421 τοὺς
547 2345 748 2427 ἑτεροκλινεῖς
775 2347 972 2430 ὑπάρχοντας
994 2345 1050 2429 ἀφ’
1072 2345 1179 2429 ἡμῶν,
1211 2347 1295 2408 ὥστε
1316 2345 1369 2407 καί

154 2470 181 2509 το
195 2448 392 2534 βλασφημίας
408 2449 612 2532 ἐπιφέρεσθαι
627 2459 671 2533 τῷ
687 2451 814 2534 ὀνόματι
828 2452 936 2534 κυρίου
959 2452 1011 2515 διὰ
1025 2455 1081 2535 τὴν
1105 2449 1256 2536 ὑμετέραν
1272 2452 1368 2533 ἀφρο-

195 2554 299 2638 σύνην,
323 2553 443 2630 ἑαυτοῖς
466 2554 500 2617 δέ
522 2554 664 2618 κίνδυνον
688 2555 964 2640 ἐπεξεργάζεσθαι.

282 2659 424 2725 XLVIII.
455 2657 634 2742 Ἐξοίριυμεν
665 2657 720 2723 ούν
751 2671 842 2723 τοῦτο
873 2660 906 2725 ἐν
940 2661 1028 2743 τάχει
1063 2662 1117 2723 καί
1144 2658 1370 2741 προσπέσωμεν

194 2770 238 2845 τῷ
261 2762 397 2847 δεσπότη
419 2764 472 2826 καί
495 2763 682 2846 κλαύσωμεν
707 2764 895 2840 ἱκετεύοντες
918 2765 1027 2843 αὐτόν,
1058 2766 1142 2839 ὅπως
1164 2763 1259 2838 ἵλεως
1280 2763 1370 2847 γενό-

195 2887 285 2950 μενος
317 2867 555 2952 ἐπικαταλλαγῇ
583 2867 655 2952 ἡμῖν
685 2870 739 2932 καί
768 2868 818 2933 ἐπί
848 2872 904 2953 τὴν
936 2872 1051 2952 σεμνὴν
1082 2880 1136 2952 τῆς
1165 2866 1370 2950 φιλαδελφίας

155 2994 182 3032 τε
195 2973 282 3056 ἡμῶν
312 2973 409 3057 ἁγνὴν
442 2975 569 3057 ἀγωγὴν
599 2973 845 3058 ἀποκαταστήσῃ
875 2975 966 3058 ημᾶς.
1013 2979 1042 3040 2.
1066 2972 1148 3057 πύλη
1170 2975 1231 3056 γὰρ
1253 2972 1370 3035 δικαιο-

268 3147 280 3199 1
301 3143 351 3201 ούκ
369 3149 464 3216 ΑιμιΙ
483 3145 509 3198 Η
533 3145 537 3214 Ι
561 3144 579 3196 4
598 3142 737 3200 ἐκλεκτῶν
757 3165 813 3213 μου
838 3144 1001 3217 διαστρέψαι
1020 3143 1062 3198 LS
1081 3143 1158 3197 Glem
1171 3162 1177 3196 :
1190 3151 1300 3215 μικρῶν
1317 3162 1371 3210 μου

196 3235 374 3288 σκανδαλίσαι
393 3230 444 3283 ΑΗ
460 3232 464 3300 Ι
480 3232 497 3284 6
516 3234 587 3300 ἡμᾶς
599 3250 605 3284 :
618 3229 689 3301 ὑμᾶς
707 3231 733 3284 Η
750 3233 754 3301 Ι
770 3232 786 3285 8
804 3235 831 3288 τί
847 3240 962 3306 πρῶτον
979 3232 1051 3286 AHS
1066 3251 1071 3285 :
1086 3230 1325 3298 quemadmodum
1343 3229 1370 3291 L,

196 3322 257 3375 τίνα
268 3321 374 3390 τρόπον
384 3317 481 3387 Knopf
495 3319 498 3389 Ι
515 3317 658 3376 θοντουΑ
675 3324 679 3387 Ι
695 3319 756 3384 ello
766 3340 796 3376 τε
806 3360 812 3372 .
823 3360 829 3373 .
841 3340 871 3376 τε
880 3324 915 3387 >
925 3320 970 3374 Hs
987 3320 991 3390 Ι
1009 3321 1040 3375 10
1051 3324 1168 3391 Κηφᾶ..
1182 3317 1316 3375 'laone
1328 3327 1371 3372 Ν

196 3405 222 3457 Η
238 3406 242 3476 Ι
261 3407 337 3471 11Ι12
356 3403 489 3476 ἐπήνεγκε
507 3404 534 3459 Η
557 3404 561 3474 Ι
589 3406 620 3458 12
637 3424 790 3476 μεμαρτυρ.
805 3424 810 3456 =
825 3406 1067 3475 ἀεδοκιμασμένοις
1087 3407 1113 3459 Η
1128 3407 1132 3474 Ι
1151 3407 1182 3460 13
1202 3410 1290 3461 δεδοκ.
1306 3422 1370 3472 εμε-

195 3491 397 3566 μαρτυρημένῳ
416 3492 441 3544 Η
467 3492 470 3558 Ι
495 3490 587 3548 αὐτῶν
604 3492 631 3545 Η
655 3492 659 3563 Ι
686 3493 717 3545 16
735 3490 984 3565 ἀγωγῆςιάγάπης
1002 3492 1029 3546 Η
1054 3493 1057 3563 Ι
1082 3494 1113 3548 19
1131 3490 1210 3560 ὑμῶν
1229 3492 1256 3545 Η
1272 3493 1275 3561 Ι
1292 3493 1324 3546 21
1344 3487 1371 3546 δέ

196 3576 734 3648 ΑττεΗΙ24ύμῖνΗ125ύμῶν..
754 3578 825 3648 ὑμᾶς
844 3580 1177 3652 ΗΙημῶνΑΗι-Ι-καί
1197 3579 1238 3632 LS
1259 3578 1338 3633 Clem

198 3716 928 3787 cinati.Reperiuntureedemverbeapud'irenaeus
947 3721 966 3782 l,
986 3720 1011 3783 8,
1030 3719 1061 3782 2;
1085 3717 1130 3780 IV,
1150 3720 1192 3780 27,
1211 3718 1236 3772 3.
1254 3719 1286 3779 4;
1313 3715 1371 3771 Ori·

198 3803 282 3857 Clem.
302 3806 345 3857 Al.
364 3804 466 3858 Sirom.
484 3805 530 3869 ΙΙΙ,
551 3803 654 3868 18,107
672 3822 698 3873 p.
712 3807 769 3860 561.
799 3823 884 3876 genes
904 3808 934 3861 G.
948 3806 1019 3862 Cels.
1033 3807 1053 3868 Ι,
1067 3807 1115 3868 63;
1134 3805 1181 3867 ΠΙ,
1195 3804 1244 3865 20;
1263 3804 1370 3857 Metho-

232 3890 339 3954 XLVII,
362 3895 383 3946 1.
402 3896 452 3962 τὴν
468 3890 624 3963 ἐπιστολήν]
636 3910 672 3948 τα,
686 3894 770 3948 [Cor.
782 3930 785 3947 .
798 3894 860 3947 dius
889 3893 1015 3961 Sympos.
1034 3891 1087 3955 III,
1109 3893 1152 3954 14;
1184 3891 1371 3960 Hieronymus

200 3980 222 4041 1,
244 3979 275 4032 10
294 3995 356 4045 sqq.
379 3978 442 4032 Non
461 3979 588 4045 sequitur
606 3994 640 4032 ex
659 3978 712 4032 hoc
730 3978 770 4031 di·
797 3978 848 4049 Ep.
867 3981 901 4033 52
921 3997 942 4032 c.
962 3980 979 4033 9
996 3981 1025 4032 ei
1043 3978 1100 4032 alii.

199 4064 281 4118 cendi
293 4065 382 4128 mode,
403 4064 576 4120 Clementem
592 4065 704 4120 nonnisi
714 4065 770 4134 pri-
831 4067 855 4120 2.
875 4065 905 4123 ἐν
923 4065 994 4140 ἀρχῇ
1013 4087 1035 4122 τ.
1056 4065 1161 4138 elam]
1179 4064 1199 4117 i.
1218 4079 1241 4117 e.
1268 4062 1299 4116 in
1317 4060 1371 4131 pri·

198 4167 273 4203 mam
293 4150 330 4203 ed
349 4151 509 4206 Corinthios
537 4152 687 4222 epistulam
706 4168 769 4221 cog·
797 4152 913 4206 mordiis
937 4152 1117 4223 evangelicae
1143 4148 1372 4223 praedicationis.

199 4237 289 4290 nitam
308 4238 450 4294 habuisse.
470 4239 604 4293 Similiter
615 4240 771 4305 loquuntur
798 4240 840 4294 cf.
859 4239 931 4296 Phil.
949 4241 974 4304 4,
997 4241 1036 4295 15.
