2834 5018
456 604 483 663 s,
495 604 704 661 Ponvoanrr
716 605 901 661 uersuum.
1144 610 1265 679 XCVII

92 786 298 871 profecerunt,
325 806 364 849 eo
379 784 550 868 praecipue
564 783 679 861 meriti,
704 784 788 868 quod
804 784 955 850 lectiones
977 786 1105 852 illorum
1120 789 1262 854 codicum

90 891 338 975 publicaverunt.
387 888 524 953 Textum
547 910 656 952 revera
679 889 857 954 emendavit
879 890 969 956 Zahn
994 891 1115 975 (1876),
1140 917 1178 958 ea
1199 918 1263 977 qna

89 1021 141 1082 par
168 1001 218 1062 est
251 994 421 1081 diligentia
451 1015 559 1058 omnes
590 993 689 1057 libros
721 995 891 1078 impressos
920 999 1137 1083 pervestigans
1168 1005 1200 1064 et
1229 1001 1262 1065 in

88 1126 174 1168 usum
196 1125 291 1166 suum
322 1103 458 1164 vertens.
505 1096 584 1162 Cum
614 1102 720 1162 autem
743 1099 817 1164 libri
847 1103 1052 1185 manuscripti
1075 1105 1114 1168 ab
1138 1126 1175 1168 eo
1198 1126 1261 1169 non

87 1207 218 1292 inspecti
241 1211 275 1270 et
304 1205 411 1289 plures
435 1203 573 1279 codices,
603 1205 788 1286 praesertim
816 1203 978 1270 Parisinus
1007 1211 1039 1271 et
1061 1208 1259 1287 Baliolensis,

85 1313 222 1376 nondum
246 1311 326 1374 satis
358 1309 478 1393 cogniti
502 1312 623 1386 esseut,
656 1308 779 1372 ineius
811 1309 948 1375 editione
976 1334 1040 1376 non
1063 1314 1206 1398 acquievi
1228 1318 1261 1378 et

85 1417 244 1482 codicibus
261 1419 414 1500 quattuor
436 1413 585 1489 excussis,
603 1411 757 1490 Parisino,
775 1412 957 1492 Baliolensi,
974 1415 1086 1501 Regio,
1103 1417 1259 1495 Palatino,

85 1527 206 1587 textum
221 1518 366 1584 recensui
375 1518 398 1580 ¹.
444 1517 610 1600 Ligbtfoot
626 1540 696 1583 eam
711 1518 865 1600 epistulae
880 1525 1003 1602 partem
1020 1523 1146 1606 quidem
1160 1524 1261 1588 solam

84 1627 189 1699 edidit,
216 1646 298 1709 quae
313 1623 412 1687 latine
430 1627 555 1687 tantum
577 1624 695 1687 tradita
711 1628 767 1700 est,
785 1645 827 1687 sc.
846 1624 952 1707 capita
966 1624 1005 1700 X,
1022 1625 1077 1703 XI,
1095 1626 1166 1704 XII,
1182 1626 1261 1692 XIV

84 1740 113 1796 et-
135 1752 264 1796 versum
287 1728 438 1792 ultimum
460 1728 573 1810 capitis
598 1726 683 1803 XIII,
707 1727 814 1811 plures
838 1733 944 1792 autem
966 1730 1087 1794 codices
1112 1732 1260 1797 adhibere
1301 1812 1304 1817 Ι

84 1837 197 1921 potuit,
221 1837 349 1918 praeter
370 1832 508 1915 quinque
531 1832 595 1895 iam
617 1833 795 1896 nominatos
818 1831 1004 1897 Trecensem
1027 1835 1100 1911 412,
1124 1834 1258 1900 Bruxel-

82 1943 200 2006 lensem
224 1939 326 2014 5510,
357 1936 635 2001 Vindobonensem
660 1936 752 2013 1068,
778 1935 878 2002 Oxou.
903 1936 1183 2021 Magdalenensem
1208 1942 1257 2005 78.

82 2047 227 2112 Eandem
250 2044 377 2128 partem
392 2040 579 2125 Hilgenfeld
600 2041 690 2105 libris
713 2041 874 2124 impressis
897 2064 972 2105 usus
995 2042 1092 2107 edidit
1103 2042 1124 2105 ².
1172 2043 1259 2119 Quae

82 2173 151 2214 cum
173 2151 219 2214 ita
242 2148 321 2223 sint,
346 2146 441 2210 editio
464 2145 562 2209 totius
585 2145 740 2228 epistulae
762 2145 905 2229 perfecta
927 2145 1030 2211 adhuc
1053 2147 1256 2214 desideratur.

83 2254 232 2319 Attamen
255 2253 314 2317 illa
344 2273 418 2335 pars
441 2251 615 2332 scripturae
647 2249 724 2313 satis
748 2250 876 2334 cognita
907 2271 974 2315 esse
1001 2250 1133 2315 videtur.
1178 2253 1257 2317 Edi·

82 2360 181 2423 tiones
202 2356 396 2422 recentiores
429 2355 512 2419 inter
542 2376 575 2417 se
604 2355 706 2437 magis
741 2355 941 2420 consentiunt
973 2378 1070 2439 quam
1098 2358 1256 2423 differunt.

84 2462 270 2527 Versionem
299 2461 440 2544 capitum
463 2457 615 2523 X-XIV
638 2459 739 2523 denuo
769 2481 933 2524 recensens
956 2460 989 2524 in
1017 2460 1100 2524 notis
1133 2463 1170 2526 de
1192 2462 1257 2527 illis

83 2567 272 2632 editionibus
296 2565 419 2640 refero,
451 2563 602 2628 lectiones
626 2568 733 2627 autem
756 2564 897 2629 codicum
930 2564 1126 2648 singulorum
1147 2567 1257 2649 paucis

82 2670 156 2735 locis
179 2670 322 2754 exceptis
345 2690 409 2732 non
432 2667 582 2732 exscribo

165 2775 305 2840 Textum
329 2794 479 2858 graecum
500 2773 621 2856 primus
643 2771 762 2835 invenit
774 2771 824 2835 Fr.
842 2771 1015 2838 Turrianus
1038 2776 1078 2848 et,
1105 2774 1178 2857 quia
1200 2797 1255 2838 co·

85 2881 139 2944 dex
155 2878 330 2963 Polycarpi
347 2882 378 2942 et
393 2877 560 2941 Barnabae
576 2877 727 2960 epistulas
751 2876 841 2959 quasi
856 2875 888 2939 in
911 2898 1007 2941 unam
1022 2877 1256 2960 conglutinatas

83 2985 240 3060 exhibuit,
274 2982 477 3066 prolixiorem
511 2981 698 3066 epistulam,
731 3003 826 3064 quam
850 3002 930 3063 quac
963 2980 1125 3064 bucusque
1158 2982 1256 3047 latine

82 3091 163 3154 edita
185 3094 264 3164 erat,
297 3087 414 3151 habere
437 3087 498 3151 sibi
521 3087 606 3150 visus
630 3085 708 3150 est³.
754 3085 878 3149 Primus
902 3107 973 3149 eum
996 3086 1094 3150 edidit
1117 3108 1144 3149 a.
1172 3087 1255 3151 1633

82 3193 192 3258 Petrus
225 3192 380 3257 Halloix⁴
412 3214 450 3255 ex
483 3191 669 3276 apographo
700 3190 888 3274 exemplaris
920 3190 1068 3255 Turriani
1100 3189 1255 3256 aIncobo

82 3298 228 3363 Sirmond
251 3298 417 3380 descripto,
443 3296 559 3361 collato
583 3319 653 3361 cum
677 3296 776 3359 altero
800 3295 865 3359 sive
881 3295 1018 3359 eiusdem
1042 3296 1107 3360 sive
1130 3295 1255 3359 similli-

80 3404 122 3467 mi
143 3402 262 3468 codicis
286 3400 481 3486 apographo,
507 3402 590 3484 quod
614 3402 653 3465 ab
677 3399 805 3465 Andrea
820 3398 933 3464 Schott
956 3405 1129 3484 acceperat,
1153 3401 1253 3464 idem·

81 3530 139 3592 que
161 3507 301 3573 codicem
324 3528 388 3570 non
419 3506 515 3570 aliam
538 3505 694 3588 epistulae
716 3504 930 3569 recensionem
962 3526 1058 3588 quam
1080 3505 1254 3569 versionem

79 3610 227 3687 latinam,
263 3611 317 3675 sed
347 3611 454 3693 potius
486 3610 563 3674 duas
596 3610 748 3693 epistulas
781 3609 945 3674 mutilatas
974 3611 1133 3675 continere
1166 3609 1252 3673 vidit.

79 3714 202 3780 Novam
234 3715 404 3779 editionem
432 3715 572 3779 institnit
594 3738 621 3779 a.
648 3716 731 3778 1644
759 3714 821 3778 Iac.
846 3713 968 3780 Useber
997 3736 1036 3778 ex
1068 3713 1253 3796 apographo

79 3820 267 3904 exemplaris
290 3818 485 3895 Schottiani,
520 3820 604 3902 quod
627 3818 798 3883 Salmasius
820 3819 1029 3903 descripserat
1051 3822 1083 3881 et
1104 3816 1144 3881 Is.
1168 3816 1252 3880 Voss

79 3926 139 4008 ipsi
153 3926 440 3990 communicaverat
449 3924 472 3988 ⁶.
519 3924 605 4000 Quos
621 3925 720 3989 secuti
743 3928 817 3988 sunt
831 3927 955 4007 praeter
970 3922 1106 3987 editores
1122 3941 1252 4003 operum

148 4063 161 4115 1
180 4061 212 4113 In
231 4059 389 4129 appendice
407 4058 486 4112 libri:
505 4059 560 4112 Dic
578 4058 703 4112 Ecbtbcit
721 4059 769 4112 der
787 4057 1007 4127 Ipuotiouiacben
1026 4054 1121 4120 Briefc
1140 4052 1215 4108 1883.

147 4147 337 4213 2Zcitacbritt
353 4147 402 4213 sur
419 4147 621 4212 mercaecbastt.
643 4145 781 4215 Ilicotopie
801 4144 867 4200 1886
886 4162 912 4214 p.
934 4142 1077 4198 180-194.

147 4234 163 4287 3
183 4233 224 4287 Gt.
244 4233 344 4288 Baron.
365 4232 546 4302 Martyrolog.
564 4231 642 4286 Rom.
669 4232 762 4286 adnot.
782 4232 818 4284 ad
836 4232 877 4285 26.
897 4229 954 4283 Ian.

146 4320 335 4374 ⁴llllnstrinm
354 4320 490 4374 ecclesiae
508 4319 606 4374 orient
623 4319 791 4388 scriptorum
809 4317 885 4372 vitae
904 4319 933 4370 et
945 4316 1122 4370 documento.
1158 4315 1249 4369 Duaci

83 4405 153 4461 1633.
189 4406 375 4471 1525-530.

146 4493 251 4548 albin
272 4512 299 4563 p.
319 4494 378 4548 596.
414 4494 594 4564 Exemplaria
621 4493 751 4549 Turriaui
769 4496 798 4547 et
815 4490 937 4546 Schottii
962 4491 1039 4545 haud
1067 4490 1151 4546 dubie
1170 4508 1185 4544 e
1204 4506 1248 4544 co-

84 4576 140 4633 dice
159 4580 300 4636 Vaticano
319 4579 365 4635 vel
384 4580 577 4637 Ottoboniano
596 4581 743 4635 fluxerunt.

132 4666 195 4709 Fun
204 4670 235 4719 k,
252 4670 336 4709 Patre·
350 4673 424 4717 apost.
438 4671 474 4710 ed.
486 4670 518 4710 11.
1019 4673 1042 4740 g
