2834 5018
186 363 250 426 342
406 358 633 415 MARTYRIUM
651 360 678 415 S.
696 359 912 417 POLYGARPI.
948 362 1133 419 EPILOGUS.

186 535 322 621 ζητήσας
345 537 443 618 αὐτά,
466 539 549 601 κατὰ
571 538 771 621 ἀποκάλυψιν
795 539 1032 623 φανερώσαντός
1052 563 1103 625 μοι
1130 553 1185 606 του
1209 542 1368 625 μακαρίου

186 640 414 724 Πολυκάρπου,
446 645 558 719 καθὼς
587 642 721 729 δηλώσω
748 644 847 727 ἐντῷ
877 644 1033 729 καθεξῆς·
1066 650 1253 732 συναγαγὼν
1286 650 1368 711 αὐτὰ

185 746 245 831 ἤδη
269 746 381 829 σχεδὸν
397 745 435 809 ἐκ
456 755 511 810 τοῦ
527 747 640 830 χρόνου
662 749 854 833 κεκμηκότα,
867 750 919 813 ἵνα
941 750 1024 833 κάμὲ
1040 752 1201 835 συναγάγῃ
1226 753 1243 814 ὁ
1259 753 1366 833 κύριος

186 850 307 936 Ἰησοῦς
330 849 464 934 Χριστός
487 854 565 935 μετὰ
587 860 650 915 τῶν
672 851 830 917 ἐκλεκτῶν
847 855 942 918 αὐτοῦ
965 855 1008 930 εἰς
1030 857 1086 937 τὴν
1110 855 1253 937 οὐράνιον
1278 855 1367 940 βασι-

159 954 272 1019 νλείαν
295 956 401 1037 αὐτοῦ,
425 955 450 1042 ᾧ
473 956 494 1040 ἡ
516 956 591 1034 δόξα
615 960 671 1020 σὺν
694 966 737 1041 τῷ
760 960 852 1041 πατρί
875 961 927 1022 καί
951 959 1030 1044 ἁγίῳ
1053 959 1204 1043 πνεύματι
1229 961 1273 1035 εἰς
1295 963 1367 1036 τοὺς

185 1060 301 1135 αἰῶνας
322 1068 385 1124 τῶν
408 1059 540 1127 αίώνυν.
586 1061 678 1145 ἁμήν.

565 1652 799 1727 EPILOGUS
833 1654 976 1728 ALIUS

449 1807 471 1862 u
490 1807 624 1864 comer
643 1808 850 1874 messurum
868 1810 1098 1867 resumeres

273 1991 300 2052 1.
326 1986 435 2049 Ταῦτα
450 1985 666 2069 μετεγράψατο
689 1987 745 2068 μὲν
760 1985 855 2063 Γάϊος
879 1988 916 2051 ἐκ
939 1998 1001 2052 τῶν
1016 1989 1182 2073 Είρηναίου
1206 2010 1365 2073 συγγραμ-

145 2109 170 2146 ¹⁰
184 2093 301 2177 μάτων,
325 2092 358 2165 ὃς
381 2093 434 2154 καί
452 2089 731 2154 συνεπολιτεὺσατο
754 2098 798 2174 τῷ
814 2091 980 2176 Εἰρηναίῳ,
998 2096 1127 2177 μαθητῇ
1149 2094 1295 2177 γεγονότι
1312 2103 1365 2156 τοῦ

183 2196 273 2282 ἁγίου
302 2194 522 2277 Πολυκάρπου.
569 2199 598 2261 2.
623 2193 712 2270 οὗτος
735 2197 796 2280 γὰρ
818 2196 835 2259 ό
857 2195 1040 2282 Εἰρηναῖος,
1072 2199 1155 2260 κατὰ
1178 2199 1233 2261 τόν
1256 2199 1365 2279 καιρὸν

182 2312 237 2365 τοῦ
267 2300 433 2384 μαρτυρίου
465 2308 520 2363 τοῦ
553 2300 725 2364 ἐπισκόπου
748 2298 958 2384 Πολυκάρπου
991 2302 1155 2386 γενόμενος
1188 2302 1221 2364 ἐν
1247 2300 1365 2384 Ῥώμη,

183 2404 319 2480 πολλοὺς
342 2403 496 2481 ἐδίδαξεν·
528 2403 564 2468 οὗ
587 2406 640 2467 καί
670 2404 775 2468 πολλὰ
805 2407 1032 2490 συγγράμματα
1056 2405 1213 2469 κάλλιστα
1236 2407 1291 2469 καί
1316 2407 1365 2486 ὀρ-

183 2508 306 2576 θότατα
338 2507 478 2591 φέρεται·
510 2507 543 2571 ἐν
573 2506 618 2583 οίς
649 2508 800 2593 μέμνηται
831 2508 1058 2593 Πολυκοίρπου,
1093 2513 1138 2572 ὅτι
1171 2508 1246 2591 παρ’
1268 2511 1365 2572 αἰτοῦ

144 2629 169 2666 ¹⁶
183 2614 317 2696 ἔμαθεν·
343 2611 456 2688 ἱκανῶς
480 2633 515 2675 τε
536 2622 642 2677 πᾶσαν
665 2615 782 2696 αἵρεσιν
803 2612 932 2699 ἤλεγξεν
955 2617 1008 2679 καί
1031 2618 1084 2679 τὸν
1100 2612 1366 2699 ἐκκλησιαστικὸν

182 2716 300 2781 κανόνα
323 2718 377 2779 καί
399 2715 593 2796 καθολικόν,
626 2716 668 2793 ὡς
691 2716 867 2804 παρέλαβεν
890 2722 975 2802 παρὰ
997 2729 1052 2783 τοῦ
1076 2718 1184 2802 ἁγίου,
1208 2720 1262 2780 καί
1286 2738 1365 2799 παρ-

182 2821 310 2887 έδωκεν.
356 2825 386 2888 3.
411 2819 495 2904 λέγει
518 2821 553 2884 δὲ
569 2822 627 2914 Ικαί
650 2831 758 2885 τοῦτο·
783 2824 830 2886 ότι
853 2822 1100 2907 συναντήσαντός
1114 2842 1192 2885 ποτε
1215 2829 1260 2904 τῷ
1285 2822 1365 2906 ἁγίῳ

254 2982 420 3048 Ιμοιιμου
438 2980 457 3032 h
473 2980 477 3048 Ι
494 2981 509 3034 3
527 2978 794 3052 κύριος-ί-ὴμῶνμ
818 2977 822 3047 Ι
844 2977 1011 3052 4οόράνιον
1028 2974 1206 3050 όίιιέπουρ.
1226 2977 1267 3048 p!
1291 2979 1366 3052 5⁰31

182 3064 660 3136 hp2>blaeutbp:†tri›h

182 3187 377 3257 descripsisse,
403 3190 557 3257 postquam
583 3185 944 3254 Polycarpustscripturae
968 3187 1081 3252 quidem
1100 3203 1157 3239 nou
1179 3185 1259 3239 illam
1279 3186 1365 3241 ratio·

183 3275 208 3331 ei
227 3274 396 3344 scripturam
420 3272 602 3337 revelaverit,
629 3272 703 3325 sicut
728 3272 758 3324 in
783 3289 848 3325 nem
867 3270 941 3325 inter
959 3290 988 3326 se
1007 3274 1120 3327 hubent.
1148 3272 1307 3327 Exordium
1319 3272 1366 3326 Vi-

182 3363 373 3430 sequentibus,
393 3358 423 3416 ἐν
435 3368 475 3435 τῷ
486 3366 615 3430 καθεξῆς,
634 3359 757 3413 declara·
783 3361 831 3412 tas
848 3358 1016 3429 Polycarpi,
1044 3365 1076 3414 ut
1095 3362 1244 3414 contextus
1273 3361 1365 3423 docet,

182 3453 263 3503 turus
293 3449 346 3512 sit,
374 3463 494 3514 cumque
523 3447 592 3500 Vita
609 3445 757 3515 Polycarpi
783 3463 840 3499 non
868 3445 906 3499 ad
934 3447 1020 3500 aliam
1051 3449 1222 3516 scripturam
1249 3448 1297 3501 rel
1329 3447 1367 3500 ad

181 3537 222 3608 (in
241 3536 383 3590 volumine
410 3535 492 3589 huius
513 3532 606 3604 operis
634 3532 756 3587 secundo
784 3533 940 3586 clausulam
967 3534 1094 3602 Martyrii
1127 3535 1250 3602 spectat.
1298 3533 1368 3588 Vita

182 3623 272 3691 edita)
303 3623 435 3692 incipiat:
477 3620 662 3680 Ἐπανελθὼν
688 3618 756 3675 ἀνω·
784 3619 933 3689 Polycarpi
961 3622 1075 3690 insuper
1102 3620 1131 3673 in
1157 3621 1256 3674 codice
1282 3621 1367 3674 unico

182 3710 254 3784 τέρω
281 3750 287 3762 .
311 3751 317 3763 .
342 3750 349 3762 .
375 3714 527 3781 ποιήσομαι
557 3713 679 3776 καθεξῆς
706 3706 757 3762 τὸν
785 3721 847 3758 eam
864 3706 994 3761 tradente
1007 3706 1175 3774 Martyrium
1193 3725 1251 3761 non
1272 3708 1367 3774 sequi-

181 3799 283 3870 λόγον,
311 3796 442 3860 Helloix,
475 3795 523 3863 qui
546 3796 654 3864 primus
683 3792 757 3846 inter
785 3797 847 3852 tur,
878 3794 926 3846 sed
950 3793 1103 3862 praecedit
1140 3794 1280 3848 Attamen
1305 3812 1368 3848 sen·

181 3883 435 3936 recentioreshanc
448 3884 616 3952 scripturam
630 3879 708 3950 legit,
729 3882 757 3933 et
784 3881 877 3933 tentia
894 3880 945 3932 illu
962 3885 1041 3934 recta
1058 3898 1119 3935 ease
1137 3879 1260 3934 ridetur.
1299 3883 1368 3936 Ani·

181 3969 351 4033 Bollandus‚
383 3970 431 4036 qui
450 3986 512 4023 eam
539 3969 628 4022 latine
646 3983 756 4021 versam
784 3966 1018 4021 madvertendum
1037 3973 1088 4031 est
1100 3965 1199 4020 Vitam
1212 3967 1370 4039 Polycarpi

181 4054 345 4121 publicavit,
364 4055 532 4109 haecverba
550 4054 602 4109 illa
619 4054 756 4123 respicere
785 4070 841 4106 non
861 4053 1018 4125 integram,
1048 4054 1097 4107 sed
1123 4054 1258 4108 mutilum
1284 4056 1370 4110 nobis

183 4143 349 4194 censuerunt
368 4158 401 4195 ac
420 4142 628 4206 concluserunt,
647 4140 755 4202 Pionio,
784 4139 919 4194 traditam
939 4143 967 4194 et
986 4141 1153 4209 Martyrium
1177 4143 1215 4196 ab
1239 4145 1370 4207 auctore,

183 4225 233 4290 qui
251 4225 326 4279 hunc
344 4244 456 4281 versum
467 4228 589 4298 scripsit,
609 4227 695 4281 etium
706 4226 754 4280 Vi·
784 4225 839 4278 nisi
859 4228 953 4280 omniu
972 4227 1088 4290 fallunt,
1114 4244 1209 4294 neque
1232 4235 1303 4297 post
1322 4248 1371 4285 ne·

182 4311 241 4363 tam
268 4312 415 4382 Polycarpi
445 4313 656 4369 attribuendam
683 4328 752 4367 esse.
784 4328 838 4379 que
857 4318 923 4367 ante
936 4312 1032 4366 Vitam
1050 4314 1182 4384 positam,
1204 4316 1257 4368 sed
1270 4317 1372 4385 potius
