2834 5018
414 1466 650 1538 EPISTULA
682 1466 960 1538 BARNABAE.

177 1730 204 1794 Ι.
243 1729 357 1805 Arete,
381 1728 439 1792 filii
461 1728 617 1803 attitiae,
641 1727 675 1792 in
697 1726 822 1791 nomine
847 1727 973 1802 domini,
1000 1728 1054 1812 qui
1076 1728 1186 1793 dilexit
1208 1751 1275 1804 nos,

91 1838 121 1900 in
145 1857 238 1920 pace.

182 1943 214 2004 2.
253 1938 411 2016 Quoniam
442 1958 578 2021 magnae
610 1941 642 2000 et
665 1936 777 2000 divites
800 1941 874 2001 sunt
903 1937 1060 2015 iustitiae,
1094 1961 1172 2022 quas
1202 1939 1278 2003 deus

94 2045 171 2109 iecit
196 2044 313 2119 vobis,
334 2043 407 2127 plus
438 2064 533 2125 quam
561 2042 598 2105 de
621 2040 688 2104 ulla
711 2063 744 2104 re
768 2063 804 2105 ac
826 2063 921 2124 supra
943 2042 1071 2105 modum
1094 2043 1216 2126 gaudeo
1239 2044 1304 2108 de⁶

96 2150 263 2234 spiritibus
285 2147 398 2212 vestris
427 2147 531 2211 beatis
556 2151 595 2210 et
615 2145 795 2229 praeclaris.
843 2145 895 2210 Sic
926 2146 1008 2209 enim
1037 2146 1172 2230 gratiam
1204 2148 1278 2212 doni

97 2254 275 2339 spiritualis
298 2253 425 2316 insitam
448 2251 624 2335 accepistis.
671 2252 700 2314 3.
735 2249 871 2335 Propter
903 2251 986 2334 quod
1008 2251 1111 2335 magis
1134 2252 1278 2316 mihimet

97 2360 159 2444 ipsi
182 2356 345 2443 gratulor,
380 2378 509 2439 sperans
531 2377 580 2418 me
604 2353 738 2430 salvari,
763 2376 835 2419 cum
857 2375 966 2419 revera
987 2350 1110 2420 videam
1132 2355 1166 2420 in
1188 2357 1278 2420 vobis

99 2464 237 2527 effusum
260 2483 299 2525 ex
315 2460 508 2525 abundantia
524 2459 623 2522 fontis
639 2458 756 2522 domiui
772 2459 921 2543 spiritum
937 2481 1032 2543 super
1053 2482 1117 2524 vos.
1158 2459 1206 2524 Ita
1227 2482 1278 2525 mo

99 2566 313 2651 obstupefecit
342 2569 474 2649 propter
504 2585 560 2627 vos
589 2566 736 2647 aspectus
757 2567 861 2627 vester
883 2563 962 2627 mihi
984 2564 1277 2629 desideratissimus.
1293 2579 1318 2615 1⁰

100 2675 128 2736 4.
153 2671 347 2736 Persuasum
377 2669 477 2753 igitur
505 2666 584 2731 mihi
606 2666 727 2731 habens
756 2667 898 2750 mihique
922 2668 1081 2745 conscius,
1113 2670 1196 2734 inter
1223 2691 1279 2734 vos

101 2777 283 2861 loquentem
315 2795 365 2837 me
395 2772 497 2836 multa
528 2772 626 2847 scire,
660 2771 809 2854 quoniam
840 2772 983 2836 dominus
1011 2773 1045 2837 in
1067 2773 1118 2837 via
1140 2773 1280 2838 iustitiae

101 2903 149 2945 me
174 2881 345 2945 comitatus
368 2883 433 2953 est,
467 2882 562 2960 atque
593 2875 721 2939 omnino
753 2876 793 2939 ad
815 2875 874 2939 hoc
897 2877 993 2940 etiam
1016 2898 1076 2962 ego
1098 2898 1212 2962 cogor,
1244 2882 1281 2942 ut

100 3007 154 3049 voa
179 2984 314 3069 diligam
335 2982 408 3067 plus
432 3003 527 3065 quam
558 2980 696 3044 animam
726 3001 846 3049 meam:
876 3001 993 3065 magna
1025 2981 1108 3043 enim
1137 2980 1215 3044 fides
1249 2985 1281 3045 et

100 3091 217 3155 caritas
239 3088 400 3153 inhabitat
421 3087 454 3151 in
476 3086 568 3151 vobis
587 3106 652 3167 per
674 3104 766 3166 spera
790 3090 877 3148 ritae
890 3083 987 3147 illius.
1019 3085 1047 3147 5.
1072 3081 1280 3149 considerans
1295 3099 1320 3136 1⁶

102 3215 178 3279 ergo
201 3194 272 3268 hoc,
298 3193 391 3277 quod,
416 3191 443 3255 si
466 3193 597 3273 propter
620 3210 674 3252 vos
697 3211 768 3253 mea
789 3189 922 3266 intersit,
948 3210 1055 3252 eorum
1079 3210 1158 3271 quae
1174 3190 1282 3274 accepi

171 3329 216 3396 aa
236 3328 271 3381 ef.
291 3327 346 3381 ru.
366 3329 389 3389 a,
409 3328 425 3380 5
444 3343 485 3391 sq.
504 3356 538 3364 -
560 3325 592 3377 14
610 3323 665 3377 ra.
686 3325 709 3387 1,
729 3325 760 3387 2;
779 3324 803 3385 a,
823 3324 845 3376 7.

102 3450 166 3513 2,1;
184 3451 212 3513 4,
224 3448 264 3510 11,
275 3464 389 3500 sensum
408 3445 574 3515 ampliorem
592 3444 680 3498 habet
708 3445 743 3500 ob
764 3461 849 3512 quam
867 3444 987 3500 lectores
1002 3444 1104 3514 diligit,
1125 3447 1223 3497 auctor
1241 3443 1281 3496 di·

103 3536 279 3602 denotatquc
307 3534 451 3588 decretum
479 3538 611 3602 spectans
643 3533 680 3586 ad
708 3549 771 3586 cere
789 3532 906 3602 incipit,
935 3550 971 3586 sc.
991 3529 1034 3589 du
1060 3531 1167 3603 μεγάλη
1192 3534 1282 3598 πίστις

104 3623 224 3677 salutem
251 3621 406 3675 hominum.
446 3618 568 3688 Vulgata
596 3621 682 3675 vertit
706 3626 766 3677 κτλ.
798 3620 894 3674 Prima
911 3622 966 3683 est,
995 3617 1063 3686 quia
1081 3617 1142 3686 ipse
1164 3633 1282 3686 magnos

102 3709 442 3781 plcmmqueiuatificatio
460 3706 504 3759 vel
518 3709 633 3762 iustitia.
646 3738 681 3746 —
708 3706 817 3760 fructus
844 3707 972 3775 percepit
996 3704 1112 3758 verbum
1131 3702 1183 3756 Dei
1210 3703 1283 3757 inter

102 3797 267 3868 πνεύμασιν]
287 3813 323 3849 sc.
345 3795 495 3854 lectorum3
516 3793 550 3846 cf.
570 3810 595 3846 v.
609 3795 632 3846 5.
646 3824 681 3832 -
709 3810 757 3846 eos
776 3793 951 3862 praedicans.
980 3822 1014 3830 -
1041 3788 1128 3862 κάγώ]
1155 3806 1191 3842 so.
1211 3788 1284 3842 sicut

103 3882 242 3958 ἔμφυτον]
261 3883 304 3937 Cf.
324 3883 348 3944 9,
367 3883 399 3937 9:
420 3881 483 3948 Sap.
505 3879 680 3942 12,10;1ae.
709 3879 765 3934 alii.
785 3911 820 3918 -
838 3877 907 3952 tuta
926 3899 948 3935 τ.
969 3876 1069 3950 ψυχήν]
1089 3875 1130 3929 Cf.
1149 3877 1173 3937 4,
1192 3876 1220 3933 6:
1242 3875 1281 3939 19,

106 3977 127 4029 l.
145 3975 188 4027 21.
225 3971 342 4026 Latinus
361 3967 447 4022 vertit
464 3969 622 4022 naturalem.
709 3968 739 4029 5;
760 3966 853 4021 Doctr.
866 3967 889 4029 2,
906 3967 929 4020 7.

455 4105 482 4117 ,,
744 4055 767 4107 5.
788 4052 873 4107 Clam.
885 4053 928 4106 Al.
945 4052 1044 4106 Strom.
1058 4050 1091 4114 II,
1104 4051 1128 4113 6,
1144 4050 1175 4103 31
1189 4050 1283 4117 p.445

138 4113 163 4166 3⁰
183 4109 334 4184 συγχαίρω]
355 4108 397 4163 cf·
410 4105 532 4210 Ph¹l¹pi³¹
546 4106 569 4167 2’
585 4105 625 4160 17⁸
641 4106 680 4160 18¹
711 4141 753 4196 ed.
771 4139 870 4194 Potter
894 4137 952 4209 (ἀφ’
971 4131 1004 4193 οὗ
1020 4136 1097 4204 arti.
1116 4166 1151 4174 —
1177 4137 1284 4190 Auctor

104 4229 137 4237 ““
156 4218 180 4253 τ’
200 4195 344 4294 πλωῳυ]
359 4217 394 4291 ““,“
407 4215 430 4250 τ’
448 4198 578 4249 πλουτου·
616 4192 682 4299 ¹3³*
710 4231 862 4296 postquam
882 4224 916 4278 de
942 4222 1035 4293 gratia
1053 4221 1105 4275 Dei
1129 4225 1159 4275 et
1178 4221 1212 4277 de
1229 4221 1283 4276 vir·

105 4285 195 4390 naba?
215 4288 332 4391 fe⁵p¹ff¹t
342 4281 406 4391 hm·
426 4283 449 4341 3’
463 4280 544 4387 5ss6²
559 4297 683 4386 ‘mmm‘
694 4354 697 4377 ,
710 4313 819 4367 tutibus
831 4311 968 4365 lectorum
980 4309 1091 4364 locutus
1104 4313 1155 4373 est,
1168 4310 1285 4364 tandem

106 4392 154 4439 ως
173 4390 255 4442 “W
273 4390 306 4426 ⁰²⁵
324 4366 442 4440 ‘hilm'
454 4364 489 4438 ἐφ
519 4369 589 4436 'idm‘
600 4373 683 4424 ⁷¹²⁰*
711 4399 800 4461 addit,
820 4414 849 4451 ae
863 4398 898 4451 de
915 4396 970 4450 fide
988 4396 1084 4464 aliqua
1101 4396 1285 4452 disserturum

106 4460 172 4524 ‘'5⁰’‘
191 4456 235 4514 διὰ
253 4454 346 4526 Ἰησοῦ
362 4461 422 4511 ’'²³'‘
711 4504 781 4548 esse,
801 4491 832 4539 ut
850 4488 879 4538 et
898 4483 953 4537 illis
972 4485 1001 4538 et
1017 4483 1131 4538 sibimet
1149 4484 1204 4555 ipsi
1221 4500 1284 4554 pro

139 4581 165 4632 4.
183 4581 231 4636 καὶ
248 4576 372 4647 πάντως]
391 4574 541 4630 Rationem
554 4574 682 4635 alteram,
711 4574 756 4626 sit.
777 4572 818 4627 cf.
831 4571 909 4626 Rom.
930 4573 952 4634 1,
967 4570 1076 4627 11-12.
1094 4602 1129 4610 -
1148 4568 1201 4641 du]
1219 4569 1284 4623 Par·
