2834 5018
359 657 553 712 DUODEOIM
572 657 843 714 APOSTOLORUM
865 659 910 724 XI,
930 662 1005 715 3—6.
1233 667 1273 730 27

99 837 189 900 addat
203 836 361 900 iustitiam
375 841 407 900 et
422 837 586 902 scientiam
602 838 729 913 domini,
753 839 904 922 suscipite
916 861 987 902 eum
1004 840 1086 903 sicut
1101 840 1272 904 dominum.

180 942 209 1005 3.
243 941 337 1017 Quod
361 945 467 1007 autern
491 943 654 1027 apostolos
677 943 792 1007 attinet
822 948 853 1006 et
885 943 1071 1027 prophetas,
1103 945 1274 1010 secundum

97 1048 254 1110 decretum
287 1045 446 1131 evangelii
468 1046 513 1110 sic
537 1047 641 1111 facite.
688 1050 717 1111 4.
750 1047 861 1112 Omnis
889 1049 1052 1131 apostolus
1082 1049 1209 1114 veniens
1233 1051 1274 1114 ad

94 1173 146 1215 vos
169 1151 365 1234 suscipiatur
388 1151 471 1215 sieut
493 1152 653 1225 dominus;
691 1155 719 1216 5.
744 1175 807 1217 non
823 1156 928 1217 autem
944 1153 1084 1218 mauebit
1099 1154 1159 1216 nisi
1175 1176 1272 1217 unum

93 1256 182 1333 diem,
207 1255 235 1318 ei
260 1276 341 1340 opus
365 1259 421 1332 est,
446 1260 478 1320 et
500 1255 653 1330 alterum;
684 1261 749 1320 tres
772 1262 878 1321 autem
909 1258 937 1321 si
959 1263 1102 1334 maneat,
1133 1259 1299 1340 pseudo-s

92 1360 249 1444 propheta
272 1366 329 1425 est.
377 1363 405 1426 6.
431 1360 551 1424 Abiens
573 1382 647 1424 vero
674 1361 837 1444 apostolus
860 1361 941 1424 nihil
970 1362 1105 1446 accipiat
1128 1362 1189 1426 nisi
1212 1385 1270 1445 pa·

92 1486 169 1540 uem,
196 1465 295 1529 donec
319 1466 477 1541 devertat3
509 1467 536 1530 si
570 1470 737 1550 argentum
759 1466 878 1548 poscit,
911 1467 1189 1551 pseudopropheta
1213 1472 1269 1532 est.

92 1670 151 1705 rum
160 1657 413 1722 nequeargentum
421 1653 670 1722 nequepecuniam
682 1658 685 1715 l
698 1653 746 1706 ubi
756 1652 877 1706 lectores
897 1653 1092 1715 admonentur,
1111 1672 1145 1709 ne
1165 1658 1270 1726 episco-

91 1741 119 1794 in
137 1739 215 1794 zonis
234 1739 304 1802 suis,
333 1741 408 1809 apud
425 1740 603 1794 Matthaeum
622 1757 669 1793 au·
682 1718 685 1759 ¹
697 1758 749 1810 pos
759 1758 792 1794 ac
812 1739 944 1794 diaconos
964 1746 1153 1804 contemnant,
1174 1744 1271 1797 exhor·

93 1833 149 1880 tem
168 1826 265 1890 addit,
295 1827 411 1897 dignum
431 1845 492 1881 esse
511 1827 668 1897 operarium
697 1828 769 1882 tatio
789 1844 821 1881 co
840 1826 984 1895 probatur,
1005 1829 1080 1894 quod
1099 1829 1128 1881 hi
1141 1847 1270 1883 unacum

92 1915 153 1969 cibo
172 1933 232 1969 suo.
252 1945 287 1954 -
305 1915 391 1986 μηδὲν
409 1915 582 1987 λαμβανέτω]
596 1917 669 1983 Apo·
696 1915 843 1986 prophetis
855 1918 884 1968 et
895 1914 1058 1968 doctoribus
1070 1916 1203 1969 honorati
1213 1917 1271 1972 siut

91 2003 181 2055 stolus
200 2002 294 2071 igitur,
309 2007 424 2071 praeter
450 2004 557 2057 victum
575 2019 668 2056 neces·
696 2005 771 2058 inter
789 2003 971 2058 Christianos.
999 2003 1062 2056 Vox
1079 2008 1224 2074 προφήτης
1242 2005 1271 2057 in

91 2091 195 2142 sarium
208 2090 325 2144 omnino
338 2090 409 2143 nihil
423 2090 553 2159 accipiat⁴
584 2088 667 2142 Euse·
697 2092 833 2146 Doctrina
852 2089 1014 2156 quindecies
1038 2090 1120 2143 nobis
1140 2090 1269 2153 occurrit,

90 2177 151 2230 bins
171 2177 204 2230 H.
224 2176 255 2230 E.
275 2179 322 2239 III,
342 2179 375 2232 37
405 2179 555 2245 praeterea
573 2176 667 2239 refert,
697 2197 760 2233 cum
784 2196 866 2232 voces
893 2177 1050 2245 ἀπόστολος
1077 2178 1270 2249 (inscriptione

92 2264 237 2333 apostolos
272 2265 316 2317 vel
346 2265 441 2332 potius
469 2262 666 2332 evangelistas,
695 2267 907 2336 praetemrissa)
927 2267 956 2319 et
973 2266 1134 2332 διδάσκαλος
1152 2269 1203 2329 ter,
1223 2283 1269 2320 vo·

90 2367 144 2416 quo
173 2349 288 2403 nomine
318 2350 420 2410 utitur,
450 2353 602 2417 antequam
631 2350 667 2402 ad
696 2369 741 2407 ces
751 2352 903 2421 ἐπίσκοπος
913 2356 941 2407 et
959 2353 1086 2419 διάκονος
1104 2351 1188 2405 semel
1207 2354 1269 2407 tan·

91 2437 267 2508 evangelium
286 2437 508 2505 praedicandum
531 2437 666 2500 exierunt,
694 2445 755 2495 tum
776 2441 914 2510 legantur.
952 2441 1086 2494 Attamen
1111 2440 1270 2509 praepositi

88 2527 270 2593 praeceptum
280 2524 512 2594 Domini(Matth.
522 2524 665 2591 19,21)ex-
695 2527 878 2582 ecclesiarum
895 2528 1011 2597 proprie
1027 2526 1095 2579 dicti
1113 2530 1269 2597 prophetae

90 2611 211 2681 plevisse
223 2612 412 2666 etfacultates
427 2629 492 2664 suas
503 2611 665 2679 interegen·
694 2631 750 2668 non
770 2619 856 2668 erant.
885 2613 926 2668 Ex
946 2615 1017 2675 13‚4
1036 2616 1162 2683 apparet,
1182 2616 1268 2670 eccle·

88 2698 664 2761 tes(ussisse.currenudvnaer.1v‚12‚
694 2701 856 2765 siasfuisse‚
877 2716 949 2768 quae
970 2699 1126 2768 prophetas
1145 2717 1202 2755 non
1220 2703 1268 2755 ha·

93 2790 115 2841 5.
125 2819 157 2829 -
168 2788 412 2861 ψευδοπροφήτης]
427 2786 502 2840 ctu
517 2787 590 2839 Patr.
603 2787 627 2847 2,
642 2786 664 2838 l.
677 2836 680 2851 ,
693 2788 806 2842 bebant.
835 2787 993 2857 Praepositi
1011 2786 1032 2839 ii
1048 2788 1144 2856 potius
1156 2787 1267 2842 dicendi

120 2876 214 2929 7-12.
252 2874 427 2944 Prophetae,
453 2873 487 2927 de
513 2875 615 2940 quibus
635 2873 664 2926 in
693 2879 765 2939 sunt,
786 2894 856 2944 quos
875 2879 909 2929 ut
927 2876 1036 2944 eligant
1052 2876 1266 2938 ecclesiae15,l

88 2962 139 3015 hac
153 2962 280 3016 sectione
294 2963 396 3032 agitur,
408 2963 499 3015 instar
518 2961 664 3015 doctorum
692 2964 721 3016 in
746 2965 907 3017 universum
932 2961 1132 3025 admonentur,
1159 2965 1268 3020 scilicet

88 3051 117 3102 in
136 3051 258 3103 ecclesia
277 3050 423 3103 considere
442 3052 596 3118 potuerunt
616 3049 663 3117 (cf.
676 3026 679 3073 l
692 3053 817 3120 episcopi
837 3057 865 3106 et
886 3051 1004 3106 diaconi.
1041 3052 1200 3119 Prophetae
1219 3070 1267 3106 au·

91 3139 128 3199 13,
150 3139 183 3207 1),
203 3153 268 3191 oum
287 3137 424 3206 apostolis
438 3136 474 3189 ad
488 3137 571 3189 tidem
584 3152 663 3205 prae·
691 3140 756 3201 tem,
767 3141 798 3190 ut
807 3139 863 3206 ipsi
873 3136 1090 3191 charismatibus
1100 3139 1181 3193 fruiti
1192 3144 1266 3204 sunt,

89 3225 237 3278 dicandam
250 3224 491 3295 peregrinandum
502 3239 592 3290 neque
604 3222 663 3275 diu·
691 3225 733 3277 ita
751 3225 933 3279 ecclesiamm
953 3226 1126 3279 charismata
1144 3228 1265 3291 suerunt,

89 3311 144 3364 tius
162 3310 192 3364 in
206 3312 327 3366 ecelesia
339 3328 453 3365 manere
465 3311 575 3365 licitum
588 3316 664 3366 esset
676 3280 678 3379 l
692 3317 720 3367 et
730 3312 816 3373 locus,
836 3330 920 3379 quem
931 3314 1106 3377 obtinebant,
1124 3315 1265 3385 principa·

87 3399 132 3463 (cf.
151 3416 177 3450 v.
191 3399 227 3466 5),
247 3400 276 3451 et
289 3399 318 3451 in
330 3399 392 3451 loco
406 3397 501 3464 aliquo
516 3403 663 3453 manentes
676 3458 678 3487 Ι
690 3403 736 3453 tus
744 3400 837 3468 magis
846 3399 970 3461 honoris,
982 3404 1014 3453 ut
1020 3401 1063 3453 ita
1070 3401 1169 3463 dicam,
1181 3420 1266 3470 quam

88 3501 175 3552 aeque
194 3501 229 3537 ae
248 3484 378 3539 doctores
392 3502 409 3537 a
423 3485 591 3540 Christianis
606 3505 662 3539 sus·
676 3516 678 3521 .
691 3486 894 3540 iurisdictionis
914 3490 982 3539 erat.
1013 3487 1147 3543 Similiter
1157 3490 1191 3543 de
1201 3490 1265 3544 doc·

87 3572 216 3627 tentandi
230 3572 389 3642 erant(13).
422 3575 521 3640 Itaque
535 3573 661 3626 ecclesiis
690 3573 799 3627 toribus
837 3573 1019 3628 iudicandum
1054 3592 1114 3628 esse
1146 3577 1265 3641 videtur,

89 3658 205 3729 siugulis
225 3659 394 3718 serviebant,
415 3675 462 3711 eas
476 3658 609 3713 docentes
623 3663 663 3714 at·
675 3672 678 3701 2
691 3675 864 3725 quamquam
883 3675 930 3712 eos
950 3668 1063 3727 qu'oque
1090 3663 1120 3715 in
1140 3663 1265 3717 ecclesiis

87 3761 139 3812 que
152 3746 346 3800 aedificantes.
372 3746 474 3800 Munus
493 3763 566 3809 vem,
587 3746 663 3814 quod
690 3745 833 3799 nonnullis
853 3747 977 3800 defuisse
997 3752 1094 3803 auctor
1112 3768 1168 3803 non
1188 3751 1263 3806 dicit.

86 3835 197 3903 proprie
208 3835 249 3888 eis
259 3833 448 3896 incumbebat,
460 3836 521 3887 erat
531 3836 562 3891 τὸ
571 3841 663 3891 λαλεῖν
675 3822 678 3903 i
690 3833 757 3887 Loci
767 3833 792 3887 S.
805 3833 972 3903 Scripturae,
984 3836 1087 3902 quihus
1098 3836 1263 3905 prophetae,

86 3919 113 3976 ἐν
130 3921 268 3990 πνεύματι
288 3922 335 3991 (of.
355 3939 381 3975 v.
401 3924 436 3990 7).
470 3920 539 3974 Cum
558 3908 749 3975 charis-leisc
778 3921 829 3973 soli
858 3923 916 3977 sive
943 3939 1000 3975 una
1029 3940 1091 3976 cum
1119 3924 1263 3992 apostolis,

84 4009 207 4062 mutibus
233 4011 329 4062 essent
353 4007 488 4077 praediti,
516 4007 609 4062 locum
632 4011 662 4063 in
690 4012 955 4070 commemorantur,
984 4027 1070 4078 supra
1095 4029 1119 4063 v.
1145 4011 1160 4063 3
1185 4012 1264 4067 allati

84 4095 210 4149 ecclesiis
255 4095 424 4149 obtinebant
465 4097 661 4166 principalem.
690 4098 763 4148 sunt.
791 4096 860 4149 Post
878 4094 1029 4163 scriptores
1042 4111 1137 4149 sacros
1151 4100 1180 4151 et
1193 4098 1262 4153 Doc-

83 4182 172 4252 Supra
185 4183 225 4245 10,
237 4184 252 4236 7
265 4181 295 4234 in
306 4180 478 4235 eucharistia
491 4184 661 4238 celebranda
674 4178 676 4243 Ι
688 4184 793 4236 trinam
831 4181 1026 4250 apostolorum
1060 4184 1264 4252 prophetarum

83 4272 120 4325 eis
145 4269 336 4341 permittitur,
366 4269 442 4337 quod
469 4271 574 4324 nemini
603 4270 660 4335 alii,
673 4258 676 4289 ⁵
689 4269 909 4323 christianorum
922 4285 984 4323 raro
997 4272 1150 4324 tantumin
1159 4271 1263 4329 litteris

82 4357 190 4412 seilicet
214 4356 323 4426 gratias
348 4373 433 4427 agere
459 4357 581 4410 formula
600 4373 660 4411 ora
673 4384 675 4417 ι
688 4354 848 4410 christianis
879 4355 984 4408 mentio
1014 4355 1055 4408 fit.
1099 4358 1140 4412 Ol.
1170 4360 1262 4415 Herm.

81 4442 166 4498 tionis
176 4442 286 4496 tradita
294 4460 351 4497 non
362 4446 483 4506 utentes,
504 4445 552 4496 sed
573 4462 659 4510 quan·
673 4424 675 4515 l
688 4443 781 4498 Maud.
801 4443 850 4504 Xl;
879 4445 961 4496 Bam.
983 4444 1022 4506 16,
1042 4445 1074 4506 9;
1102 4448 1169 4501 lust.
1189 4449 1262 4504 Dial.

80 4535 139 4585 tum
167 4531 265 4585 velint.
312 4530 390 4583 Infra
418 4531 499 4593 13‚3
527 4518 710 4620 dpzrepeae'glo.
723 4532 771 4593 82;
791 4533 861 4585 Iren.
875 4530 944 4584 Adv.
958 4529 1041 4585 Haer.
1053 4532 1177 4597 1Ι,32,4;
1196 4536 1261 4591 Eas.

80 4614 307 4671 Christianorum
323 4617 517 4685 appellantur;
538 4620 567 4670 et
583 4620 622 4681 15,
633 4620 657 4680 2,
672 4618 720 4687 [Η.
740 4617 769 4672 Ε.
789 4616 821 4679 V,
842 4619 882 4672 17.
