2834 5018
188 234 251 297 578
617 222 771 279 πυταντ
790 222 937 280 PASTOR

186 403 346 487 μαστῶδες
368 403 421 464 καί
445 398 578 465 έκάθισέ
601 419 639 482 με
662 398 712 462 ἐπί
735 401 770 461 τὸ
802 400 898 480 ἀκρον
923 407 981 462 τοῦ
1010 401 1114 482 ὅρους
1145 403 1206 466 καί
1229 401 1318 479 ἔδειξέ
1333 423 1366 485 μα

186 507 291 571 πεδίον
314 505 405 590 μέγα,
429 504 539 588 κύκλῳ
563 505 598 567 δὲ
619 513 674 567 τοῦ
697 503 803 566 πεδίου
827 505 883 587 ὅρη
908 503 1058 583 δώδεκα,
1084 505 1199 591 ἄλλην
1222 509 1275 570 καί
1296 505 1366 589 άλλη

186 610 270 674 ἰδέαν
300 611 414 692 ἔχοντα
444 611 484 671 τὰ
515 612 580 692 ὅρη.
627 613 655 674 5.
680 611 715 671 τὸ
744 616 866 690 πρῶτον
899 608 1004 691 με’λαν
1042 609 1091 685 ὡς
1125 610 1273 698 ἀσβὸλη·
1302 611 1367 674 :II

186 716 329 797 δεύτερον
353 713 458 796 ψιλόν,
490 713 622 798 βοτάνας
651 715 693 796 μὴ
716 714 806 796 ἔχον·
839 713 933 775 τὸδὲ
964 713 1080 795 τρίτον
1117 716 1311 791 ἀκανθῶδες
1333 716 1366 775 ια’

161 818 338 904 ττριβὸλων
362 817 493 900 πλῆρες·
528 821 557 884 6.
581 819 617 879 τὸ
640 817 675 880 δὲ
697 816 842 899 τέταρτον
864 816 1007 902 βοτάνας
1034 819 1120 902 ἔχον
1146 819 1366 905 meipsam

187 925 242 1007 μὲν
275 923 380 987 ἐπάνω
407 933 468 986 τῶν
499 922 637 1007 βοτανῶν
669 922 792 1005 χλωρά,
823 923 862 984 τὰ
889 921 924 984 δὲ
955 923 1041 1004 πρὸς
1073 933 1152 1000 ταῖς
1183 926 1283 1009 ῥίζαις
1302 922 1366 1008 ξηρά

187 1030 266 1104 τινὲς
289 1029 324 1091 δέ
348 1027 485 1113 βοτάναι,
510 1029 584 1090 ὅταν
608 1026 625 1089 ὅ
647 1025 734 1108 ῆλιος
757 1025 972 1105 ἐπικεκαίνκει,
999 1026 1103 1111 ξηραί
1131 1029 1292 1114 ἐγίνοντο
1312 1031 1366 1095 λά

188 1135 222 1196 δὲ
245 1132 385 1215 πέμπτον
409 1134 480 1212 ὅρος
503 1131 576 1212 έχον
600 1130 732 1215 βοτάνας
755 1128 879 1213 χλωρὰς
896 1131 952 1192 καί
978 1136 1093 1214 τραχὺ
1111 1136 1164 1197 ὅν.
1199 1137 1238 1199 τδ
1260 1135 1366 1199 δὲὲκτα

188 1240 258 1318 ὅρος
281 1242 422 1317 σχιομῶν
445 1232 518 1297 ὅλον
542 1235 662 1318 ἔγεμεν,
687 1231 730 1296 ὧν
754 1235 808 1316 μὲν
824 1240 954 1315 μικρῶν,
980 1231 1029 1298 ὧν
1058 1237 1099 1301 δὲ
1116 1239 1292 1323 μεγάλων·
1311 1236 1367 1318 εἶχεν

149 1359 173 1393 10
189 1342 223 1404 δὲ
246 1340 378 1425 βοτάνας
402 1338 434 1400 αἱ
449 1339 589 1421 σχισμαί,
613 1340 649 1401 οὐ
665 1337 735 1401 λίαν
758 1338 792 1401 δὲ
810 1336 889 1422 ἦσαν
905 1337 1069 1416 εὐθαλεῖς
1094 1343 1131 1405 αἱ
1149 1342 1296 1429 βοτάναι,
1314 1341 1368 1426 μάλ·

188 1444 242 1507 λον
265 1444 299 1507 δὲ
323 1443 364 1518 ὡς
394 1442 630 1526 μεμαραμμέναι
660 1441 749 1527 ἦσαν.
796 1445 824 1509 8.
848 1442 941 1505 τὸδὲ
966 1442 1118 1528 ἕβδομον
1153 1452 1233 1532 ὅρος
1263 1448 1321 1532 εἶχε
1337 1447 1369 1533 βο

189 1550 284 1624 τάνας
308 1547 426 1630 ἱλαράς,
450 1549 503 1610 καί
520 1547 593 1610 ὅλον
617 1550 652 1610 τὸ
673 1550 742 1629 ὅρος
765 1549 918 1630 εὐθηνοῠν
942 1544 995 1631 ἦν,
1019 1552 1083 1613 καί
1111 1563 1184 1616 πᾶν
1213 1554 1302 1638 γένος
1320 1574 1369 1633 ατη·

190 1662 250 1717 νῶν
274 1654 328 1715 καί
351 1651 465 1733 ὀρνέων
488 1650 634 1735 ἐνέμοντο
657 1653 700 1726 είς
723 1654 758 1713 τὸ
781 1654 850 1733 ὅρος
873 1649 995 1714 ἐκεῖνο·
1028 1656 1093 1717 καί
1120 1659 1207 1721 ὅσον
1232 1659 1369 1744 έβὸοκοντι

188 1761 227 1821 τὰ
249 1757 346 1841 κτήνη
362 1759 415 1819 καί
438 1759 477 1819 τά
492 1756 627 1835 πετεινά,
651 1755 770 1839 μᾶλλον
792 1754 984 1836 καὶμᾶλλον
1010 1757 1048 1820 αἱ
1066 1759 1216 1844 βοτάναι
1240 1774 1295 1828 τοῦ
1308 1765 1370 1844 ὅρων

150 1879 173 1914 υ
189 1862 309 1926 ἐκείνου
332 1860 480 1927 ἕθαλλον.
527 1863 562 1923 τὸ
585 1861 619 1923 δὲ
643 1861 754 1944 ὅγδοον
777 1863 845 1942 ὅρος
868 1867 980 1943 πηγῶν
1007 1861 1142 1948 πλῆρες
1169 1866 1232 1953 ἦν,
1263 1871 1312 1932 καὶ
1329 1875 1370 1928 πᾶν

188 1965 276 2051 γένος
299 1977 352 2050 της
376 1965 506 2040 κτίσεως
529 1975 583 2027 τοῦ
598 1965 705 2047 κυρίου
729 1964 906 2041 ἐποτίζοντο
922 1963 960 2025 ἐκ
985 1974 1055 2029 τῶν
1083 1981 1211 2055 πηγῶν
1232 1984 1288 2036 τοῦ
1307 1974 1371 2054 eps:

190 2071 317 2134 ἐκείνου.
365 2073 394 2135 9.
417 2072 453 2131 τὸ
481 2070 515 2132 δὲ
538 2070 665 2132 ἔννατον
698 2071 768 2151 ὅρος
790 2068 871 2143 ὅλως
900 2067 986 2150 ὕδωρ
1018 2072 1087 2135 οὐκ
1121 2073 1218 2160 εἶχεν
1248 2080 1301 2141 καὶ
1320 2075 1371 2140 ὅλον

189 2175 344 2257 ἐρημῶδες
367 2172 419 2257 ἡν·
455 2171 520 2255 είχε
542 2174 576 2235 δὲ
600 2173 632 2236 ἐν
664 2174 748 2255 αὐτῷ
772 2172 867 2256 θηρία
889 2173 943 2234 καί
968 2172 1097 2254 ἑρπετὰ
1131 2182 1307 2269 θανάσιμα
1324 2181 1372 2242 δα·

189 2278 358 2360 φθείροντα
387 2275 584 2358 ἀνθρώπους.
630 2279 665 2338 τδ
688 2277 722 2339 δὲ
745 2275 875 2339 δέκατον
907 2278 979 2357 ὅρος
1004 2276 1079 2362 εἶχε
1111 2283 1239 2368 δένδρα
1268 2286 1372 2370 μὲητπε

259 2449 275 2500 3
294 2447 380 2515 μέλαν
399 2447 446 2502 GA
461 2449 513 2516 :-{—
527 2450 588 2501 erat
606 2447 627 2499 L
643 2450 646 2513 Ι
663 2449 678 2500 7
699 2444 823 2518 ἐγίνοντο
836 2445 883 2497 LA
902 2445 937 2498 cf.
952 2446 995 2509 21,
1011 2450 1040 2510 1;
1063 2450 1111 2515 22,
1130 2457 1145 2510 1
1162 2457 1225 2528 τ-β-
1239 2460 1273 2515 τὸ
1288 2453 1372 2527 oiim

189 2535 275 2608 τραχὺ
292 2538 353 2589 λίαν
378 2532 411 2605 ἦν
427 2534 548 2607 βοτάνας
572 2529 636 2604 ἕχον
658 2534 743 2607 ξηρὰς
761 2532 785 2587 G
803 2534 837 2586 cf.
856 2550 879 2585 v.
901 2533 916 2585 ’ί
943 2534 946 2601 λ
974 2536 1005 2589 11
1025 2545 1275 2614 μεμαραμμένας
1296 2542 1372 2599 end

189 2622 246 2675 Vis.
266 2621 312 2684 ΙΙΙ,
334 2623 374 2684 11,
394 2621 619 2690 2ι-ασμίνας6

188 2779 270 2833 Pauli
289 2796 311 2832 c.
330 2778 377 2838 20,
396 2777 444 2830 ubi
464 2777 595 2832 librarius
614 2778 760 2833 codicisB
789 2777 856 2846 (Vis.
878 2778 898 2843 Ι,
919 2781 941 2841 1,
961 2781 991 2841 3;
1012 2779 1047 2843 ΙΙ,
1071 2786 1098 2847 1,
1123 2790 1156 2842 1:
1189 2794 1243 2846 καὶ
1261 2791 1374 2857 nom

188 2884 238 2936 pro
264 2869 389 2938 Ἀρικίαν
412 2865 508 2934 posuit
527 2867 660 2938 Ἀραβίαν
678 2866 761 2930 (Acts
788 2863 857 2938 αι”ρει
876 2874 985 2934 πνεῦμα
1005 2869 1092 2937 κτλ).
1135 2873 1183 2928 Cf.
1215 2877 1304 2931 etism
1320 2876 1374 2930 Ιλυιι

189 2956 278 3022 apost
299 2967 392 3020 apocr.
407 2952 467 3005 edd.
481 2951 591 3021 Lipsius
610 2956 638 3005 et
652 2951 762 3005 Bonnet
791 2953 830 3016 12,
850 2954 883 3007 36
910 2953 1006 3023 (Vulg.
1030 2954 1072 3017 14,
1096 2959 1165 3030 35);
1197 2966 1290 3034 Apoc,
1315 2965 1337 3019 ς
1359 2964 1374 3015 L

187 3038 294 3107 1,·187).
332 3037 386 3091 Sed
409 3038 540 3092 assentiri
564 3055 620 3091 non
638 3004 887 3108 possum.¹ltsque
921 3055 978 3092 non
1009 3046 1055 3096 est
1076 3044 1231 3116 dubium,
1261 3051 1374 3105 flemis

188 3126 286 3179 Testes
304 3125 450 3178 unanimes
458 3123 596 3198 Ἀρκαδίαν
615 3125 720 3179 habent
733 3128 761 3179 et
789 3123 937 3198 Ἀρκαδίαν
956 3126 1122 3196 scripsisse.
1166 3137 1231 3192 Cur
1249 3137 1375 3193 antemi:

188 3215 335 3264 contextus
359 3212 475 3264 lectioni
501 3212 585 3265 favet
628 3212 657 3265 Si
686 3214 761 3266 enim
788 3213 938 3265 Arcadiam
957 3230 987 3267 se
1001 3213 1173 3275 obductum
1186 3223 1283 3280 fuisse
1301 3220 1375 3279 dicit?

188 3298 266 3351 Zshn
285 3300 359 3350 recte
379 3297 552 3359 coniecisset,
572 3302 671 3352 auctor
683 3298 761 3351 houd
788 3297 860 3351 Num
879 3298 920 3352 ibi
936 3303 1028 3365 nctus
1043 3301 1131 3360 fuiss
1158 3309 1278 3367 Rendel
1295 3310 1375 3365 Emis

188 3384 271 3437 dubie
290 3383 462 3456 ἐπορευόμην
480 3385 522 3450 (cf
528 3383 585 3437 Vis.
605 3384 625 3446 Ι,
640 3386 662 3447 1,
676 3385 709 3447 3;
725 3385 759 3447 ΙΙ,
788 3385 818 3437 in
836 3385 955 3440 Journal
973 3389 1005 3455 of
1022 3391 1068 3445 tte
1080 3391 1204 3468 Sooidy
1223 3403 1257 3467 of
1273 3395 1376 3454 Βίδίιιά

191 3472 211 3531 1,
226 3470 250 3537 l)
263 3472 308 3522 vel
320 3469 427 3543 ὑπῆγον
446 3473 493 3535 (cf.
506 3470 564 3522 Vis.
578 3471 624 3533 IV,
640 3472 661 3532 1,
675 3471 702 3539 2)
715 3471 760 3523 vel
788 3472 843 3525 Lis.
865 3474 921 3526 aod
940 3476 1023 3543 Ετορ.
1056 3478 1131 3532 1887
1153 3503 1184 3555 p.
1210 3485 1318 3541 69-83
1340 3483 1374 3536 de

189 3554 274 3607 aliam
304 3555 421 3610 similem
452 3573 548 3610 vocem
576 3556 759 3610 adhibuisset.
788 3559 964 3622 monstravit,
984 3565 1211 3627 quaeHermss
1230 3574 1263 3627 in
1281 3576 1331 3626 hoc
1341 3585 1373 3621 ss-

188 3640 284 3692 Aricis
301 3641 373 3694 enim
386 3644 462 3695 haud
474 3643 515 3695 its
527 3644 624 3711 procul
638 3643 673 3695 sb
692 3643 760 3697 urbe
788 3644 848 3713 pite
876 3644 910 3697 de
929 3647 1056 3702 Arcadia
1074 3659 1240 3723 exposuit,
1266 3675 1301 3714 ss
1324 3672 1373 3709 τυπ

189 3725 277 3780 abest.
306 3729 374 3781 Cum
393 3731 486 3781 autem
505 3730 539 3782 de
558 3732 634 3782 terrs
652 3735 761 3785 remota
789 3731 978 3799 descriptione
991 3736 1126 3804 regionis
1146 3761 1205 3812 per
1217 3745 1374 3801 Pausanias

188 3811 266 3877 loqui
285 3813 378 3876 vellet,
399 3815 512 3882 scripsit
530 3815 661 3888 ἀπήγαγε,
688 3835 725 3871 sc.
744 3780 817 3881 ‹iiin
836 3817 1037 3887 poscriptione
1058 3823 1210 3886 Graecias
1224 3833 1292 3888 VIII
1308 3828 1373 3884 iffiII·

188 3893 311 3968 ἄγγελος,
332 3900 348 3950 i.
366 3918 388 3952 c.
407 3903 528 3968 abripuit
544 3920 590 3965 me,
611 3906 639 3955 et
658 3903 761 3956 similis
773 3894 775 3947 ἱ
788 3907 853 3958 tuto
871 3904 1023 3970 quadrare,
1044 3926 1170 3970 vorsum
1189 3920 1209 3971 4
1229 3919 1269 3972 od
1288 3916 1373 3972 coliem

189 3999 245 4033 non
264 3985 352 4036 solum
372 3988 447 4055 opud
467 3988 537 4041 alios
556 3988 602 4055 (cf.
617 3987 642 4039 V
654 3988 724 4042 Esrs
735 3991 760 4053 2,
774 4036 775 4043 ,
789 3995 932 4059 spectare,
957 3992 988 4045 in
1014 4013 1073 4062 quo
1093 3999 1169 4055 urbs
1191 4003 1372 4059 Orchomenus

190 4065 223 4117 33
242 4086 301 4134 sqq.
322 4075 350 4123 et
362 4071 433 4125 liber
446 4075 560 4129 Henoch
572 4076 697 4146 passim),
712 4078 760 4130 sed
773 4086 775 4143 j
789 4077 845 4131 sito
864 4082 925 4132 erat
937 4079 1034 4147 (Paus.
1050 4083 1130 4150 VIII,
1149 4091 1193 4152 13,
1208 4093 1247 4161 2),
1261 4094 1371 4145 montem

191 4151 276 4204 etism
306 4158 381 4222 apud
412 4175 475 4212 eum
506 4160 597 4228 ipsum
628 4148 918 4230 legunturfquintum
945 4166 981 4233 (v.
1002 4168 1030 4236 7)
1061 4171 1100 4224 od
1129 4184 1266 4233 montem
1296 4173 1372 4250 Tpcti
