2834 5018
174 314 238 380 392
519 306 696 364 EPISTULA
716 308 766 362 AD
785 305 1005 364 DIOGNETUM

174 486 294 569 χύντυν
318 506 374 548 σου
404 487 459 567 τὴν
482 485 619 549 διάνοιαν
651 484 809 568 λογισμῶν
837 485 890 546 καί
920 486 975 567 τὴν
999 484 1171 547 ἀπατῶσάν
1198 505 1237 547 σε
1273 483 1375 568 συνάγ-

175 593 267 657 θειαν
299 589 595 672 ἀποσκευασάμενος
626 591 680 651 καί
715 588 879 672 γενόμενος
911 588 1016 670 ὥσπερ
1050 587 1083 666 ἐξ
1112 589 1215 672 ἀρχῆς
1254 591 1374 665 καινὸς

175 696 360 777 ἄνθρωπος,
393 693 435 769 ὡς
458 695 495 756 ἂν
518 695 572 756 καί
603 693 698 777 λύγου
725 703 844 773 καινοῦ,
867 693 1017 775 καθάπερ
1040 695 1093 756 καί
1116 694 1213 769 αὐτὸς
1237 694 1372 777 ὡμολύ-

174 820 284 884 γησας,
309 800 465 881 ἀκροατὴς
486 797 648 880 ἐσόμενος·
672 797 719 860 ἴδε
734 799 776 879 μὴ
798 796 891 880 μένον
908 805 970 871 τοῖς
987 797 1177 880 ὀφθαλμοῖς,
1202 797 1297 861 ἀλλά
1312 801 1370 862 καί

149 914 215 989 MA
239 904 399 988 φρονήσει,
432 903 512 977 τίνος
543 902 744 977 ὑποστάσεως
767 902 787 984 ἢ
810 901 890 976 τίνος
920 901 1020 976 εἴδους
1050 901 1286 984 τυγχάνουσιν,
1314 906 1370 980 οὓς

175 1008 272 1091 ἐρεῖτε
294 1010 347 1071 καί
371 1007 510 1090 νομίζετε
533 1007 637 1082 θεούς.
684 1012 713 1073 2.
738 1009 798 1090 οὐχ
820 1008 836 1070 ὁ
860 1006 915 1090 μέν
938 1028 983 1082 τις
1007 1007 1098 1082 λίθος
1121 1006 1226 1087 ἐστίν,
1254 1010 1368 1093 ὅμοιος

175 1121 220 1196 τῷ
242 1112 437 1195 πατουμένη),
461 1112 477 1174 ὁ
501 1109 529 1174 δ’
552 1110 616 1173 ἐστί
639 1111 775 1194 χαλκός,
808 1113 843 1174 ού
865 1111 1019 1194 κρείσσων
1049 1120 1110 1174 τῶν
1134 1112 1178 1186 είς
1202 1115 1263 1194 τὴν
1289 1125 1367 1199 χρῆ·

175 1238 223 1280 σιν
245 1216 317 1300 ἡμῖν
350 1214 612 1299 κεχαλκευμένῶν
636 1225 774 1296 σκευῶν,
808 1216 882 1279 ύδὲ
906 1216 1014 1296 ξύλον,
1046 1217 1105 1299 ἤδη
1128 1218 1184 1279 καί
1209 1220 1364 1304 σεσηπύς,

176 1321 193 1383 ὑ
217 1322 251 1384 δὲ
274 1323 416 1404 ἄργυρος,
439 1318 563 1403 χρῄζων
586 1319 756 1403 ἀνθρώπου
779 1330 833 1384 τοῦ
858 1320 1067 1402 φυλάξαντος,
1094 1322 1146 1385 ἵνα
1170 1323 1215 1404 μὴ
1238 1322 1364 1408 κλαπη,

136 1425 192 1487 τού
215 1425 250 1488 δὲ
273 1424 413 1508 σίδηρος,
444 1424 505 1487 ὑπὸ
529 1424 576 1487 ἰού
599 1424 843 1508 διεφθαρμένος,
876 1426 950 1489 ὑδέ
980 1428 1153 1508 ὄστρακον,
1186 1427 1284 1491 οὐδέν
1308 1439 1363 1492 τού

175 1527 468 1611 κατεσκευασμένου
502 1529 577 1610 πρὸς
600 1530 656 1611 τὴν
680 1530 866 1614 ἀτιμοτάτην
898 1530 1066 1614 ὑπηρεσίαν
1090 1530 1361 1614 εὑπρεπέστερονς

174 1636 204 1700 3.
229 1634 265 1696 ού
290 1635 432 1716 φθαρτῆς
462 1631 537 1716 ὕλης
560 1642 659 1695 ταῦτα
686 1633 809 1713 πάντας
842 1637 901 1717 ούχ
924 1635 984 1698 ὑπὸ
1014 1634 1141 1717 σιδήρου
1172 1637 1230 1698 καί
1263 1639 1361 1720 πυρὸς

174 1736 430 1822 κεχαλκευμένος
466 1738 525 1819 οὐχ
547 1736 564 1799 ὁ
587 1737 642 1820 μέν
666 1739 769 1801 αὑτῶν
793 1737 957 1818 λιθοξόος,
991 1738 1064 1802 ὁδέ
1086 1738 1250 1821 χαλκεύς,
1287 1741 1360 1805 ὑδέ

175 1841 398 1925 ἀργυροκόπος,
422 1841 439 1904 ὁ
461 1841 496 1904 δέ
517 1844 670 1924 κεραμεύς
686 1841 841 1920 έπλασεν;
865 1845 901 1906 ού
916 1845 986 1926 πρίν
1008 1843 1028 1926 ἢ
1051 1852 1117 1918 ταῖς
1141 1842 1272 1926 τέχναις
1287 1845 1358 1909 τού·

134 1972 160 2010 ιι
174 1965 235 2009 τῶν
259 1946 302 2022 είς
324 1949 379 2030 τὴν
403 1947 522 2029 μορφὴν
546 1945 663 2010 τούτων
680 1946 913 2031 έκτυπῶθηναι,
937 1945 974 2033 ἦν
997 1949 1131 2011 ἕκαστον
1152 1949 1261 2013 αὑτῶν
1285 1950 1357 2015 ἑκά·

174 2070 255 2134 στῳ,
285 2051 329 2114 ἔτι
360 2052 413 2113 καί
437 2059 506 2129 νῦν,
538 2052 879 2136 μεταμεμορφωμένσν,
915 2055 950 2116 ού
974 2055 1089 2116 τὰνῦν
1118 2051 1157 2115 ἐκ
1181 2064 1238 2138 της
1262 2057 1357 2138 αὐτῆς

174 2154 250 2238 ὑλης
273 2157 347 2219 ὄντα
370 2155 467 2239 σκεύη
490 2153 604 2238 γένοιτ’
627 2157 675 2236 ἀν,
699 2156 836 2239 εἰτύχοι
860 2165 922 2220 τῶν
946 2159 1049 2220 αύτῶν
1073 2168 1239 2239 τεχνιτῶν,
1265 2161 1357 2243 ὅμοια

172 2258 338 2339 τοιούτοις;
373 2264 402 2326 4.
427 2261 463 2321 σύ
486 2268 584 2322 ταῦτα
607 2258 719 2338 πάλιν,
749 2262 789 2322 τὰ
811 2269 864 2324 νύν
893 2260 946 2343 ὑφ’
969 2262 1055 2344 ὑμῶν
1082 2263 1355 2346 προσκυνούμενα,

174 2362 291 2426 δύναιτ’
314 2365 351 2426 ἂν
375 2364 435 2426 ὑπὸ
458 2362 637 2446 ἀνθρώπων
660 2363 757 2448 σκεύη
781 2366 874 2447 ὅμοια
896 2365 1047 2449 γενέσθαι
1070 2374 1134 2440 τοῖς
1157 2365 1299 2448 λοιποῖς,
1322 2369 1356 2431 οὑ

133 2490 159 2529 νυ
173 2469 268 2548 κωφὰ
290 2467 413 2546 πάντα,
437 2469 472 2529 ού
495 2467 614 2550 τυφλά;
638 2470 697 2531 σύκ
719 2468 845 2552 ἀψυχας
869 2471 928 2533 οὐκ
942 2470 1139 2554 ἀναίσθητα;
1163 2472 1225 2534 οὐκ
1248 2472 1356 2556 ἀκίνη-

172 2591 230 2650 τα,
255 2573 290 2634 ού
313 2571 416 2634 πάντα
439 2572 618 2656 σηπόμενα,
649 2575 685 2635 ού
708 2574 811 2637 πάντα
835 2574 1045 2658 φθειρόμενας
1081 2579 1110 2642 5.
1135 2586 1237 2640 ταῦτα
1261 2580 1356 2651 θεούς

173 2675 310 2754 καλεῖτε,
333 2674 451 2750 τούτοις
475 2676 654 2758 δουλεύετε,
679 2677 798 2753 τούτοις
821 2689 1041 2760 προσκυνεῖτε,
1064 2680 1172 2744 τέλεον
1197 2680 1227 2744 δ’
1251 2683 1356 2756 αὑτοῖς

173 2779 387 2864 έξσμοισύσθε.
435 2786 463 2848 6.
488 2782 539 2845 διὰ
561 2790 653 2844 τοῦτο
677 2791 793 2865 μισεῖτε
815 2781 1040 2864 Χριστιανούς,
1072 2787 1118 2847 ὅτι
1141 2785 1275 2862 τούτους
1299 2787 1355 2866 οὑχ

171 2884 319 2969 άργούνται
343 2884 447 2961 θεούς.
495 2889 523 2952 7.
548 2886 633 2969 ύμεῐς
655 2888 716 2970 γάρ
739 2887 834 2950 αἰνεῖν
863 2886 1038 2969 νομίζοντες
1061 2890 1115 2951 καί
1139 2888 1297 2972 οίύμενοι,
1320 2890 1356 2952 σύ

134 2992 253 3056 νυπσλὺ
276 2991 372 3057 πλέον
395 2995 497 3058 αύτῶν
520 3004 761 3077 καταφρονεῖτε;
793 2996 829 3057 σύ
852 2994 932 3057 πολὺ
956 2991 1075 3078 μᾶλλον
1098 2992 1214 3066 αὐτοὺς
1237 2993 1355 3076 χλευά-

172 3096 242 3174 ζετε
263 3099 317 3160 καί
346 3096 500 3182 ὑβρίζετε,
535 3101 605 3174 τοὺς
629 3100 684 3182 μέν
718 3097 858 3174 λιθίνους
887 3101 941 3161 καί
974 3095 1175 3178 ὀστρακίνσυς
1210 3096 1356 3182 σέβοντες

172 3201 381 3284 ἀφυλάκτους,
406 3206 476 3278 τούς
498 3203 533 3266 δὲ
556 3203 724 3288 ἀργυρέους
746 3205 799 3266 καί
822 3211 956 3285 χρυσοῦς
980 3199 1173 3284 έγκλείοντες
1198 3209 1269 3276 ταῖς
1292 3199 1355 3278 νυξί

243 3443 275 3497 15
289 3437 406 3499 ἕκαστον
418 3461 424 3495 :
438 3438 555 3509 ἕκαστος
564 3443 588 3494 A
598 3442 617 3495 h
633 3442 637 3513 A
655 3443 687 3497 16
699 3438 739 3499 ἔτι
748 3446 794 3498 καὶ
803 3451 852 3499 νῦν
862 3444 886 3494 Α
896 3443 916 3495 h
929 3461 935 3494 :
948 3442 1064 3513 εἰκάζειν
1075 3457 1129 3495 eon
1139 3441 1160 3495 L
1176 3442 1180 3508 Ι
1210 3442 1243 3497 18
1257 3440 1338 3512 ὑμῶν
1348 3461 1355 3494 :

171 3533 250 3601 ημῶν
268 3531 292 3583 Α
304 3530 323 3581 h
339 3528 343 3599 A
362 3530 393 3584 19
412 3526 466 3586 ὑπό
480 3548 486 3581 :
499 3526 546 3585 ὑπ’
564 3529 582 3581 h
607 3530 611 3600 A
637 3529 671 3584 24
689 3529 776 3586 αἰνεῖν
794 3546 840 3583 em
851 3531 872 3584 L
885 3548 891 3582 :
905 3529 931 3587 οἳ
949 3540 999 3586 νῦν
1017 3531 1041 3581 Α
1054 3530 1072 3582 h
1099 3532 1102 3597 A
1127 3525 1257 3597 οἰόμενοι
1276 3533 1303 3585 A
1316 3529 1335 3582 h
1348 3547 1354 3580 :

171 3618 316 3689 σεβόμενοι
334 3633 386 3670 con
405 3616 427 3668 L
443 3616 446 3686 A
463 3617 496 3670 27
515 3615 692 3687 ἀφυλάκτους
705 3636 711 3669 :
724 3616 890 3687 ἀφυλάκτως
909 3620 933 3670 Α
947 3619 967 3670 h

171 3822 556 3900 -αύτύςὺιμολύγησας]01.
568 3829 630 3882 σ.;1
649 3828 760 3885 καινὸν1
697 3866 760 3983 m!
773 3844 844 3882 saur.
864 3847 884 3881 s.
903 3827 930 3880 h.
948 3845 973 3879 v.

172 3921 256 3970 τοῦτο
283 3912 429 3985 γένος-
456 3911 507 3985 ἴδε]
535 3915 595 3977 lta,
622 3915 723 3972 ποπίὸ
807 3914 831 3966 2.
850 3913 935 3984 ὁμέν
953 3934 1037 3980 τις.
1052 3912 1153 3981 .ὑύὲ]
1173 3912 1216 3967 cf.
1237 3912 1354 3976 8‚2.-

172 3997 347 4053 Hellenisiae
378 4000 498 4054 scribere
528 4000 664 4055 solebant.
702 4000 744 4056 cf.
757 3970 853 4121 AliAloc
874 4000 946 4070 κτλ]
975 3999 1016 4053 ef.
1044 3997 1171 4052 praedio.
1202 3998 1283 4053 Petri
1310 3997 1353 4052 ed.

172 4085 255 4139 Bam
267 4085 341 4147 15..7
361 4085 488 4156 Winer§
500 4089 524 4152 6,
540 4086 759 4165 1κ.-ἐρεῖτε]ἶ
772 4087 935 4157 Hilgenfeld
953 4104 980 4155 p.
1000 4085 1041 4147 58,
1060 4086 1172 4140 20-31.
1192 4116 1229 4124 —
1244 4082 1295 4143 ‘iva
1317 4090 1354 4155 μι)

172 4170 351 4225 Receniiores
362 4173 417 4226 hac
430 4174 521 4228 forma
533 4175 711 4243 praesentis'
704 4193 742 4227 111
757 4160 872 4257 γκλαπῇ]
893 4173 1029 4227 Similiter
1047 4171 1187 4226 Aristides
1208 4175 1233 4236 3,
1252 4175 1279 4227 2.

171 4259 232 4312 star
256 4260 380 4313 utuntur.
418 4260 513 4315 (11.1
481 4261 654 4330 Stephanus,
674 4261 760 4317 The-l
806 4262 830 4315 3.
850 4259 891 4314 ef.
911 4259 1052 4314 Aristides
1071 4260 1095 4323 3,
1114 4260 1137 4313 2.
