2834 5018
199 320 262 384 148
666 308 902 366 ιοιιωιιιννιε

197 489 234 555 οό
266 488 483 575 ἀναπληρωθῇ
514 490 609 552 αὐτοῦ
640 488 675 550 τό
705 485 880 570 ὑστέρημα·
914 485 1052 569 όσορός
1081 483 1295 550 ἐνδεικνώσθω
1317 485 1370 566 τήν

198 595 310 678 σοφίαν
333 595 428 657 αὐτοῦ
452 596 494 678 μή
517 595 550 657 ἐν
573 592 696 676 λόγοις,
730 588 802 653 ἀλλ’
826 588 858 652 ἐν
881 591 982 674 ἔργοις
1005 591 1154 674 ἀγαθοῖς·
1188 589 1205 652 ό
1228 608 1370 652 ταπεινο-

198 708 320 783 ιρρονών
342 700 384 783 μὴ
408 697 509 782 ἑαυτῷ
534 695 734 783 μαρτυρείτω,
758 693 830 758 ἀλλ’
852 694 935 758 ἐοίτω
958 694 1012 778 ὑφ’
1035 695 1140 778 ἐτέρου
1163 694 1275 758 ἑαυτόν
1298 713 1372 777 μαρ-

198 806 376 887 τυρεῖσθαι·
400 803 418 866 ό
440 804 534 889 ἁγνός
556 802 589 867 ἐν
611 811 649 886 τῇ
672 802 763 884 σαρκί
787 803 829 884 μή
848 799 1105 878 ἀλαζονευέσθω,
1128 797 1304 882 γινώσκων,
1328 800 1373 861 ότι

172 908 301 991 τέτερός
323 907 406 972 ἐστιν
429 907 446 971 ό
469 907 664 991 ἐπιχορηγών
695 907 857 989 αὐτῷτὴν
887 904 1080 989 ἐγκράτειαν.
1126 907 1156 970 3.
1180 901 1373 988 ἀναλογισώ-

198 1016 284 1096 μεθα
307 1010 378 1093 οόν,
402 1011 548 1095 ἀδελφοί,
578 1010 616 1073 ἐκ
637 1009 728 1086 ποίας
760 1008 836 1094 ὕλης
866 1008 1075 1093 ἐγενήθημεν,
1105 1017 1188 1071 ποῖοι
1210 1009 1264 1070 καί
1296 1007 1374 1082 τίνες

200 1116 393 1201 εἰσήλθαμεν
416 1115 459 1191 εἰς
481 1117 534 1179 τόν
550 1115 680 1200 κόσμον,
704 1114 742 1176 ἐκ
756 1113 846 1177 ποίου
868 1114 971 1196 τύρου
986 1115 1040 1176 καί
1064 1112 1195 1187 σκότους
1219 1110 1373 1186 όπλσίσας

202 1219 284 1304 ἡμᾶς
305 1221 359 1282 καί
382 1219 610 1304 δημιουργήσας
632 1218 798 1303 εἰσήγαγεν
821 1218 864 1292 εἰς
886 1218 940 1280 τόν
962 1216 1083 1299 κόσμον
1106 1218 1213 1296 αὐτοῦ,
1236 1229 1374 1299 προετοι-

200 1323 302 1407 μάσας
324 1325 380 1399 τὰς
411 1323 587 1407 εὐεργεσίας
616 1325 729 1402 αὐτοῦ,
763 1324 832 1405 πρίν
865 1322 946 1406 ἡμᾶς
976 1324 1177 1406 γεννηθῆναι.
1224 1325 1254 1388 4.
1279 1331 1374 1384 ταῦτα

161 1455 186 1493 ιι
201 1423 255 1490 οὖν
284 1426 387 1490 πάντα
414 1426 446 1504 ἐξ
469 1429 564 1490 αὐτοῦ
594 1427 718 1509 ἔχοντες
751 1425 916 1509 ὀφείλομεν
946 1427 1029 1488 κατὰ
1051 1426 1154 1488 πάντα
1183 1427 1374 1508 εὐχαριστεῖν

201 1531 304 1613 αὐτῷ·
328 1528 353 1615 ᾧ
375 1530 396 1614 ἡ
418 1529 493 1608 δόξα
516 1531 558 1605 εἰς
580 1533 651 1605 τοὺς
675 1531 790 1606 αἰῶνας
813 1538 875 1593 τών
898 1528 1030 1594 αἰώνων.
1077 1529 1169 1613 ἀμήν.

286 1636 434 1702 ΧΧΧΙΧ.
458 1634 611 1718 Ἀφρονες
641 1637 696 1698 καί
728 1634 871 1699 ἀσύνετοί
899 1635 953 1697 καί
985 1637 1082 1718 μωροί
1111 1635 1165 1696 καί
1197 1633 1376 1697 ἀπαίδευτοι

200 1739 405 1822 χλευάζουσιν
426 1739 508 1823 ἡμᾶς
529 1740 583 1801 καί
606 1738 853 1823 μυκτηρίζουσιν,
877 1737 1006 1814 ἑαυτοὺς
1029 1737 1211 1824 βουλόμενοι
1235 1737 1376 1820 ἐπαίρεσ-

202 1846 258 1910 θαι
280 1852 348 1920 ταῖς
370 1843 518 1918 διανοίαις
541 1844 654 1906 αὐτῶν.
700 1848 731 1909 2.
753 1843 783 1906 τί
803 1845 864 1928 γὰρ
895 1842 1022 1907 δύναται
1046 1842 1181 1926 θνητός;
1218 1841 1307 1925 ήτίς
1330 1842 1375 1904 ἰσ-

161 1977 187 2016 ιτ
201 1951 257 2031 χὺς
271 1957 439 2032 γηγενούς;
463 1951 492 2014 3.
516 1946 687 2032 γέγραπται
702 1948 776 2032 γάρ·
804 1948 873 2013 Οὐκ
895 1951 939 2034 ήν
953 1951 1070 2033 μορφή
1093 1949 1161 2034 πρὸ
1181 1946 1377 2032 ὀφθαλμῶν

200 2076 277 2134 μου,
300 2052 375 2117 ἀλλ’
398 2057 420 2136 ή
442 2057 552 2138 αὔραν
567 2055 624 2117 καί
639 2056 762 2139 φωνήν
776 2057 918 2138 ἢκουον·
943 2057 972 2119 4.
1001 2052 1041 2117 Τί
1055 2053 1118 2138 γάρ
1125 2075 1136 2129 ,·
1157 2055 1206 2136 μή
1223 2051 1377 2136 καθαρός

201 2159 295 2223 ἔσται
317 2157 437 2243 βροτὸς
460 2158 575 2222 ἔναντι
599 2161 736 2245 κυρίου;
758 2163 780 2242 ή
803 2159 871 2222 ἀπὸ
895 2165 966 2223 τῶν
988 2160 1098 2243 ἔργων
1113 2160 1219 2221 αὐτοῦ
1242 2158 1377 2237 ἄμεμπ-

201 2285 258 2343 τος
273 2262 371 2347 ἀνήρ,
394 2263 424 2326 εί
439 2262 525 2326 κατὰ
548 2263 683 2328 παίδων
698 2267 803 2329 αὐτού
826 2267 867 2328 ού
883 2266 1043 2343 πιστεύει,
1067 2263 1153 2326 κατὰ
1168 2261 1206 2325 δὲ
1224 2260 1379 2344 ἀγγέλων

202 2369 307 2430 αὐτοῦ
331 2364 469 2430 σκολιόν
490 2389 522 2430 τι
544 2366 749 2450 ἐπενόησεν,·
772 2369 802 2432 5.
826 2367 970 2453 ούρανός
994 2365 1031 2430 ύὲ
1054 2367 1094 2429 ού
1117 2363 1271 2449 καθαρός
1295 2365 1378 2429 ἑνώ-

163 2495 189 2535 νι
203 2492 284 2534 πιον
306 2473 427 2535 αὐτοῦ·
452 2471 491 2534 ἔα
514 2469 561 2550 ύέ,
585 2472 616 2534 οἱ
631 2479 866 2551 κατοικοῦντες
890 2473 997 2550 οίκίας
1015 2468 1172 2553 πηλίνας,
1195 2466 1233 2548 ἐξ
1256 2471 1308 2535 ών
1323 2472 1379 2535 καί

202 2574 298 2638 αὐτοί
321 2575 358 2638 ἐκ
380 2581 441 2639 τού
464 2577 569 2639 αὐτοῦ
592 2574 704 2660 πηλοῦ
720 2576 832 2656 ἐσμέν.
879 2577 1022 2640 ἔπαισεν
1038 2576 1161 2655 αὐτούς
1185 2576 1288 2659 σητὸς
1303 2578 1378 2661 τρό-

203 2699 281 2757 πον,
314 2680 371 2742 καί
393 2679 464 2743 ἀπό
487 2678 644 2764 πρωλθεν
666 2680 731 2760 ἕως
761 2680 908 2766 ἑσπέρας
931 2681 993 2743 ούκ
1017 2679 1066 2743 ἔτι
1088 2680 1190 2743 εἰσίν·
1223 2682 1320 2765 παρὰ
1341 2681 1378 2745 τὸ

201 2784 250 2867 μή
272 2782 444 2848 δύνασθαι
466 2785 589 2863 αύτούς
613 2784 744 2862 ἑαυτοῖς
766 2782 938 2868 βοηθῆσαι
965 2781 1156 2847 ἀπώλοντο.
1203 2785 1233 2848 6.
1258 2784 1379 2868 ἐνεφύ-

204 2906 309 2969 σησεν
332 2889 465 2967 αὐτοῖς,
488 2888 545 2951 καὶ
568 2885 792 2971 ἐτελεύτησαν
814 2887 907 2971 παρὰ
930 2887 968 2950 τὸ
990 2889 1039 2970 μή
1063 2887 1153 2969 ἔχειν
1176 2889 1301 2969 αύτούς
1324 2911 1379 2954 σο-

164 3024 190 3064 25
204 2993 295 3073 φίαν.
344 2994 373 3058 7.
397 2991 596 3055 ἐπικάλεσαι
626 2990 677 3071 δέ,
707 2993 740 3055 εἴ
758 2994 807 3072 τίς
839 3014 892 3057 σοι
920 2995 1172 3071 ὑπακούσεται,
1206 2996 1285 3075 ήεῖ
1305 3016 1379 3059 τινα

204 3097 311 3177 ἁγίων
333 3095 487 3179 ἀγγέλων
509 3097 597 3183 ὄψῃ·
621 3098 678 3160 καὶ
700 3098 764 3182 γὰρ
780 3099 915 3183 ἄφρονα
938 3099 1073 3182 ἀναιρεῖ
1084 3097 1178 3182 ὀργή,
1203 3097 1380 3182 πεπλανη-

202 3199 310 3280 μένον
332 3199 369 3263 ύὲ
399 3197 549 3264 θανατοῖ
578 3200 687 3285 ζῆλος.
734 3205 763 3268 8.
787 3203 853 3285 ἐγὼ
885 3201 921 3266 δὲ
944 3204 1080 3286 ἑώρακα
1109 3204 1264 3286 ἄφρονας
1287 3203 1380 3288 ῥίζας

204 3304 389 3387 βαλόντας,
417 3303 493 3369 ἀλλ’
525 3305 654 3387 εὐθέως
686 3306 824 3393 ἐβρώθη
857 3309 971 3371 αὐτῶν
993 3308 1015 3389 ἡ
1040 3305 1159 3370 δίαιτα.
1206 3308 1237 3371 9.
1262 3308 1379 3393 πόρρω

274 3486 291 3538 2
309 3482 339 3540 ἐν
358 3486 451 3556 λύγοις
469 3484 540 3538 AH:
554 3488 648 3558 λόγοις
671 3489 761 3556 μόνον
778 3488 799 3542 L
819 3488 896 3542 Glem
914 3488 1013 3555 Knopf
1036 3487 1040 3556 Ι
1065 3484 1096 3543 ἐν
1114 3490 1205 3552 sec>
1223 3486 1250 3540 H
1275 3488 1280 3556 Ι
1305 3488 1322 3540 2
1341 3503 1379 3553 sq.

205 3574 401 3646 ταπεινόφρων
419 3571 445 3624 Η
464 3572 542 3626 Clem
559 3575 563 3642 Ι
580 3574 594 3625 7
613 3574 781 3645 εἰσήλθομεν
800 3576 826 3628 H
841 3576 845 3645 Ι
864 3576 896 3628 12
913 3579 959 3631 καὶ
982 3573 1109 3631 ἀσώνετοι
1120 3578 1154 3641 >
1173 3573 1199 3626 H
1221 3576 1226 3644 Ι
1247 3579 1339 3648 μωροὶ
1355 3612 1379 3630 .-

205 3657 365 3716 ἀπαίδευτοι
380 3671 425 3716 Ν
444 3660 470 3713 Η
495 3660 499 3730 Ι
527 3664 557 3717 17
584 3659 710 3719 ἐναντίον
733 3662 759 3715 Η
784 3662 788 3732 Ι
814 3663 847 3717 18
870 3661 957 3718 αὐτοῦ
975 3680 982 3713 2
1000 3657 1101 3718 ἑαυτοῦ
1121 3661 1147 3713 Η
1172 3667 1176 3725 Ι
1203 3662 1238 3716 25
1256 3682 1302 3720 σοι
1320 3662 1380 3716 AS:

206 3765 258 3803 σου
275 3746 323 3800 HL
339 3753 343 3811 1
360 3748 393 3800 26
411 3744 475 3819 ύψει
494 3746 520 3798 Η
536 3748 540 3817 Ι
557 3749 591 3802 28
608 3749 762 3822 βάλλοντας
781 3749 807 3803 Η
823 3749 827 3819 Ι
843 3749 928 3816 εὐθὺς
946 3750 972 3802 Η

205 3927 232 3978 p.
251 3910 303 3963 613
330 3910 357 3976 (ὁ
375 3912 466 3982 σοφός
482 3912 561 3980 κτλ).
589 3942 624 3950 -
650 3911 666 3969 ὁ
689 3914 856 3991 σοφὸςξνεί.
876 3931 898 3967 υ.
920 3915 959 3969 13.
997 3916 1028 3968 In
1056 3915 1109 3969 hoc
1135 3915 1197 3968 loco
1226 3914 1380 3969 cotelerius

206 3998 275 4066 κτλ]
295 3997 337 4052 cf.
356 3998 410 4051 lac.
430 4000 453 4062 3,
474 3998 513 4054 13.
539 4029 573 4039 —
597 4000 691 4071 λύγοις
707 4000 777 4069 κτλ]
790 4004 793 4019 “
805 4000 876 4055 vidit
895 4018 981 4054 unum
1000 4018 1033 4054 ex
1052 4001 1123 4063 illis,
1150 4001 1180 4053 in
1200 4001 1304 4068 quibus
1323 4000 1378 4054 cle-

208 4084 249 4138 cf.
269 4085 315 4146 30,
343 4086 366 4139 3.
393 4116 428 4123 -
454 4093 682 4157 ταπεινοφρονῶν
708 4082 926 4195 κτλΙΙιιιεηιευι
944 4106 995 4156 pro
1014 4087 1179 4157 virginitate
1204 4105 1256 4157 per
1280 4089 1379 4158 epistu-

209 4170 251 4224 Cf.
264 4171 305 4234 30,
319 4172 349 4233 λς
368 4171 447 4224 Prov.
461 4171 503 4234 27,
516 4173 541 4228 2.
559 4203 594 4210 —
612 4170 698 4244 λιγνύς
708 4172 847 4242 κτλ.]ι1αε
876 4189 940 4226 suas
967 4172 1092 4228 locutum
1120 4190 1181 4228 esee
1205 4173 1380 4244 Epiphanius

210 4256 250 4310 Cf.
270 4258 330 4326 Ign.
349 4256 441 4325 ΡοΙγα
461 4259 486 4322 5,
504 4259 534 4321 2;
558 4259 631 4313 Τειι.
650 4257 692 4311 De
709 4259 779 4328 virg.
791 4254 795 4327 }
807 4259 840 4312 H.
854 4259 888 4314 30
907 4276 929 4313 ο.
945 4262 977 4314 15
996 4265 1025 4315 et
1044 4261 1232 4330 Hieronymus
1253 4262 1282 4316 0.
1295 4260 1378 4315 Iovin.
