2834 5018
363 675 496 733 PAPIAE
514 677 742 734 FRAGMENTA
760 679 819 745 XII,
836 680 963 737 2-x1v.
1183 688 1245 752 371

71 857 193 921 fectum
216 878 293 933 esse,
317 857 364 921 ita
385 860 422 919 ut
442 855 588 940 profecto
611 879 681 922 oum
697 858 795 923 fratre
818 860 1063 944 praedictionem
1086 861 1246 927 aOhristo

70 963 109 1025 de
131 961 209 1045 ipsis
225 960 344 1025 factam
366 962 538 1046 compleret
554 985 590 1026 ao
606 964 835 1028 confessionem
850 966 1134 1051 assensionemque,
1150 990 1246 1051 quam

73 1067 136 1150 ipsi
159 1068 196 1130 de
219 1067 279 1131 hac
301 1088 336 1131 re
351 1066 552 1132 exhibebant.
600 1067 679 1132 Cum
702 1070 785 1133 enim
800 1070 944 1134 dominus
967 1071 1007 1134 ad
1022 1091 1074 1135 eos
1098 1072 1244 1136 dixisset:

73 1174 220 1235 Potestis
244 1173 357 1235 bibere
378 1176 525 1253 calicem,
549 1193 643 1255 quem
667 1194 726 1253 epo
750 1176 848 1240 bibo?
866 1175 991 1258 ipsique
1012 1181 1160 1259 prompto
1176 1177 1245 1240 aui·

73 1297 126 1338 mo
150 1280 324 1340 annuerent
347 1280 379 1340 ct
402 1278 609 1341 assentirent:
636 1279 780 1343 Calicem
795 1299 913 1359 measa,
935 1279 1047 1364 inquit,
1072 1282 1191 1345 bibetis
1214 1290 1273 1345 et⁶

73 1382 249 1462 baptismo,
272 1400 334 1461 quo
363 1400 421 1460 epo
445 1384 611 1463 baptizor,
643 1384 900 1464 baptizabimini.
945 1385 990 1450 Et
1011 1384 1078 1448 iure
1102 1386 1245 1470 quidem3

70 1507 146 1548 nam
168 1484 237 1548 fieri
259 1507 322 1549 non
336 1489 451 1569 potest,
476 1492 512 1552 ut
535 1489 610 1551 deus
625 1488 806 1552 mentiatur.
853 1490 881 1553 3.
907 1487 959 1554 Sic
981 1490 1077 1554 etiam
1093 1489 1247 1574 Origenes

72 1589 273 1653 doctissimus
295 1589 329 1654 in
352 1590 545 1672 expositione
567 1590 735 1675 Evangelii
757 1593 928 1657 secundum
948 1594 1146 1659 Matthaeum
1169 1615 1245 1658 oon·

68 1695 186 1773 tendit,
228 1695 350 1760 scilieet
379 1695 528 1760 Ioannem
564 1698 752 1781 martyrium
784 1698 931 1776 subiisse,
963 1721 982 1762 a
1012 1698 1245 1763 successoribus

69 1799 288 1883 apostolorum
310 1800 371 1864 hoo
393 1821 427 1864 se
449 1801 595 1865 didicisse
617 1801 809 1887 significans.
856 1799 963 1884 Atque
986 1801 1141 1866 Eusebius
1165 1823 1285 1887 quo-1⁰

71 1925 132 1987 que
156 1904 385 1968 eruditissimus
408 1905 441 1968 in
456 1904 599 1970 Historia
621 1905 834 1970 ecclesiastica
850 1905 941 1969 dicit:
965 1904 1104 1970 Thomas
1120 1906 1246 1989 quidem

71 2008 238 2073 Parthiam
261 2010 393 2074 sortitus
416 2015 481 2085 est,
505 2009 639 2075 loannes
661 2032 735 2074 vero
759 2009 879 2087 Asiam,
904 2009 959 2074 ubi
982 2014 1014 2074 et
1035 2015 1245 2075 commoratus

70 2113 238 2177 defunctus
262 2118 309 2178 est
331 2114 461 2197 Ephesi.

613 2288 698 2353 XIII.

158 2427 309 2493 Florebat
331 2429 442 2494 iisdem
458 2429 655 2514 temporibus
670 2428 703 2492 in
719 2427 797 2493 Asia
813 2427 1009 2511 Polycarpus
1029 2425 1245 2509 apostolorum
1259 2448 1284 2486 ιο

70 2532 261 2616 discipulus,
296 2534 351 2615 qui
375 2557 393 2596 a
415 2533 625 2598 familiaribus
649 2555 685 2598 ac
713 2533 864 2597 ministris
887 2531 1005 2595 domini
1027 2531 1246 2615 episcopatum

69 2637 221 2701 ecclesiae
237 2634 436 2719 Smymensis
452 2642 624 2721 acceperat.
671 2635 767 2701 Cuius
783 2641 887 2701 aetate
902 2635 1034 2701 celebris
1050 2635 1112 2699 fuit
1127 2628 1245 2719 Papias

71 2741 241 2826 parochiae
265 2740 523 2826 Hierapolitanos
547 2747 579 2807 et
601 2743 669 2826 ipse
691 2743 866 2827 episcopus.

610 2915 697 2981 XIV.

157 3055 305 3119 Ioannem
330 3053 531 3138 [theologum
553 3051 600 3136 et]
624 3053 804 3137 apostolum
826 3073 926 3138 usque
950 3053 989 3116 ad
1012 3051 1141 3116 Traiani
1163 3057 1244 3117 tem·
1258 3074 1285 3112 ao

68 3182 148 3245 pora
170 3160 203 3223 in
226 3160 292 3223 vita
320 3159 531 3243 permansisse
553 3157 698 3222 Irenaeus
722 3162 754 3221 et
777 3157 831 3221 alii
863 3157 1021 3234 referunt,
1055 3161 1129 3239 post
1152 3179 1245 3241 quem

67 3265 186 3350 Papias
218 3264 478 3348 Hierapolitanus
506 3268 538 3327 et
567 3262 762 3345 Polycarpus
793 3260 945 3344 Smyrnae
979 3260 1146 3344 episcopus
1179 3261 1245 3324 eius

68 3370 229 3434 auditores
251 3369 392 3452 insignes
415 3366 551 3430 fuerunt.

141 3532 157 3584 3
176 3533 262 3585 Marc.
284 3532 323 3593 10,
343 3531 384 3585 38.
404 3531 438 3584 39
458 3530 492 3582 cs.
512 3529 613 3586 Matth.
633 3529 675 3591 20,
694 3531 736 3584 22.
753 3530 794 3584 23.

63 3698 120 3735 mo
134 3684 234 3734 rtem
262 3678 394 3749 designat
419 3695 470 3732 nec
489 3682 608 3733 mortem
627 3696 644 3731 a
669 3677 721 3731 illa
738 3676 824 3730 verba
843 3676 878 3729 ab
897 3673 1030 3743 imperito
1050 3672 1147 3741 aliquo
1166 3674 1245 3728 scho-

65 3770 107 3823 lu
118 3767 136 3819 d
147 3784 188 3820 ae
199 3767 231 3820 is
251 3766 380 3835 apostolo
401 3764 511 3818 illatam
530 3781 589 3818 esse
602 3765 643 3818 di-
669 3763 752 3817 liaste
766 3762 879 3816 adiecta
891 3777 959 3824 esse,
978 3779 1040 3815 cum
1059 3760 1089 3814 in
1101 3761 1245 3830 plerisque

65 3856 115 3909 cit.
153 3855 253 3920 Itaque
273 3858 371 3908 auctor
384 3869 481 3906 vocem
493 3860 644 3926 μαρτυρεῖν
670 3851 814 3905 codicibus
839 3850 932 3903 desint
950 3852 979 3903 et
997 3847 1134 3902 Eusebius
1159 3850 1245 3918 paulo

63 3943 138 3996 false
156 3940 305 3995 intellexit.
670 3943 736 4008 post
754 3937 812 4007 (111,
833 3937 874 3998 39,
895 3935 934 3991 13.
962 3936 997 3988 of.
1018 3934 1127 4004 Eragm.
1147 3936 1180 3998 ll,
1201 3936 1245 4005 13)

99 4026 173 4080 XIII.
200 4025 359 4096 ἐπίσκοπος]
389 4027 429 4080 sic
452 4026 579 4095 plerique
600 4042 643 4079 co·
670 4025 804 4078 iudicium
818 4024 990 4077 contrarium
1007 4022 1042 4075 de
1053 4021 1144 4090 Papia
1162 4021 1243 4076 ferat.

64 4114 156 4175 dices,
190 4114 281 4167 versio
314 4113 424 4182 syriam
454 4113 483 4166 et
512 4112 643 4174 Rufinus;
705 4111 776 4165 XIV.
805 4110 925 4164 Textum
959 4124 1092 4178 graecum
1122 4110 1246 4164 servavit-

66 4203 204 4268 quattuor
233 4203 346 4253 tantum
377 4200 486 4253 codices
517 4146 814 4266 adduntziSynoellus
834 4197 875 4250 ed
890 4197 977 4248 Bonn.
990 4194 1010 4258 1,
1026 4195 1085 4258 656,
1104 4195 1182 4249 haud
1196 4197 1244 4250 du·

62 4287 134 4360 ἀνὴρ
154 4287 188 4343 τὰ
205 4287 296 4343 πάντα
315 4283 359 4343 ὅτι
376 4286 497 4355 μάλιστα
509 4285 642 4359 λογιώτα-
668 4285 715 4339 bie
734 4287 829 4338 autern
857 4283 943 4336 verba
971 4282 1096 4339 inclusa.
1124 4300 1197 4350 quae
1216 4288 1246 4337 et
1299 4362 1303 4369 .

62 4396 114 4442 τος
131 4379 178 4431 καὶ
198 4389 246 4446 τῆς
272 4385 381 4447 γραφῆς
399 4373 534 4444 εἰδήμων,
561 4371 641 4426 Nice·
669 4370 746 4440 apud
773 4371 975 4437 Hieronymum
1002 4372 1031 4423 et
1057 4369 1087 4422 in
1117 4369 1244 4423 versione

61 4464 170 4534 pharus
190 4462 222 4515 H.
245 4460 275 4514 E.
297 4460 344 4524 ΙΙΙ,
367 4462 395 4514 2;
420 4460 488 4533 ἀνὴρ
505 4462 581 4535 λόγῳ
598 4479 641 4516 κε·
669 4457 829 4511 armeniaca
857 4455 1053 4509 desiderantur
1081 4460 1110 4510 et
1137 4457 1173 4510 ab
1191 4454 1244 4510 Eu·

59 4549 240 4620 κοσμημένος
263 4551 309 4605 καὶ
334 4560 382 4617 τῆς
405 4557 514 4619 γραφῆς
537 4542 576 4614 ὥς
592 4546 641 4616 μά·
669 4543 741 4597 sebii
758 4545 852 4597 aetate
871 4542 965 4596 aliena
983 4547 1057 4607 sunt,
1077 4544 1113 4597 de
1131 4560 1182 4598 suo
1202 4543 1244 4598 in·

61 4643 145 4693 λιστα
158 4630 297 4703 ἔμπειρος.
318 4632 373 4687 Sed
385 4649 441 4685 non
460 4630 641 4697 estensium,
668 4631 752 4701 gemo
772 4627 889 4682 addidit

969 4718 1036 4785 24*
