2834 5018
513 673 583 729 sin.
603 674 637 739 v,
654 675 679 739 e,
692 674 709 728 1
720 704 755 715 -
768 677 792 740 v,
809 676 836 729 4.
1192 683 1255 748 543

78 851 256 916 ambularet
284 855 317 915 11
346 851 508 916 laboraret
537 873 609 916 cum
639 852 754 935 spiritu
784 874 820 916 ac
851 858 1073 937 cooperaretur
1103 856 1136 919 in
1168 858 1255 921 omni

76 957 217 1041 negotio,
237 956 363 1020 fortiter
378 978 415 1020 ac
438 956 569 1020 viriliter
584 960 829 1034 conversaretur,
854 959 1024 1042 assumpsit
1045 981 1115 1024 eam
1137 962 1255 1026 sociem

78 1083 115 1125 ac
132 1065 311 1124 consortem
332 1060 464 1144 spiritus
480 1060 598 1135 sancti,
622 1059 744 1143 placuit
767 1059 924 1126 enimdeo
948 1065 1144 1129 conversatio
1159 1065 1253 1130 huius

78 1167 197 1244 carnis,
231 1168 390 1251 quianon
413 1171 462 1231 est
491 1165 650 1230 maculata
672 1166 705 1229 in
733 1169 819 1231 terra
840 1165 961 1231 habens
992 1168 1139 1251 spiritum
1160 1192 1253 1234 senc·

76 1275 154 1335 turn.
202 1272 231 1336 7.
255 1272 367 1356 ltaque
389 1271 423 1335 in
445 1269 613 1335 consilium
635 1269 780 1336 adhibuit
801 1271 903 1335 filium
926 1276 958 1336 et
980 1273 1111 1357 angelos
1134 1273 1280 1359 glorio-e

76 1399 138 1453 sos,
161 1382 199 1441 ut
222 1382 254 1442 et
281 1378 361 1442 haec
384 1398 474 1451 cam,
505 1397 586 1460 quae
609 1376 736 1460 spiritui
765 1376 831 1440 sine
854 1376 948 1460 culpa
976 1378 1117 1454 servivit,
1149 1376 1255 1442 locum

76 1481 242 1547 babitandi
265 1481 403 1565 aliquem
431 1481 564 1546 haberet
586 1502 688 1566 neque
710 1482 886 1546 mercedem
917 1482 1038 1547 servitii
1060 1483 1109 1547 sui
1130 1483 1253 1546 videre·

76 1591 130 1650 tur
151 1586 342 1670 perdidisse3
370 1586 545 1650 mercedem
568 1586 652 1651 enim
673 1586 805 1670 recipiet
828 1586 928 1650 omnis
952 1608 1038 1663 caro,
1062 1609 1143 1672 quae
1165 1588 1253 1652 inve·

75 1691 164 1754 nitur
186 1691 253 1754 sine
275 1691 399 1755 macula
422 1697 454 1756 et
477 1693 544 1757 sine
566 1692 656 1767 labe,
680 1693 713 1756 in
737 1715 799 1777 qua
821 1693 951 1777 spiritus
974 1698 1101 1759 sanctus
1124 1694 1251 1759 habita·

75 1798 131 1860 vit.
178 1797 207 1860 8.
229 1795 338 1861 Habes
360 1797 454 1861 huius
478 1819 603 1880 quoque
625 1796 842 1861 similitudinis
863 1797 1062 1862 solutionem.
1267 1819 1292 1856 1⁰

168 1897 203 1966 7.
226 1901 375 1966 Laetatus
407 1924 493 1980 sum,
516 1904 662 1986 inquam,
696 1903 837 1982 domine,
872 1904 981 1968 audita
1003 1903 1064 1968 hac
1085 1905 1251 1969 solutione.

76 2005 164 2071 Audi
196 2030 299 2083 nunc,
333 2007 457 2092 inquit:
492 2030 618 2080 caruem
650 2011 739 2072 tuam
772 2007 855 2072 hanc
889 2008 1012 2072 custodi
1045 2009 1195 2073 mundam
1222 2014 1254 2073 et

75 2111 331 2189 immaculatam,
356 2117 392 2176 ut
415 2113 545 2197 spiritus
567 2114 601 2177 in
624 2134 662 2177 ea
683 2112 832 2177 habitans
853 2112 882 2176 ei
905 2112 1122 2176 testimonium
1143 2113 1255 2178 reddat

77 2219 110 2279 et
131 2216 319 2280 iustificetur
341 2237 415 2280 caro
446 2221 511 2282 tua.
558 2219 587 2280 2.
612 2217 705 2294 Vide,
736 2217 924 2301 nequando
953 2217 987 2281 in
1009 2217 1178 2281 cordetuo
1201 2240 1252 2281 as·

77 2321 191 2384 cendat
213 2320 376 2404 cogitatio,
402 2343 527 2385 carnem
542 2324 630 2384 tuam
652 2320 734 2385 hanc
756 2319 994 2403 corruptibilem
1018 2341 1094 2397 esse,
1119 2324 1151 2385 et
1173 2322 1252 2385 abu·
1267 2341 1292 2378 1⁶

76 2425 156 2489 taris
179 2426 271 2490 eain
294 2426 427 2491 libidine
451 2425 566 2510 aliqua.
613 2424 649 2490 Si
671 2425 755 2489 enim
777 2446 902 2489 carnem
924 2428 1014 2488 tuam
1034 2423 1251 2504 maculaveris,

76 2529 253 2594 maculabis
276 2533 309 2594 et
331 2530 478 2613 spiritum
508 2535 669 2603 sanctum
702 2531 751 2595 sin
784 2535 891 2595 autem
919 2530 1124 2594 maculaverie
1157 2531 1252 2614 spiri·

76 2639 156 2711 tum,
180 2656 244 2699 non
267 2635 360 2699 vives.
407 2636 436 2699 3.
463 2634 497 2698 si
512 2656 595 2711 vero,
618 2635 758 2719 inquam,
783 2634 918 2710 domine,
942 2634 1124 2719 ignorantia
1146 2634 1254 2717 aliqua

77 2738 192 2816 fuerit,
228 2739 413 2823 priusquam
436 2739 515 2804 haec
537 2740 634 2803 verba
664 2739 888 2816 audiebantur,
923 2739 1080 2824 quomodo
1114 2738 1254 2803 salvatur

77 2843 182 2921 homo,
208 2844 262 2927 qui
285 2865 412 2908 carnem
434 2866 523 2909 suam
544 2843 738 2908 maculavit?
769 2843 818 2907 De
841 2844 997 2928 peccatis,
1021 2843 1140 2927 inquit,
1165 2843 1252 2926 prio·
1266 2863 1292 2901 1ο

76 2949 167 3012 ribus
199 2969 257 3031 per
288 2949 501 3034 ignorantiam
535 2948 680 3013 admissis
716 2949 791 3012 deus
828 2948 914 3012 solus
946 2952 1053 3032 potest
1080 2947 1254 3012 remedium

79 3049 169 3125 dare;
193 3074 330 3136 namque
353 3053 420 3116 eius
443 3057 491 3116 est
513 3051 615 3116 omnis
637 3054 788 3134 potestas.
835 3052 864 3115 4.
889 3050 952 3116 Sed
973 3073 1056 3115 nunc
1072 3051 1195 3115 custodi
1210 3055 1252 3128 11,

77 3161 110 3220 11
132 3158 277 3221 dominus
298 3159 507 3243 omnipotens,
532 3178 604 3220 cum
626 3156 668 3219 eit
690 3154 783 3219 valde
805 3155 992 3232 misericors,
1015 3155 1174 3239 prioribus
1197 3155 1252 3217 de-

76 3261 162 3325 lictis
183 3262 357 3326 remedium
380 3262 485 3337 dabit,
516 3261 543 3324 si
574 3261 607 3323 in
633 3259 778 3323 futurum
806 3281 870 3323 non
896 3259 1103 3324 maculaveris
1127 3280 1253 3322 carnem

76 3371 165 3430 tuam
188 3389 289 3450 neque
312 3368 477 3450 spiritum3
502 3369 662 3431 consortes
686 3364 770 3427 enim
793 3369 867 3429 sunt
891 3365 984 3428 ambo
1015 3367 1047 3427 11
1076 3362 1156 3426 11111
1185 3364 1252 3426 sine
1265 3387 1291 3425 as

78 3471 178 3535 altero
193 3491 257 3534 non
279 3474 385 3553 potest
408 3470 576 3555 inquinari.
623 3468 801 3553 Utrumque
823 3470 921 3554 igitur
943 3469 1096 3533 mundum
1118 3467 1250 3544 custodi,

77 3579 110 3639 et
130 3575 217 3639 vives
240 3575 308 3639 deo.

147 3763 181 3817 22
200 3763 300 3816 Metth.
320 3763 363 3828 28,
385 3763 425 3818 18.
444 3794 479 3802 -
496 3763 531 3818 23
550 3763 646 3818 Sirech
665 3765 706 3826 42,
728 3766 777 3825 17;
797 3763 822 3817 ll
840 3765 901 3818 Cor.
921 3764 945 3827 6,
966 3763 1005 3819 18.

76 3939 108 4000 6;
127 3939 150 3997 9,
171 3939 201 3999 3;
222 3939 262 4001 14,
282 3937 355 3990 3.-
377 3958 400 3994 τ.
419 3946 547 4006 πνεῦμα.
563 3959 650 4012 pap·
676 3944 743 3994 σθαι
762 3942 796 4009 τῇ
814 3941 901 4011 σαρκί.
921 3937 961 3992 cf,
981 3934 1074 4005 cyn'll.
1095 3935 1170 3988 Hier.
1191 3934 1252 3989 011.

76 4024 252 4098 septuplos.
273 4024 357 4079 Hebr.
379 4026 419 4087 10,
442 4024 481 4078 15.
677 4022 777 4086 XVIII,
796 4025 837 4078 20.
865 4053 898 4063 -
926 4021 957 4079 ἐν
973 4031 1086 4097 μιασμῷ
1104 4021 1139 4090 a]
1165 4020 1207 4074 ef.
1226 4019 1253 4073 H

112 4115 135 4166 2.
164 4112 305 4185 φθαρτὴν]
335 4112 375 4166 cf.
396 4110 512 4165 [clem.
533 4111 650 4172 24-26;
677 4107 1137 4181 Ρ111.1,10.-ἐᾰνγὰρκτ1]
1166 4104 1252 4161 ctu

76 4198 103 4251 11
116 4199 201 4254 clem.
214 4199 331 4260 9,1-5;
351 4198 443 4265 Polyc.
457 4197 529 4250 Phil.
543 4199 567 4260 7,
582 4196 604 4249 1.
618 4226 651 4236 -
678 4195 763 4250 clem.
784 4197 823 4259 14,
843 4195 866 4249 3.
886 4197 910 4248 4.

75 4284 249 4358 παραχρήσῃ]
275 4284 426 4339 Referente
445 4282 589 4338 Clemente
607 4286 651 4337 Al.
713 4285 737 4339 3.
755 4283 888 4357 προτέρα]
904 4283 945 4338 ef.
959 4281 1016 4335 Vis.
1025 4282 1059 4345 Il,
1069 4283 1094 4345 2,
1106 4281 1138 4344 4;
1159 4280 1252 4334 Mand.

77 4371 177 4426 Strom.
195 4371 228 4433 Il,
251 4371 289 4434 10,
310 4371 360 4426 118
378 4389 406 4439 p.
423 4371 474 4425 491
494 4371 541 4437 (11.
562 4369 607 4435 ΠΙ,
626 4372 651 4433 4,
677 4370 724 4433 IV,
744 4370 875 4434 4,4111.

76 4460 110 4513 25
128 4477 156 4528 p.
176 4458 239 4527 523)
266 4459 419 4511 sectatores
448 4457 559 4511 Nicolai
586 4456 652 4511 effa·
712 4459 737 4511 4.
755 4457 772 4514 d
788 4458 881 4529 κύριος
898 4456 915 4514 ὁ
933 4456 974 4526 ra]
995 4457 1036 4511 01.
1055 4455 1138 4509 Mart.
1156 4454 1251 4522 Polya

75 4550 138 4600 tum
156 4544 303 4616 magistri,
332 4542 383 4596 scd
400 4543 436 4596 ab
462 4542 532 4612 ipsis
560 4543 652 4597 detor·
681 4546 720 4609 14,
743 4548 765 4600 l.

76 4637 146 4698 tum,
165 4632 358 4686 adducebant:
386 4631 419 4688 τὸ
436 4635 493 4687 δεῖν
515 4641 653 4705 παραχρῆ-
