2834 5018
167 249 229 312 512
602 237 755 293 uuiuuu
774 237 915 293 Pisuou

165 418 198 481 αί
221 416 383 501 ἐπιθυμίαι
413 416 544 501 πονηραί
567 416 643 494 εἰσι,
675 416 869 479 θανατοῦσαι
903 416 974 488 τούς
1003 413 1144 492 δούλους
1180 426 1244 480 τοῦ
1275 420 1365 484 θεοῦ·

166 526 243 608 αῦτη
278 525 339 607 γὰρ
367 522 389 606 η
418 520 570 605 ἐπιθυμία
598 520 618 604 ἡ
648 520 768 602 πονηρὰ
801 529 856 581 τοῦ
890 517 1038 603 διαβόλου
1075 520 1242 606 θυγάτηρ
1280 521 1365 586 ἐστίν.

166 627 346 710 ἀπέχεσθαι
370 625 423 691 σύν
447 627 493 689 δεῖ
516 626 579 687 ἀπδ
595 633 656 687 τῶν
680 623 853 706 ἐπιθυμιῶν
876 633 937 687 τῶν
953 631 1116 707 πονηρῶν,
1140 625 1203 688 ἵνα
1228 627 1364 710 ἀποσχί-

166 753 251 816 μενοι
274 731 390 817 ζήσητε
412 739 456 814 τῷ
480 732 558 812 θεῷ.
606 730 635 793 3.
660 730 728 791 ὅσοι
743 728 777 790 δέ
800 729 838 790 ἂν
854 730 1157 809 κατακυριευθῶσιν
1183 729 1247 794 ὑπ’
1268 734 1365 796 αὐτῶν

140 838 219 900 ικαὶ
242 840 284 920 μὴ
308 837 539 901 ἀντισταθῶσιν
562 835 680 911 αὐταῖς,
703 834 937 899 ἀποθανοῦνται
961 834 1004 908 είς
1019 832 1134 910 τέλος·
1161 837 1364 913 θανατύδεις

166 942 226 1025 γάρ
249 942 326 1004 εἰσιν
358 941 390 1003 αἱ
414 938 576 1021 ἐπιθυμίαι
607 936 708 1002 αύται.
754 942 783 1003 4.
809 940 847 1000 σύ
870 937 905 1000 δέ
934 936 1060 1001 ἐνδυσαι
1094 940 1156 1021 τὴν
1192 939 1364 1025 ἐπιθυμίαν

167 1058 221 1130 της
245 1044 452 1128 δικαιοσύνης,
476 1046 529 1106 καί
552 1042 830 1126 καθοπλισάμενος
853 1045 906 1106 τδν
930 1041 1028 1127 φύβον
1051 1051 1112 1105 τοῦ
1137 1045 1263 1127 κυρίου
1287 1047 1362 1110 ἀντ’·

168 1153 263 1235 στηθι
287 1152 413 1224 αύταίς·
439 1149 538 1232 ὁγὰρ
562 1147 657 1232 φόβος
679 1157 734 1211 τοῦ
757 1149 836 1213 θεοῦ
860 1155 1000 1208 κατοικεῖ
1023 1145 1056 1209 έν
1080 1157 1124 1230 τῇ
1149 1147 1363 1236 ἐπιθυμίαι-η

168 1256 287 1339 ἀγαθῇ.
333 1251 521 1335 ἡέπιθυμία
543 1252 699 1336 ἡπονηρὰ
714 1251 769 1314 ἐὰν
784 1252 834 1335 ἴδη
857 1272 892 1314 σε
907 1249 1189 1333 καθωπλισμένον
1215 1263 1266 1339 τῷ
1283 1256 1363 1341 αύβη

129 1385 154 1421 ιο
167 1369 222 1421 τοῦ
246 1360 324 1423 θεοῦ
347 1359 401 1420 καί
429 1357 649 1441 ἀνθεστηκότα
665 1358 760 1440 αὐτῇ,
793 1354 935 1437 φεύξεται
967 1355 1031 1417 ἀπὸ
1058 1365 1122 1419 σοῦ
1157 1362 1297 1442 μακρὰν
1317 1362 1362 1423 καί

168 1461 272 1526 ούκέτι
295 1482 343 1524 σοι
367 1460 543 1544 ὀφθήσεται
567 1460 743 1546 φοβουμένη
765 1462 804 1522 τὰ
828 1459 910 1522 ὃπλα
933 1479 999 1523 σου.
1048 1463 1077 1524 5.
1106 1465 1150 1525 σὺ
1182 1462 1247 1528 ούν
1272 1465 1363 1552 [νῖκος

168 1565 274 1651 λαβὼν
297 1565 367 1651 καί]
392 1568 606 1647 στεφανωθεὶς
629 1564 700 1627 κατ’
716 1566 809 1647 αὐτῆς
833 1563 911 1629 ἐλθέ
932 1564 1008 1645 πρὸς
1024 1565 1081 1645 τὴν
1108 1563 1300 1652 ἐπιθυμίαν
1318 1579 1364 1652 τῆς

168 1670 383 1754 δικαιοσύνης,
417 1672 471 1732 καί
493 1669 651 1751 παραδοὺς
682 1671 760 1752 αὐτῇ
783 1670 818 1731 τὸ
842 1677 944 1746 νῖκος,
976 1667 1156 1754 δέλαβες,
1193 1673 1363 1738 δούλευοιν

169 1779 258 1860 αὐτῇ,
274 1778 387 1850 καθὼς
411 1777 488 1857 αύιὴ
505 1774 657 1859 βούλεται.
704 1773 760 1836 ἐὰν
775 1772 943 1856 δουλεύοης
959 1781 998 1856 τῇ
1014 1771 1182 1859 ἐπιθυμίᾳ
1198 1788 1245 1862 τῇ
1261 1780 1364 1862 ἀγαθῇ

130 1908 155 1944 ιι
168 1883 222 1943 καί
253 1881 412 1963 ύποταγης
444 1880 539 1961 αὐτῇ,
568 1877 685 1961 δυνήσῃ
713 1888 767 1962 της
797 1877 964 1960 ἐπιθυμίας
993 1886 1049 1961 τῆς
1082 1891 1240 1965 πονηρᾶς
1274 1904 1364 1946 κατα-

169 1995 328 2067 κυριεῦσαι
351 1985 404 2046 καί
427 1981 577 2058 ὑποτάξαι
602 1981 708 2064 αὐτὴν,
731 1982 844 2055 καθὼς
867 1979 981 2066 βούλει.

257 2089 294 2157 3.
318 2086 471 2165 Ἥθελον,
496 2083 583 2169 φημί,
607 2085 703 2166 κύριε,
727 2093 854 2167 γνῶναι,
877 2083 975 2158 ποίοις
999 2084 1133 2165 τρόποις
1160 2109 1204 2171 με
1230 2090 1282 2154 δεῖ
1304 2091 1365 2154 δοῦ

168 2194 277 2258 λεῦσαι
300 2204 338 2276 τῇ
362 2190 513 2274 ἐπιθυμίᾳ
536 2199 573 2273 τη
596 2190 714 2273 ἀγαθη.
761 2188 889 2268 Ἄκουε,
913 2187 1022 2271 φησίν·
1054 2190 1213 2274 ἔργασαι
1243 2194 1365 2258 όικαιο·

171 2303 280 2381 σύνην
295 2299 349 2359 καί
367 2294 523 2382 [ἀρε]τί]ν,
548 2293 701 2377 ἀλήθειαν
725 2295 779 2355 καί
803 2293 899 2378 φόβον
914 2292 1032 2374 κυρίου,
1057 2292 1172 2359 πίστιν
1197 2300 1261 2362 καί
1277 2297 1366 2381 πραί·

130 2424 248 2486 ιοτητα
276 2404 330 2464 καί
359 2405 420 2466 ὅσα
450 2401 568 2474 τούτοις
602 2399 694 2481 ὅμοιά
724 2397 806 2461 ἐστιν
838 2398 957 2483 ἀγαθά.
1011 2406 1115 2461 ταῦτα
1151 2400 1365 2488 ἐργαζόμενος

170 2508 334 2589 εὐάρεστος
357 2507 414 2589 ἐση
443 2503 553 2578 δοῦλος
575 2512 629 2565 τοῦ
658 2505 736 2567 θεοῦ
759 2505 812 2565 καί
836 2502 916 2586 ζὴση
944 2503 1047 2584 αύτῷ·
1084 2505 1144 2567 καί
1170 2517 1252 2587 πᾶς,
1277 2509 1366 2585 δςᾶν

169 2610 322 2694 δουλεύση
345 2620 383 2693 τη
406 2607 557 2690 ἐπιθυμίᾳ
579 2616 617 2689 τῇ
640 2606 759 2690 ἀγαθῇ,
784 2605 910 2689 ζήσεται
933 2613 977 2687 τῷ
1007 2607 1088 2688 θεῷ.
1140 2613 1174 2675 2,
1203 2612 1366 2677 cumae.

170 2738 223 2780 σεν
247 2718 300 2779 οὖν
324 2717 378 2790 τὰς
402 2711 529 2786 ἐντολὰς
552 2712 607 2785 τὰς
629 2708 753 2773 δώδεκα
776 2711 829 2773 καὶ
852 2709 935 2793 λέγει
959 2729 1030 2793 μοι·
1078 2710 1199 2796 Ἔχεις
1232 2719 1295 2794 τὰς
1324 2717 1366 2780 έν-

169 2821 264 2896 τολὰς
287 2818 419 2893 ταύτας·
449 2813 582 2895 πορεύου
606 2812 638 2875 ἐν
663 2815 769 2887 αύταῖς
792 2815 846 2875 καί
870 2816 940 2887 τοὺς
963 2812 1145 2892 ἀκούοντας
1172 2821 1366 2903 παρακάλει,

130 2951 155 2986 ιι
169 2923 263 3007 ἵναή
295 2923 443 3006 μετάνοια
467 2922 569 2981 αὐτῶν
598 2920 730 2999 καθαρά
760 2916 886 3001 γένηται
918 2919 973 2992 τὰς
1004 2917 1118 2995 λοιπὰς
1153 2921 1286 3007 ἡμέρας
1317 2936 1366 3009 της

168 3030 250 3112 ζωῆς
273 3029 386 3089 αὐτῶν.
422 3030 451 3091 3.
476 3026 531 3106 τὴν
554 3022 714 3086 διακονίαν
729 3022 854 3107 ταύτην,
879 3025 917 3106 ἣν
934 3045 982 3086 σοι
999 3022 1123 3107 δίδωμι,
1152 3027 1289 3095 ἐκπέλει
1305 3031 1365 3094 ἐπι·

168 3131 287 3215 μελῶς,
319 3131 372 3192 καί
404 3128 485 3191 πολὺ
516 3126 651 3209 ἐργάσῃ·
697 3125 834 3208 εὑρήσεις
856 3129 917 3211 γάρ
939 3128 1031 3209 χάριν
1055 3127 1089 3191 ἐν
1113 3141 1187 3208 τοῖς
1212 3135 1365 3217 μέλλουσ.

169 3243 339 3317 μετανοεῖν,
362 3235 415 3295 καί
439 3229 664 3313 πεισθήσονταί
688 3251 744 3292 σου
767 3240 830 3306 τοῖς
853 3231 1004 3315 ῥήμασιν·
1030 3232 1095 3316 ἐγὼ
1119 3238 1189 3319 γὰρ
1206 3243 1294 3322 μετὰ
1311 3248 1364 3303 σοῦ

169 3340 278 3422 ἐσομαι
301 3340 353 3400 καί
378 3337 550 3419 ἀναγκάσω
574 3336 685 3410 αύτούς
708 3336 878 3418 πεισθηναί
901 3357 958 3398 σοι.

132 3466 156 3503 σο
258 3447 287 3508 4.
312 3442 404 3525 Λέγω
427 3443 528 3522 αὐτῷ·
559 3438 670 3521 Κύριε,
703 3438 735 3500 αί
757 3438 880 3503 ἑντολαί
903 3439 994 3503 αύται
1017 3442 1159 3524 μεγάλαι
1185 3450 1245 3510 καί
1270 3448 1364 3512 καλαὶ

171 3547 224 3608 καί
248 3545 366 3622 ἔνδοξοί
389 3545 446 3607 είσι
469 3544 522 3605 καί
545 3543 711 3624 δυνάμεναι
734 3546 901 3629 εὐφρᾶναι
917 3544 1062 3630 καρὸίαν
1077 3547 1289 3635 ἀνθρώπου
1313 3562 1364 3616 τοῦ

170 3648 341 3731 δυναμένου
364 3658 493 3731 τηρῆσαι
517 3646 622 3720 αὐτάς.
669 3647 728 3707 οὐκ
758 3643 826 3707 οίδα
853 3645 897 3723 δέ,
922 3647 948 3709 εί
980 3646 1131 3713 δύνανται
1170 3655 1207 3718 α1
1238 3656 1363 3722 ἐντολαὶ

240 3770 256 3821 6
275 3769 305 3824 δὲ
323 3769 469 3837 GAzergo
488 3767 510 3819 L
535 3768 539 3836 ί
566 3768 642 3832 11ί12
661 3775 736 3833 νῖκος
754 3772 777 3822 λ.
795 3771 841 3822 καὶ
859 3767 998 3836 L(A):>
1017 3769 1042 3824 G
1062 3772 1067 3836 Ι
1093 3773 1127 3827 14
1145 3774 1226 3848 αὐτῇ
1244 3777 1363 3849 GA:†

171 3855 314 3922 operando
336 3854 376 3915 L¹,
397 3855 506 3906 actibus
525 3854 558 3907 L'
583 3856 587 3923 1
615 3855 692 3919 17118
711 3873 737 3924 p.
757 3854 808 3907 516
828 3854 931 3924 βθελον
957 3885 991 3895 -
1019 3855 1100 3916 οἴνου
1117 3867 1214 3920 καλοῦ
1232 3866 1318 3920 deest
1335 3866 1362 3918 in

172 3939 276 4010 L‘119
294 3941 578 4015 ἀρετὴντ...τίγν(ἐ
603 3945 606 4010 Ι
632 3943 665 3996 23
684 3941 857 4014 δώδεκατιβ
877 3941 901 3994 G
924 3942 928 4011 Ι
950 3943 984 3995 24
1001 3946 1157 4015 παρεκάλει
1178 3949 1361 4022 (Mhi-w

171 4027 302 4096 ρεύεσθαι
321 4026 350 4083 ἐν
367 4027 462 4094 αίααῖς
480 4029 557 4089 Ath',
575 4030 607 4080 ut
624 4029 830 4096 paenitentiam
857 4032 945 4096 agant
963 4028 995 4081 L¹
1022 4035 1027 4095 Ι
1051 4032 1086 4085 ’29
1104 4053 1152 4090 σοι
1166 4055 1173 4088 :
1188 4038 1314 4112 .μᾶρῄ
1331 4039 1360 4099 G,

173 4110 253 4163 finita
263 4119 328 4166 sunt
337 4115 473 4167 mundata
484 4116 638 4169 duodecim.
657 4114 772 4168 Initium
786 4114 1009 4169 similitudinum.
1029 4117 1202 4178 Similitudo
1216 4127 1360 4195 primuAi

173 4198 206 4250 32
217 4211 327 4269 τηρῆσαι
338 4199 422 4267 αύῐάς
433 4202 501 4254 Ath²
514 4201 571 4254 L¹A
582 4203 618 4254 cf.
630 4219 652 4255 c.
663 4203 686 4265 6,
697 4203 727 4263 3;
746 4202 812 4256 Sim.
824 4202 856 4264 V,
867 4201 891 4264 3,
902 4203 931 4266 3;
950 4204 997 4266 VI,
1010 4208 1032 4267 l,
1042 4208 1073 4259 4:
1093 4221 1215 4279 ποιῆσαι
1225 4210 1361 4280 ταύταςίί
