2834 5018
518 663 630 718 Mauo.
650 664 695 728 Ν,
714 664 739 729 2,
759 666 835 729 2-3,
853 667 878 720 4.
1218 674 1282 737 479

107 846 147 908 do
170 844 380 927 prudentiam.
427 840 494 906 Aut
515 864 586 919 non,
610 843 723 927 inquit,
748 845 806 909 hoc
828 845 946 930 ipsum,
972 847 1055 931 quod
1079 847 1149 932 quis
1172 848 1282 931 paeni·

105 949 240 1012 tentiam
263 948 344 1031 agit,
378 947 437 1011 tibi
459 947 583 1010 videtur
605 948 772 1030 prudentia
794 954 887 1014 esse?
918 951 1151 1016 Paenitentiam
1180 972 1283 1036 agere,

106 1053 220 1136 inquit,
244 1052 412 1135 prudentia
435 1056 483 1116 est
505 1073 630 1135 magna.
677 1052 840 1139 intellegit
863 1055 962 1129 enim,
995 1055 1050 1139 qui
1072 1056 1223 1139 peccavit,
1247 1076 1285 1121 re

108 1161 233 1221 naalma
252 1159 380 1236 sectere
401 1176 513 1220 coram
537 1158 679 1236 doctrino,
702 1162 734 1222 et
756 1159 938 1224 recordatur
961 1164 1059 1229 actus,
1083 1160 1282 1243 quemfecit,

106 1267 139 1326 et
161 1264 388 1346 paenitentiam
420 1263 544 1348 agitet
567 1263 630 1327 iam
653 1284 715 1327 non
744 1268 895 1347 operatur
920 1264 1055 1340 malum,
1088 1265 1142 1329 sed
1164 1266 1311 1330 bonnms

107 1371 258 1451 operatur
281 1369 366 1431 omni
389 1367 481 1431 modo
505 1371 536 1431 et
558 1366 707 1431 humiliat
731 1369 868 1433 animam
883 1391 973 1433 suam
996 1373 1029 1433 et
1050 1373 1187 1453 torquet,
1212 1370 1286 1453 quin

106 1474 259 1557 peccavit.
306 1473 403 1537 Vides
425 1473 540 1556 igitur,
567 1474 650 1557 quod
671 1473 868 1556 paenitentia
889 1474 1059 1556 prudentia
1088 1477 1136 1537 est
1157 1495 1283 1558 magna

108 1580 139 1642 3.
164 1577 338 1660 Propterea
370 1577 486 1659 igitur,
518 1577 663 1660 inquam,
700 1578 840 1653 domine,
873 1577 1041 1662 diligenter
1063 1601 1082 1642 a
1103 1582 1136 1642 te
1169 1600 1286 1662 quaero

109 1683 233 1759 omnia3
257 1683 402 1765 primum,
428 1681 501 1765 quia
515 1687 662 1764 peccator
684 1704 762 1758 snm,
786 1685 823 1746 ut
838 1703 1036 1766 cognoscam,
1062 1683 1169 1767 qualia
1191 1705 1287 1767 opera

109 1809 244 1871 operans
266 1787 371 1849 vivere
393 1786 530 1870 possim,
563 1786 638 1870 quia
661 1788 763 1851 multa
785 1791 859 1851 sunt
880 1792 1012 1871 peccata
1034 1809 1106 1852 mea
1128 1811 1165 1853 ac
1187 1789 1284 1853 varia.
1301 1805 1324 1840 1¹¹

111 1895 140 1956 4.
166 1892 272 1967 Vives
297 1892 409 1976 inquit,
434 1891 461 1954 si
483 1892 634 1955 mandata
656 1914 727 1956 mea
750 1892 935 1956 custodieris
956 1893 990 1956 in
1011 1893 1113 1978 iisque
1142 1893 1286 1958 ambula·

110 1998 210 2072 veris3
244 2001 275 2061 et
298 1997 485 2082 quicumque
517 1996 651 2080 audierit
673 1997 752 2061 haec
781 1996 929 2061 mandata
952 2002 983 2062 et
1006 1997 1207 2074 custodierit,
1238 1998 1286 2061 vi-

111 2107 163 2166 vet
187 2104 254 2166 deo.

200 2201 236 2271 3.
261 2205 384 2279 Adhuc,
408 2206 547 2288 inquam,
572 2206 705 2279 domine,
730 2226 861 2289 pergam
884 2206 1089 2290 interrogare.
1136 2204 1285 2289 Loquere,

111 2311 223 2395 inquit.
271 2311 396 2386 Audivi,
421 2311 560 2394 inquam,
578 2310 711 2386 domine,
737 2311 960 2395 aquibusdam
976 2309 1166 2385 doctoribus
1192 2308 1287 2372 aliam
1301 2326 1326 2361 ¹⁵

111 2415 339 2498 praenitentiam
360 2437 423 2479 non
453 2437 522 2479 esse
544 2416 605 2479 nisi
627 2414 733 2492 illam,
766 2437 838 2479 cum
860 2415 892 2479 in
924 2436 1040 2499 aquam
1071 2411 1287 2477 descendimus

113 2524 144 2584 et
166 2519 343 2602 accepimus
358 2519 574 2583 remissionem
588 2523 791 2603 peccatorum
806 2522 986 2583 nostrorum
1001 2518 1151 2602 priorum.
1181 2518 1211 2580 2.
1228 2516 1287 2580 Di-

113 2624 156 2687 cit
178 2623 276 2687 mihi:
311 2622 410 2687 Recte
433 2624 565 2698 audisti;
599 2624 644 2689 sic
666 2624 748 2688 enim
772 2644 821 2687 res
845 2644 878 2687 se
899 2623 1005 2688 habet.
1052 2623 1171 2687 Debuit
1194 2622 1287 2697 enim,

114 2728 168 2812 qui
191 2727 313 2810 accepit
334 2727 549 2792 remissionem
572 2733 791 2811 peccatorum,
822 2749 886 2791 non
910 2726 1046 2810 amplius
1070 2748 1209 2811 peccare,
1235 2728 1289 2791 sed

114 2832 146 2895 in
170 2833 316 2896 castitate
331 2854 524 2917 permanere.
571 2833 600 2896 3.
625 2831 781 2909 Quoniam
806 2836 911 2896 autem
926 2833 1032 2896 omnia
1055 2832 1224 2917 diligenter
1239 2833 1288 2897 in·
1303 2846 1329 2883 ²⁰

115 2937 231 3020 quiris,
267 2936 327 3001 hoc
359 2958 484 3021 quoque
507 2937 566 3001 tibi
588 2937 767 3014 ostendam,
800 2958 864 3000 non
887 2936 966 3000 dans
997 2938 1193 3001 occasionem
1216 2936 1289 3010 illis,

114 3040 170 3125 qni
193 3040 342 3104 credituri
364 3044 438 3105 sunt
460 3046 516 3105 aut
540 3041 593 3125 qui
615 3041 708 3105 modo
738 3040 935 3105 crediderunt
956 3041 989 3104 in
1012 3041 1182 3106 dominum.
1230 3040 1291 3117 Qui

116 3145 200 3208 enim
223 3167 306 3209 nunc
336 3146 533 3209 crediderunt
557 3150 612 3209 aut
641 3145 790 3209 credituri
812 3150 904 3220 sunt,
928 3145 1155 3227 paonitentiam
1176 3166 1289 3228 pecca-

114 3253 218 3312 torum
241 3271 305 3312 non
334 3249 468 3327 habent,
500 3250 715 3314 remissionem
738 3255 843 3313 autem
866 3249 985 3314 habent
1014 3250 1155 3333 priorum
1176 3271 1289 3332 pecca·

114 3357 218 3416 torum
250 3373 387 3416 suorum.
434 3354 463 3416 4.
487 3351 555 3416 Illis
586 3374 679 3436 erg0‚
714 3353 767 3438 qui
795 3359 868 3418 ante
900 3353 959 3417 hos
982 3353 1048 3417 dies
1080 3352 1183 3417 vocati
1207 3357 1289 3428 sunt,
1304 3366 1329 3403 ²⁶

115 3457 260 3520 dominus
282 3458 391 3540 posuit
405 3456 640 3540 poenitentiam.
687 3455 766 3521 Cum
789 3457 870 3521 enim
887 3457 981 3521 corda
1002 3457 1126 3521 noverit
1148 3457 1290 3520 dominus

116 3565 148 3625 et
171 3561 277 3625 omnia
299 3561 505 3644 praeviderit,
536 3561 624 3625 novit
653 3561 870 3626 infirmitatem
898 3561 1064 3626 hominum
1087 3565 1119 3624 et
1141 3560 1291 3624 astutiam

184 3713 305 3768 dludic.
325 3716 348 3776 2,
370 3718 416 3775 11;
435 3716 459 3775 3,
481 3714 527 3776 12;
544 3715 569 3776 4,
591 3716 618 3775 1;
640 3714 679 3775 10,
699 3713 732 3775 6;
753 3713 792 3773 13,
815 3714 841 3773 1;
864 3710 964 3782 lReg.
986 3712 1024 3775 15,
1046 3712 1090 3773 19;
1111 3709 1290 3779 111Reg.14,

115 3803 150 3856 22
169 3806 221 3855 etc.

115 3941 173 3977 non
192 3941 254 3977 esse
279 3940 370 3991 neque
395 3941 456 3978 esse
483 3923 831 3978 concedendamttentiae.

115 4011 159 4072 iis,
179 4011 227 4077 qui
254 4028 327 4064 nunc
356 4011 400 4065 vel
428 4010 529 4065 deinde
557 3992 704 4065 credituri¹
750 4011 775 4063 4.
797 4009 882 4064 Glem.
909 4008 951 4060 Al.
978 4008 1077 4062 Strom.
1098 4006 1131 4069 11,
1153 4010 1192 4069 13,
1212 4010 1246 4063 56
1264 4025 1291 4077 p.

115 4098 174 4150 sint
192 4100 238 4164 (cf.
259 4116 283 4151 v.
302 4097 338 4167 3).
375 4099 452 4152 Infra
472 4117 497 4151 v.
509 4098 578 4152 4-6
597 4094 775 4211 antem'459.
794 4128 828 4136 -
847 4097 903 4170 πρὸ
922 4096 1029 4152 τούτων
1047 4116 1070 4151 τ.
1091 4097 1134 4164 riu.
1152 4095 1223 4165 κτλ]
1250 4096 1292 4150 cf.

115 4184 205 4249 addit,
225 4185 267 4248 iis,
290 4187 424 4252 quiante
445 4186 496 4239 hos
520 4185 578 4238 dies
597 4183 690 4238 vocati
718 4185 776 4239 Vis.
796 4184 829 4243 II,
848 4185 873 4243 2,
892 4186 917 4236 4.
942 4212 976 4220 -
999 4179 1231 4255 xuodtoyrque]
1251 4183 1292 4237 Cf.

116 4272 181 4331 sint,
201 4272 291 4327 Deum
316 4273 523 4327 misericordem
545 4272 690 4343 paeniten-
703 4260 706 4347 l
719 4274 779 4326 Act.
801 4272 823 4331 1,
842 4272 890 4327 25:
912 4270 951 4331 15,
971 4269 1002 4329 8;
1021 4270 1082 4322 Act.
1095 4266 1190 4320 Thecl.
1209 4286 1230 4321 c.
1244 4270 1292 4329 243

114 4359 187 4413 tiam
206 4358 316 4412 dedisse
335 4361 364 4411 et
381 4359 495 4426 quidem
514 4376 605 4413 nnana
703 4362 780 4415 ,Act
800 4355 908 4410 Thadd.
929 4374 950 4409 c.
970 4355 1000 4415 3;
1021 4354 1115 4408 const.
1135 4370 1178 4423 ap.
1199 4354 1293 4417 11,24;

151 4448 174 4500 3.
194 4444 334 4517 ἀφορμήν]
362 4461 398 4498 sc.
418 4445 529 4514 saepius
554 4443 692 4514 peccandi
719 4440 1292 4505 111,7;1V,6;V111‚serenante.

116 4532 152 4586 cf.
173 4549 194 4584 c.
217 4534 238 4592 1,
260 4534 299 4587 11.
318 4562 353 4570 -
371 4528 481 4604 ἄφεσιν]
501 4549 536 4586 sc.
555 4548 606 4602 per
623 4522 747 4601 bap-‘et
771 4531 870 4586 Stronr.
890 4527 928 4587 V,
950 4531 994 4590 14,
1015 4529 1048 4583 91
1076 4546 1102 4597 p.
1123 4528 1188 4591 704;
1216 4528 1293 4600 Orig.

114 4619 233 4673 tisinum
270 4624 298 4674 et
334 4618 394 4673 sine
431 4618 561 4689 operibus
596 4619 704 4689 paeni-⁴
718 4619 759 4674 De
779 4620 848 4671 orat.
867 4633 890 4670 c.
910 4616 952 4670 29.
