2834 5018
520 619 840 675 auamrrmroa.
1169 623 1265 690 affl

96 798 132 863 ob
152 820 287 883 eamque
322 819 449 863 causam
473 797 510 860 de
541 817 605 862 sea
633 798 756 884 angelis
787 798 1002 882 superioribus
1026 797 1078 878 (cf.
1102 799 1170 864 Vis.
1190 799 1215 877 I,
1232 801 1262 877 4,

97 905 120 966 1.
136 905 173 977 3;
195 902 255 979 Ill,
276 903 305 981 1,
324 903 359 978 63
383 904 412 979 2,
431 903 470 976 5;
494 902 575 983 4,1)
604 903 700 967 verba
722 902 849 981 fecisse,
882 903 956 986 quia
986 903 1088 967 filium
1109 902 1169 968 Dei
1193 904 1264 986 (ἄγ-

94 1007 180 1089 γελον
204 1006 411 1089 σεμνότατον)
436 1006 605 1090 septimum
627 1006 702 1071 licet
726 1007 818 1071 valde
840 1009 1100 1091 praestantiorem
1114 1010 1264 1095 angelum

93 1114 263 1178 habuisset.
309 1111 398 1176 Idem
421 1133 482 1195 ego
512 1111 648 1176 iudicari
671 1110 765 1194 (cdl
787 1111 863 1177 Sim.
879 1112 918 1190 V,
936 1114 955 1175 5
970 1111 1071 1195 not),
1100 1118 1264 1195 praeterea

91 1218 354 1293 LDuchesne1,
384 1217 422 1281 E.
446 1212 660 1280 Hdckst'adt'.
708 1215 747 1280 A.
770 1216 874 1280 Link³
895 1220 926 1281 et
949 1215 986 1281 Ο.
1009 1217 1263 1282 Bardenhewer⁴

92 1327 294 1393 censuerunt,
326 1322 477 1386 Hermam
506 1320 608 1384 filium
636 1319 698 1384 Dei
729 1321 861 1384 eundem
891 1320 1017 1404 quidem
1049 1343 1121 1385 cum
1149 1323 1264 1406 spiritu

91 1432 207 1503 sancto,
231 1447 334 1510 neque
356 1447 430 1490 vero
454 1447 525 1489 cum
548 1424 704 1489 Michaelc
727 1424 918 1509 archangelo
940 1425 1098 1490 habuisse.
1143 1426 1265 1492 Iudicia

92 1536 195 1595 autem
219 1535 288 1595 tam
310 1530 469 1595 contraria
490 1529 606 1593 exoriri
628 1533 816 1612 potuerunt,
849 1551 937 1608 cum,
970 1530 1046 1614 quid
1068 1530 1203 1595 Hermas
1225 1531 1264 1596 de

90 1641 202 1700 natura
224 1633 344 1699 Christi
366 1634 507 1711 senserit,
530 1634 564 1697 in
586 1633 668 1697 libro
690 1655 847 1716 nusquam
870 1639 1054 1718 exponatur,
1078 1636 1134 1699 sed
1155 1635 1261 1718 potius

91 1761 107 1803 e
128 1739 390 1805 similitudinibus
415 1739 454 1802 ad
477 1738 642 1802 ecclesiam
664 1738 879 1821 spectantibus
903 1739 1117 1825 colligendum
1139 1741 1190 1804 sit.

166 1842 313 1908 Primum
324 1842 461 1907 Hermas
473 1841 548 1907 Sim.
563 1841 643 1905 Vde
658 1842 723 1906 filio
735 1842 796 1906 Dei
812 1847 844 1906 ct
858 1844 972 1926 spiritu
987 1849 1096 1909 sancto
1111 1844 1262 1928 loquitur,

90 1948 231 2012 nondum
253 1951 360 2012 autom
381 1947 476 2030 plane
491 1946 646 2010 distincte.
693 1945 790 2010 Servo
806 1947 898 2022 enim,
924 1968 1017 2030 quem
1031 1946 1262 2030 paterfamilias

91 2051 121 2115 in
143 2050 270 2116 vineam
292 2075 383 2117 suam
405 2052 505 2128 misit,
537 2051 558 2114 i.
582 2072 608 2115 e.
632 2050 699 2114 filio
722 2050 783 2114 Dei
806 2072 862 2115 seu
884 2049 1009 2115 Christo
1039 2051 1073 2115 in
1095 2055 1180 2115 terra
1202 2074 1262 2134 ap-

90 2157 215 2240 parenti
237 2157 372 2240 opponit
393 2156 495 2220 filium
516 2155 756 2241 patrisfamilias
778 2156 797 2220 i.
823 2179 848 2220 e.
873 2156 1018 2240 spiritum
1041 2160 1185 2221 sanctum
1208 2154 1261 2238 (cf.

90 2283 116 2324 v.
133 2260 178 2342 2),
203 2282 241 2325 ac
262 2265 428 2343 praeterea
449 2261 549 2337 docet,
572 2264 737 2343 praesente
760 2260 819 2325 hoc
841 2261 955 2345 spiritu
984 2265 1092 2326 sancto
1116 2264 1147 2324 et
1168 2283 1261 2343 prae·

91 2365 232 2429 sentibus
256 2364 378 2448 angelis
400 2386 526 2428 servum
554 2364 646 2428 illum
669 2387 688 2429 a
709 2363 845 2430 Domino
868 2365 1002 2429 exaltari
1024 2368 1056 2429 et
1079 2363 1263 2429 coheredem

91 2469 258 2547 declarari,
290 2470 475 2534 coheredem
501 2469 626 2553 spiritui
656 2474 766 2534 sancto
790 2468 842 2550 (cf.
867 2490 892 2533 c.
909 2470 938 2548 2,
957 2471 1081 2545 6-11;
1105 2471 1134 2548 6,
1152 2466 1261 2549 5-7),

90 2573 109 2636 i.
132 2595 159 2638 e.
184 2572 345 2637 Christum
366 2574 401 2637 in
422 2573 526 2638 caelos
549 2573 666 2638 assumi
688 2578 720 2637 et
741 2573 912 2638 humanam
934 2596 1060 2656 quoque
1081 2574 1180 2657 ipsius
1203 2595 1261 2637 na·

89 2683 193 2742 turam
216 2676 366 2759 (servum)
390 2678 488 2742 divini
501 2677 636 2745 honoris.
650 2677 719 2742 fieri
733 2678 929 2762 participem.
977 2677 1048 2743 Uno
1071 2677 1140 2742 loco
1157 2681 1263 2742 autem

90 2783 154 2847 iam
175 2781 229 2846 hic
251 2783 371 2865 prodit,
403 2782 506 2846 filium
528 2783 589 2847 Dei
610 2784 890 2866 praeexsistcntem
912 2806 931 2847 a
953 2784 1067 2867 spiritu
1096 2787 1205 2847 sancto
1228 2804 1262 2846 se

89 2908 152 2951 non
166 2887 356 2951 distinxisse.
386 2885 555 2964 Quaeritur
569 2888 661 2966 enim,
687 2911 727 2952 an
740 2888 842 2952 filium
864 2886 1105 2972 patrisfamilias
1120 2890 1263 2951 vocasset

90 2991 235 3073 spiritum
257 2995 403 3056 sanctum
427 2990 481 3071 (cf.
498 3014 526 3055 v.
552 2990 596 3074 2),
620 2992 647 3056 si
670 2992 753 3057 hunc
773 3015 836 3058 non
860 2994 992 3057 eundem
1014 3012 1081 3055 esso
1102 3014 1173 3056 cum
1195 2992 1261 3056 filio

92 3094 151 3158 Dei
166 3096 415 3178 praeexsistente
430 3096 589 3174 sensisset,
613 3101 645 3161 et
667 3098 797 3176 accedit,
822 3098 907 3181 quod
930 3119 955 3161 c.
973 3097 1003 3172 6,
1025 3097 1054 3160 5.
1072 3098 1091 3160 6
1113 3097 1259 3161 incarna-

91 3198 209 3264 tionem
224 3200 356 3283 spiritus
371 3201 473 3265 sancti
488 3201 599 3266 docere
614 3202 746 3266 videtur.
771 3202 858 3267 Dicit
873 3203 966 3279 enim,
988 3202 1091 3266 Deum
1113 3200 1260 3285 spiritum

93 3309 244 3382 sanctum,
269 3305 411 3389 quiante
427 3304 540 3370 fuisset
555 3309 587 3370 et
603 3311 740 3371 creasset
755 3328 880 3371 omnem
902 3311 1088 3381 creaturam,
1112 3304 1260 3369 fundasse

91 3406 122 3471 in
144 3431 247 3485 carne,
271 3431 352 3494 quac
375 3410 404 3473 ei
426 3409 612 3492 placuisset,
645 3432 778 3494 cumque
800 3410 878 3475 haec
901 3432 973 3475 caro
995 3409 1121 3494 spiritui
1142 3409 1261 3492 optime

92 3513 257 3589 serviisset,
280 3513 384 3578 Deum
406 3535 476 3577 eam
497 3515 704 3597 assumpsisse
725 3515 844 3579 sociam
872 3538 909 3579 ac
932 3520 1108 3579 consortem
1130 3514 1261 3597 spiritus

92 3617 198 3680 sancti.
245 3616 332 3692 Quae
346 3619 443 3682 verba
457 3618 511 3682 vix
533 3619 626 3683 aliter
641 3623 737 3703 atque
759 3619 816 3684 illo
830 3621 924 3685 modo
946 3620 1160 3704 intellegenda
1175 3623 1258 3696 sunt,

92 3724 122 3783 et
142 3720 278 3786 Hermas
300 3743 410 3787 revera
430 3723 477 3786 ita
491 3724 625 3788 sensisse
648 3745 685 3787 eo
700 3724 803 3808 magis
827 3724 998 3789 censendus
1014 3728 1070 3802 est,
1096 3746 1168 3788 cum
1183 3722 1258 3787 Sim.

91 3822 143 3901 IX,
162 3824 190 3901 1,
209 3827 225 3888 1
250 3826 398 3909 spiritum
413 3830 556 3892 sanctum
579 3827 692 3911 (versio
707 3829 808 3893 latina
829 3828 960 3914 vulgata
979 3851 1087 3894 vocem
1109 3837 1260 3893 coactum

91 3928 277 4013 suppressit)
301 3931 425 3996 disertis
452 3932 553 3996 verbis
575 3932 677 3997 filium
699 3932 761 3997 Dei
782 3934 932 3997 nominet.
978 3932 1103 3997 Monuit
1134 3931 1260 4015 quidem

90 4031 179 4098 Zahn
202 4033 224 4099 l.
248 4055 285 4111 c.,
309 4055 374 4098 non
388 4056 457 4100 esse
479 4037 720 4123 neglegendum,
738 4038 890 4102 Hermam
911 4037 964 4102 hic
982 4039 1180 4119 parobolam
1202 4057 1258 4099 ex·

89 4137 242 4218 posuisse,
265 4137 430 4222 ipsamque
462 4140 648 4222 parabolam
677 4163 748 4204 cum
770 4140 816 4204 rei
837 4140 940 4204 minus
971 4144 1078 4223 aptam
1101 4160 1167 4204 esse
1190 4143 1260 4204 tum

160 4306 284 4361 chmcc
300 4308 338 4361 du
359 4309 453 4364 monde
476 4310 624 4381 catholiqua
642 4309 711 4365 1880
732 4328 760 4379 p.
779 4311 811 4364 21
831 4327 890 4377 sqq.
927 4307 969 4363 cf.
988 4307 1180 4365 Rambouillet
1198 4310 1250 4363 l.c

158 4394 175 4446 2
193 4393 253 4448 Der
271 4393 442 4465 Lebrbeprrff
456 4397 501 4452 des
517 4397 620 4452 Hirtea
640 4398 714 4452 1889.

157 4479 174 4533 3
195 4479 297 4536 Chremi
314 4482 417 4537 Persou
433 4484 491 4538 wad
513 4484 594 4539 Werlc
610 4487 647 4539 im
665 4485 764 4540 Hirten
781 4485 826 4539 des
843 4485 961 4540 Hermus
981 4484 1055 4541 1886.

157 4568 348 4639 armatae
366 4569 434 4626 rear
451 4588 478 4640 p.
497 4572 531 4626 ss
550 4588 590 4640 sq.
