2834 5018
492 677 607 733 MAND.
626 678 673 741 IV,
692 680 716 741 3,
734 680 812 742 4-4,
831 680 854 733 4.
1200 678 1264 742 481

82 857 212 934 diaboli,
238 859 313 942 quia
336 857 454 921 malum
477 857 608 940 aliquod
623 856 719 921 faciet
742 856 840 920 servis
864 857 914 920 dei
936 860 968 920 et
987 855 1094 939 inique
1117 857 1192 939 aget
1207 854 1262 918 ad·

82 983 191 1025 versus
217 983 289 1038 eos;
312 964 341 1025 5.
366 984 436 1026 cum
462 982 539 1046 ergo
561 960 652 1024 valde
674 960 851 1025 misericors
875 960 1091 1036 sitdominus,
1116 959 1264 1024 misertus

82 1070 131 1130 est
155 1069 317 1130 creaturae
346 1088 421 1129 suae
444 1070 477 1130 et
507 1065 734 1150 paenitentiam
757 1066 852 1131 istam
884 1065 1015 1142 statuit,
1049 1063 1181 1129 etmihi
1204 1086 1262 1149 po·

82 1177 182 1236 testas
204 1172 298 1235 huius
321 1171 533 1254 paenitentias
557 1172 632 1235 data
655 1174 712 1235 est.
759 1170 788 1233 6.
813 1169 858 1234 At
881 1190 941 1254 ego
963 1169 1023 1233 tibi
1039 1170 1119 1244 dico,
1143 1168 1262 1254 inquit:

82 1280 157 1360 post
180 1277 378 1340 vocationem
408 1275 498 1339 illam
520 1295 670 1358 magnam
702 1277 734 1339 at
757 1277 898 1338 sanctam
929 1273 957 1336 si
981 1274 1051 1357 quis
1079 1277 1223 1337 tentatus
1246 1295 1290 1337 ar

83 1379 211 1444 diabolo
234 1381 424 1463 peccaverit,
456 1402 550 1444 unam
572 1378 801 1462 paenitentiam
823 1378 929 1442 habet.
977 1377 1034 1443 Sin
1058 1381 1164 1442 autem
1187 1376 1264 1441 sub-

83 1485 157 1548 inde
179 1487 291 1568 peccat
313 1489 345 1548 et
366 1485 595 1568 paenitentiam
617 1484 694 1568 agit,
719 1505 783 1548 non
804 1485 935 1567 prodest
950 1483 1073 1548 homini
1096 1482 1264 1557 eiusmodi3

83 1588 215 1652 difficile
239 1588 322 1652 enim
345 1588 439 1652 vivet.
487 1589 516 1651 7.
540 1588 620 1652 Dico
643 1589 690 1652 ei:
723 1585 858 1652 Animus
881 1588 960 1652 mihi
982 1588 1085 1664 rediit,
1109 1588 1165 1652 ubi
1187 1587 1266 1651 haec

84 1715 104 1756 a
127 1696 159 1756 te
181 1697 247 1757 tam
279 1696 426 1757 accurate
448 1693 569 1768 audivi3
601 1693 666 1757 scio
698 1693 796 1770 enim,
831 1693 900 1757 fore
923 1697 960 1757 ut
987 1693 1094 1757 salvus
1118 1693 1208 1770 fiam,
1239 1691 1266 1755 si

83 1801 196 1879 postea
217 1818 282 1860 non
298 1797 441 1861 adiecero
457 1797 596 1880 peccatis
612 1796 699 1861 meis.
746 1795 860 1861 Salvus
877 1798 948 1875 eris,
966 1798 1079 1880 inquit,
1099 1801 1131 1861 et
1146 1816 1263 1872 omnes,
1280 1816 1305 1853 ιο

84 1906 243 1984 quotquot
266 1901 345 1966 haec
368 1901 510 1965 fecerint.

173 2001 211 2069 4.
237 2005 434 2092 Interrogavi
458 2026 536 2070 eum
551 2006 667 2070 iterum
690 2006 814 2069 dicens:
839 2005 983 2082 Domine,
1009 2027 1081 2070 curn
1096 2005 1193 2069 semel
1216 2025 1265 2068 me

84 2110 251 2185 sustineas,
277 2111 378 2175 adhuc
402 2115 433 2175 et
456 2111 517 2176 hoc
539 2111 618 2176 mihi
648 2112 785 2176 ostende.
832 2111 902 2188 Dic,
926 2112 1038 2196 inquit.
1086 2110 1120 2176 Si
1142 2111 1263 2186 mulier,

83 2217 225 2296 inquam,
252 2216 395 2294 domine,
421 2220 476 2281 aut
498 2217 633 2281 invicem
655 2217 703 2280 vir
726 2216 841 2300 aliquis
866 2216 1049 2281 dormiverit
1071 2220 1103 2280 et
1124 2214 1266 2298 nupserit

85 2319 201 2402 aliquis
225 2341 342 2398 eorum,
366 2321 520 2405 numquid
542 2324 653 2404 peccat
675 2322 823 2385 nubens?
846 2322 876 2384 2.
901 2319 976 2385 Non
999 2324 1118 2405 peccat,
1142 2320 1263 2404 inquit;
1280 2333 1304 2371 ¹⁶

85 2425 113 2487 si
137 2431 244 2489 autem
267 2448 372 2490 secum
395 2428 466 2511 quis
482 2430 599 2505 manet,
624 2426 885 2492 abundantiorem
901 2427 1054 2490 honorem
1069 2429 1101 2489 et
1117 2446 1266 2509 magnam

85 2527 223 2612 gloriam
246 2531 307 2594 sibi
322 2537 486 2615 comparat
509 2531 593 2615 apud
609 2531 783 2607 dominum3
808 2531 867 2597 etsi
891 2552 963 2595 vero
978 2531 1079 2607 nubit,
1104 2551 1168 2593 non
1189 2549 1264 2612 pec·
1364 2562 1366 2567 ·

85 2638 147 2697 cat
194 2635 223 2698 3.
257 2633 354 2699 Serva
381 2636 481 2720 igitur
511 2635 691 2699 castitatem
722 2640 754 2700 et
782 2635 986 2719 pudicitiam,
1019 2638 1051 2698 et
1081 2633 1166 2697 vives
1198 2634 1264 2697 deo.

86 2737 311 2822 Quaecumque
334 2739 393 2803 tibi
415 2739 528 2823 loquor
551 2743 583 2803 et
606 2738 770 2804 locuturus
793 2762 872 2817 sum,
897 2740 975 2805 haec
996 2739 1120 2804 custodi
1143 2739 1182 2803 ab
1205 2737 1267 2802 hoc

84 2848 238 2924 tempore,
264 2866 283 2906 a
307 2865 368 2928 quo
392 2844 441 2907 die
464 2843 543 2907 mihi
565 2844 701 2908 traditus
724 2865 768 2921 es,
793 2848 825 2908 et
847 2845 881 2908 in
907 2845 1000 2908 domo
1024 2846 1080 2907 tua
1102 2843 1266 2910 habitabo.
1280 2856 1305 2894 2⁰

86 2948 116 3009 4.
142 2946 305 3010 Prioribus
328 2953 435 3012 autem
459 2948 581 3013 delictis
604 2949 667 3013 tuis
697 2950 841 3013 remissio
864 2949 939 3024 erit,
975 2948 1003 3012 si
1024 2948 1174 3012 mandata
1195 2968 1268 3013 mea

85 3051 282 3114 custodieris.
330 3051 373 3115 Et
405 3052 550 3116 omnibus
580 3053 723 3117 remissio
756 3053 833 3131 erit,
869 3053 897 3116 si
919 3053 997 3117 haec
1027 3053 1175 3117 mandata
1197 3073 1268 3117 mea

86 3155 293 3220 custodierint
316 3160 347 3220 et
370 3156 605 3220 ambulaverint
625 3156 659 3220 in
682 3157 742 3221 hac
766 3158 920 3222 castitate.

163 3375 224 3431 161
243 3375 302 3431 Gor.
323 3377 345 3440 7,
365 3376 406 3432 38.
426 3376 467 3431 40.

125 3586 148 3638 7.
171 3583 372 3656 ἐζωοποιὴθην]
401 3585 520 3640 Hermas
547 3584 790 3659 indicat‚lpoivtov
822 3594 1012 3659 περιποιεῖ
1047 3589 1175 3653 μείνας
1217 3583 1267 3657 ἐφ’

86 3676 264 3741 quantopere
290 3672 421 3726 doctrina
447 3673 498 3726 illa
517 3673 551 3727 de
570 3673 666 3742 paeni·
692 3670 824 3731 ἑαυτοῦ
842 3677 888 3730 καὶ
901 3677 952 3744 τὴν
963 3677 1142 3729 διαλυθεῖσαν
1153 3672 1268 3749 θανάτῳ

86 3759 180 3812 tentia
201 3775 299 3814 severa
318 3760 452 3830 stipium
471 3765 500 3814 et
518 3760 590 3815 alios
602 3778 666 3815 con·
693 3765 822 3832 συζυγίαν
833 3755 971 3833 ἄχραντον
984 3759 1140 3830 φυλάσσων.
1167 3760 1268 3814 Verbis

86 3843 218 3899 turbarit.
695 3846 809 3914 quidem
828 3846 1013 3901 severioribus
1033 3844 1130 3909 utitur,
1150 3847 1268 3901 eandem

124 3933 151 3993 4,
171 3933 195 3985 2.
215 3931 265 4004 οὐχ
277 3930 428 4005 ἁμαρτάνει
440 3935 510 4005 κτλ]
529 3933 569 3988 Cf.
582 3935 666 3992 ICor.
695 3938 789 3988 autem
799 3934 858 3987 lere
868 3932 1040 3988 sententiam
1048 3932 1176 3987 enuntiat
1183 3933 1268 3988 Athe·

88 4022 112 4079 7,
133 4020 165 4081 9;
194 4019 295 4073 lTim.
315 4022 346 4082 5,
373 4020 482 4085 11.14;
510 4019 596 4074 clem.
624 4021 667 4074 Al.
694 4037 816 4091 nagoras
843 4022 940 4092 Legat
970 4036 992 4074 o.
1021 4019 1055 4075 33
1085 4019 1223 4074 scribens:
1252 4019 1269 4076 ὁ

88 4106 191 4160 Strom.
212 4105 257 4170 ΙΠ,
279 4107 318 4167 12,
337 4105 372 4161 82
390 4124 416 4177 p.
435 4107 501 4169 5483
529 4106 604 4161 'Part
623 4106 669 4160 nd
694 4108 822 4181 δεύτερος
839 4108 951 4180 (γάμος)
975 4105 1112 4179 εὐπρεπής
1134 4103 1192 4164 ἐστι
1209 4128 1268 4178 μοι·

87 4192 350 4261 uxor.11‚1saq-;
382 4195 476 4248 const.
504 4210 548 4263 ap.
569 4192 621 4257 111,
641 4194 666 4248 2.
692 4198 753 4267 χεία
779 4195 848 4264 (non
875 4196 1020 4267 πορνεία),
1049 4191 1110 4248 io.
1139 4191 1269 4248 diremtio

88 4281 219 4336 Clemens
238 4282 256 4335 l.
273 4299 294 4336 c.
314 4297 424 4335 versum
437 4286 566 4337 nostrum
579 4281 668 4335 tacite
694 4282 868 4337 matrimonii
881 4280 966 4350 primi
978 4283 1069 4335 morte
1086 4296 1143 4334 non
1155 4297 1270 4349 prorsus

87 4368 291 4439 transscripsit.
328 4367 405 4422 Dicit
423 4369 511 4422 enim:
541 4365 602 4426 ἐπεὶ
623 4372 669 4425 καὶ
696 4368 788 4422 soluti.
825 4367 1016 4422 Tertullianus
1039 4366 1214 4423 Montanista
1239 4368 1270 4423 in

88 4450 173 4524 οὗτος
191 4458 238 4526 (sc.
259 4457 308 4524 qui
321 4470 407 4509 uxore
425 4458 537 4509 mortua
549 4454 669 4509 alteram
694 4455 767 4511 libro
787 4454 821 4509 de
840 4454 1021 4524 monogamia
1043 4454 1178 4509 secundas
1200 4473 1269 4525 nup·

89 4543 180 4613 ducit)
208 4543 269 4615 οὐχ
296 4539 496 4615 ἁμαρτάνει
520 4541 573 4611 μὲν
598 4542 669 4599 κατὰ
694 4542 751 4597 tias
763 4541 849 4611 plane
860 4539 1269 4616 prohibes-neocastren]

87 4635 232 4701 διαθήκην,
251 4670 257 4683 .
275 4669 281 4683 ·
301 4630 412 4699 δόξαν
438 4627 473 4686 δὲ
500 4626 592 4703 αὐτῷ
619 4627 669 4686 ob·
696 4628 738 4684 cf.
758 4627 825 4683 Sim.
844 4626 877 4692 V,
897 4628 921 4693 3,
940 4627 963 4682 3.

142 4736 243 4787 rank,
257 4736 338 4777 Patres
356 4738 431 4785 upon.
446 4733 483 4776 ed.
500 4733 534 4775 11.
1019 4719 1061 4784 31
