2834 5018
436 691 485 745 AD
506 688 584 745 COR.
604 690 672 753 LXI.
691 690 837 756 2-LXIII.
858 695 880 749 l·
1181 695 1240 761 181

71 868 260 933 offendiculo
291 869 518 933 administrent.
572 868 601 932 2.
635 867 683 932 Tu
713 869 813 945 enim,
839 870 978 947 domine,
1011 870 1156 935 caelestis
1186 892 1242 934 rex

69 974 274 1050 saeculorum,
298 975 372 1038 filiis
395 974 560 1038 hominum
582 974 637 1037 das
660 973 795 1058 gloriam
817 979 850 1038 et
870 974 1022 1039 honorem
1045 980 1077 1039 et
1098 979 1241 1059 potesta·

68 1083 131 1142 tem
162 1100 288 1155 eorum,
324 1102 404 1163 quas
435 1079 469 1143 in
498 1082 583 1143 terra
605 1082 694 1152 sunt;
729 1083 773 1156 tu,
799 1079 922 1144 dominc
953 1079 1053 1164 dirige
1075 1080 1241 1144 consilium

68 1204 175 1247 eorum
197 1184 370 1248 secundum
392 1185 440 1259 id,
470 1185 554 1267 quod
577 1187 696 1248 bonum
719 1192 752 1247 et
774 1185 1013 1265 beneplacitum
1036 1194 1087 1248 ert
1107 1190 1143 1248 in
1165 1204 1240 1248 con·

67 1297 180 1369 spectu
203 1298 272 1368 tuo,
294 1292 330 1353 ut
352 1293 544 1372 potestatem
568 1311 587 1352 a
608 1293 640 1352 tc
664 1288 770 1352 datam
792 1289 825 1352 in
846 1310 925 1372 pace
948 1293 980 1352 et
1001 1288 1266 1352 mansuetudine*

66 1392 115 1475 pie
139 1393 398 1458 administrantes
421 1394 596 1478 propitium
618 1398 651 1457 te
674 1393 822 1457 habeant.
869 1395 898 1457 3.
923 1392 985 1470 Qui
1007 1393 1093 1457 solus
1115 1392 1193 1456 haec
1209 1395 1242 1455 ct

65 1499 157 1580 plura
172 1499 258 1562 bona
279 1498 445 1563 nobiscum
461 1519 555 1582 agere
578 1503 678 1581 potes,
703 1498 762 1563 tibi
778 1499 963 1563 confitemur
984 1520 1041 1582 per
1059 1498 1241 1581 pontificem

65 1625 100 1666 ac
122 1608 295 1687 patronum
326 1603 503 1667 animarum
531 1607 711 1667 nostrarum
733 1602 838 1667 lesum
861 1601 1038 1680 Christum,
1069 1622 1241 1686 perquem

64 1707 121 1772 tibi
144 1706 249 1791 gloria
281 1710 313 1771 et
335 1707 484 1771 maiestas
515 1713 548 1772 et
569 1729 653 1772 nunc
684 1708 771 1772 etin
796 1708 1030 1791 generationem
1061 1705 1240 1790 generatio-

64 1834 136 1875 num
162 1812 249 1875 etin
271 1812 397 1876 saecula
419 1812 625 1876 saeculorum.
671 1812 783 1876 Amen.
1253 1827 1278 1865 1⁰

150 1916 248 1981 LXII.
272 1916 321 1981 De
343 1917 455 1992 rebus,
487 1938 568 2000 quae
592 1916 631 1980 ad
654 1916 775 1980 cultum
804 1920 948 1980 nostrum
971 1920 1119 1999 spectant
1141 1935 1238 2000 quae·

64 2042 123 2104 que
147 2021 188 2084 ad
209 2021 353 2104 probam·
366 2021 465 2084 vitam
487 2020 674 2085 utilissimae
698 2024 771 2085 sunt
793 2020 850 2098 iis,
884 2020 938 2104 qui
959 2021 1111 2102 pietatem
1134 2024 1166 2083 et
1188 2020 1238 2083 iu·

62 2125 183 2189 stitiam
206 2125 320 2188 sectari
343 2125 463 2201 volunt,
488 2124 565 2188 satis
588 2124 770 2207 scripsimus
793 2124 892 2202 vobis,
916 2124 976 2187 viri
992 2123 1116 2188 fratres.
1142 2125 1171 2186 2.
1189 2123 1239 2187 De

61 2229 121 2292 fide
156 2229 296 2292 enimet
327 2229 524 2312 paenitentia
546 2232 578 2291 et
612 2229 734 2293 sincera
769 2229 901 2293 caritate
924 2234 956 2294 et
990 2228 1184 2294 continentia
1207 2230 1238 2291 et

61 2334 210 2398 castitate
233 2337 266 2396 et
287 2333 444 2417 patientia
466 2355 590 2397 onmem
613 2334 719 2398 locum
742 2335 921 2420 attigimus,
956 2335 1159 2398 admonentes
1181 2347 1277 2396 ne·1⁶

61 2460 148 2502 cesse
172 2459 250 2515 esse,
275 2443 310 2502 ut
332 2438 366 2502 in
388 2438 512 2502 iustitia
534 2442 566 2501 et
588 2439 720 2502 veritate
743 2442 775 2503 et
790 2438 1031 2524 longanimitate
1055 2439 1112 2503 deo
1135 2439 1236 2503 omni·

60 2543 185 2627 potenti
208 2543 261 2625 pie
283 2543 446 2626 placeatis,
471 2542 631 2607 oblivione
653 2544 839 2608 iniuriarum
855 2545 1054 2608 concordiam
1076 2547 1236 2608 servantes

59 2647 93 2710 in
115 2648 250 2711 caritate
283 2651 315 2711 et
337 2669 416 2730 pace
446 2669 518 2711 cum
548 2648 675 2712 assidua
708 2649 887 2731 aequitate,
919 2649 1001 2713 sicut
1023 2653 1055 2712 et
1085 2648 1238 2733 praedicti

59 2756 167 2834 patres
189 2751 292 2815 nostri
314 2751 503 2835 placuerunt
517 2752 681 2816 humiliter
702 2753 873 2817 sentientes
895 2753 928 2818 in
944 2757 1067 2838 patrem
1090 2756 1122 2817 ct
1146 2753 1238 2817 deum

58 2861 92 2919 et
115 2860 288 2919 creatorem
311 2861 343 2919 et
366 2878 474 2921 omnes
498 2857 650 2921 homines.
698 2858 726 2921 3.
751 2858 795 2922 Et
817 2858 894 2921 haec
916 2880 953 2922 eo
976 2857 1126 2921 libentius
1150 2879 1236 2922 com·
1252 2875 1277 2913 νο

58 2959 302 3035 monefacimus‚
338 2982 410 3024 cum
432 2981 495 3023 non
529 2961 767 3044 ignoraremus,
801 2982 860 3024 nos
892 2962 1028 3026 scribere
1061 2960 1135 3024 viris
1158 2961 1237 3025 fide·

58 3063 144 3128 libus
168 3068 200 3127 et
221 3064 419 3129 electissimis
443 3069 475 3129 et
502 3065 556 3148 qui
578 3065 835 3149 introspexerunt
856 3066 889 3129 in
913 3087 1071 3130 sermones
1095 3065 1236 3148 discipli-

58 3193 118 3233 nae
142 3171 201 3234 dei.

146 3274 258 3339 LXHI.
283 3275 431 3360 Aequum
454 3277 553 3360 igitur
576 3282 632 3354 est,
656 3276 776 3341 talibus
800 3281 832 3339 et
853 3276 951 3340 tantis
971 3273 1123 3358 exemplis
1146 3294 1236 3336 acce-

57 3379 168 3443 dentes
191 3402 250 3443 nos
280 3381 433 3444 cervicem
464 3402 642 3465 supponere
666 3384 698 3443 et
720 3379 937 3444 oboedientiae
967 3379 1072 3443 locum
1093 3377 1235 3462 implere,
1250 3396 1276 3433 τε»

128 3512 246 3567 4Deut.
269 3516 307 3577 12,
326 3516 367 3568 25.
387 3515 436 3577 28;
457 3516 497 3580 13,
518 3516 558 3570 18.

57 3622 110 3672 tur.
153 3618 267 3687 Lipsius
297 3621 409 3687 (Jeaoer
439 3622 536 3692 Litrtp.
567 3626 636 3676 1877
662 3624 833 3694 Κορινθίοις.

56 3707 150 3775 1119)
178 3707 265 3759 verba
292 3705 330 3774 εἰς
357 3706 489 3781 ἐνάρετον
515 3740 549 3747 -
567 3713 635 3764 dcco
696 3707 720 3759 2.
741 3707 841 3776 τόπον]
869 3705 1024 3775 Bryennius
1051 3708 1080 3760 et
1103 3704 1236 3760 Harnsck

58 3794 155 3850 θύνειν
173 3793 272 3846 vertit:
296 3793 333 3845 ad
351 3793 469 3862 probam
493 3796 581 3848 vitam
599 3796 634 3848 iis
662 3793 787 3863 suppleri
803 3793 902 3848 volunt
925 3801 983 3850 τῶν
1000 3791 1087 3864 ἁγίων
1110 3796 1234 3865 γραφῶν.

56 3881 106 3948 qui
125 3879 224 3935 volunt
241 3879 288 3948 pie
308 3882 337 3933 et
354 3880 427 3935 iuste
451 3881 634 3952 dirigendam.
661 3880 775 3935 Rectius
794 3878 941 3949 Lightfoot
958 3894 1055 3932 vocem
1074 3877 1100 3930 h.
1118 3877 1134 3930 l.
1155 3877 1234 3932 abso·

56 3967 128 4021 Mihi
147 3967 263 4020 verbum
276 3967 432 4024 διευθύνειν
450 3969 579 4022 hocloco
599 3968 633 4020 si·
661 3969 720 4021 lute
732 3965 856 4035 positam
870 3982 930 4019 esse
943 3966 1035 4033 putat
1056 3965 1096 4020 01.
1111 3963 1233 4032 Epictet

55 4053 162 4107 militer
191 4069 224 4106 uc
250 4053 432 4110 κατευθύνειν
459 4055 533 4123 apud
560 4054 633 4108 LXX
662 4053 733 4106 Diss.
746 4052 766 4116 I,
781 4053 834 4115 7‚4
853 4049 1009 4123 (ἐπίσκεψίν
1027 4072 1087 4107 τινα
1105 4052 1235 4123 ποιητέον

56 4139 187 4194 absolute
204 4140 330 4208 positum
349 4156 409 4192 esse
434 4140 552 4195 videtur.
590 4142 632 4195 01.
662 4143 718 4195 τῶν
736 4141 831 4197 τὸπιον
850 4138 981 4207 τούτων);
1001 4136 1035 4201 Π,
1050 4140 1089 4201 17,
1103 4138 1134 4194 31
1155 4136 1235 4209 (ὅταν

55 4227 100 4280 Ps.
121 4226 213 4287 17,8;
243 4226 299 4288 100,
319 4228 348 4288 73
379 4226 458 4280 Prov.
481 4228 520 4289 15,
540 4227 571 4288 8;
590 4228 631 4290 29,
661 4235 806 4282 τοῦτον..
826 4223 965 4295 ἐνεπονὴσρ
986 4226 1036 4281 τὸν
1060 4228 1160 4293 τόπον)
1181 4231 1233 4281 etc

55 4314 103 4373 27;
122 4311 190 4366 Mu.
208 4312 232 4371 2.
251 4314 275 4366 6.
300 4344 335 4351 -
359 4311 531 4382 1κανῖοςέπ.]
552 4312 632 4367 Hunc
660 4345 695 4353 -
720 4311 967 4385 προδεδηλωμένοι]
997 4312 1038 4367 01.
1066 4329 1089 4366 c.
1116 4314 1234 4376 17-19;

54 4398 224 4467 praesertim
244 4398 336 4452 locum
354 4400 485 4453 Irenaeus
504 4399 550 4463 ΙΙΙ,
569 4401 593 4464 3,
616 4401 632 4454 3
661 4401 708 4461 30;
728 4402 769 4455 31.

53 4485 214 4554 respexisse
232 4484 345 4539 videtur
366 4488 400 4540 de
420 4487 543 4555 epist-ula
567 4487 632 4541 scri·
696 4486 790 4548 LXIII,
813 4488 834 4540 1.
853 4486 1076 4558 προσελθόντας]
1090 4487 1132 4542 01.
1147 4487 1188 4551 33,
1202 4490 1232 4549 8;

53 4571 137 4625 bons:
175 4569 409 4630 ἐπέστειλεν
438 4576 454 4644 ἢ
483 4571 513 4629 ἐν
535 4572 634 4647 Ῥώμῃ
661 4575 759 4629 Sirach
779 4576 801 4639 1,
820 4573 868 4635 30;
886 4573 911 4626 6.
930 4573 1099 4637 2631Tim
1117 4575 1142 4639 6,
1162 4576 1234 4631 3.-

52 4657 182 4730 ἐκκλρσιά
194 4656 229 4714 1κ
237 4680 256 4714 α
265 4679 281 4713 ν
290 4682 313 4716 ιο
323 4660 365 4717 τά
376 4682 439 4732 την
451 4665 562 4733 γραφὴν
573 4670 631 4729 τοῖς
644 4666 647 4716 Ι
659 4659 704 4718 ὑπ.
724 4681 747 4717 τ.
766 4660 915 4736 τράχηλον]
941 4661 985 4717 01.
1012 4662 1114 4719 Sirach
1134 4666 1180 4727 m,
1191 4666 1242 4718 21).
