<?xml version="1.0" encoding="UTF-8"?>
<!DOCTYPE html PUBLIC "-//W3C//DTD XHTML 1.0 Transitional//EN"
    "http://www.w3.org/TR/xhtml1/DTD/xhtml1-transitional.dtd">
<html xmlns="http://www.w3.org/1999/xhtml" xml:lang="en" lang="en">
 <head>
  <title>
</title>
<meta http-equiv="Content-Type" content="text/html;charset=utf-8" />
  <meta name='ocr-system' content='tesseract 3.04.00' />
  <meta name='ocr-capabilities' content='ocr_page ocr_carea ocr_par ocr_line ocrx_word'/>
</head>
<body>
  <div class='ocr_page' id='page_1' title='image "./patresapostolic00piongoog_0760.png"; bbox 0 0 2834 5018; ppageno 0'>
   <div class='ocr_carea' id='block_1_1' title="bbox 477 642 1238 711">
    <p class='ocr_par' dir='ltr' id='par_1_1' title="bbox 477 642 1238 711">
     <span class='ocr_line' id='line_1_1' title="bbox 477 642 1238 711; baseline 0.02 -14"><span class='ocrx_word' id='word_1_1' title='bbox 477 643 546 699; x_wconf 71' lang='lat' dir='ltr'><strong>sna</strong></span> <span class='ocrx_word' id='word_1_2' title='bbox 564 642 612 707; x_wconf 84' lang='lat' dir='ltr'><strong>Ill,</strong></span> <span class='ocrx_word' id='word_1_3' title='bbox 633 644 672 706; x_wconf 87' lang='grc'>11,</span> <span class='ocrx_word' id='word_1_4' title='bbox 691 642 784 708; x_wconf 81' lang='grc'>6-12,</span> <span class='ocrx_word' id='word_1_5' title='bbox 803 646 827 697; x_wconf 83' lang='grc'><strong>4.</strong></span> <span class='ocrx_word' id='word_1_6' title='bbox 1174 648 1238 711; x_wconf 84' lang='grc'><strong>599</strong></span> 
     </span>
    </p>
   </div>
   <div class='ocr_carea' id='block_1_2' title="bbox 58 819 1278 3514">
    <p class='ocr_par' dir='ltr' id='par_1_2' title="bbox 58 819 1278 2266">
     <span class='ocr_line' id='line_1_2' title="bbox 59 819 1239 905; baseline 0.003 -22"><span class='ocrx_word' id='word_1_7' title='bbox 59 820 151 884; x_wconf 84' lang='lat' dir='ltr'><strong>iuxta</strong></span> <span class='ocrx_word' id='word_1_8' title='bbox 172 821 294 885; x_wconf 79' lang='lat' dir='ltr'><strong>turrim.</strong></span> <span class='ocrx_word' id='word_1_9' title='bbox 343 821 371 884; x_wconf 88' lang='grc'><strong>7.</strong></span> <span class='ocrx_word' id='word_1_10' title='bbox 396 819 583 885; x_wconf 86' lang='lat' dir='ltr'><strong>Straverunt</strong></span> <span class='ocrx_word' id='word_1_11' title='bbox 605 821 689 885; x_wconf 89' lang='lat' dir='ltr'><strong>enim</strong></span> <span class='ocrx_word' id='word_1_12' title='bbox 704 821 843 905; x_wconf 84' lang='lat' dir='ltr'><strong>virgines</strong></span> <span class='ocrx_word' id='word_1_13' title='bbox 865 822 899 886; x_wconf 94' lang='lat' dir='ltr'><strong>in</strong></span> <span class='ocrx_word' id='word_1_14' title='bbox 920 828 1006 886; x_wconf 82' lang='lat' dir='ltr'><strong>terra</strong></span> <span class='ocrx_word' id='word_1_15' title='bbox 1028 823 1151 887; x_wconf 88' lang='lat' dir='ltr'><strong>tunicas</strong></span> <span class='ocrx_word' id='word_1_16' title='bbox 1166 844 1239 887; x_wconf 92' lang='lat' dir='ltr'><strong>suas</strong></span> 
     </span>
     <span class='ocr_line' id='line_1_3' title="bbox 59 924 1239 1012; baseline 0.004 -24"><span class='ocrx_word' id='word_1_17' title='bbox 59 924 163 989; x_wconf 92' lang='lat' dir='ltr'><strong>lineas</strong></span> <span class='ocrx_word' id='word_1_18' title='bbox 186 929 218 990; x_wconf 90' lang='lat' dir='ltr'><strong>et</strong></span> <span class='ocrx_word' id='word_1_19' title='bbox 240 947 290 990; x_wconf 90' lang='lat' dir='ltr'><strong>me</strong></span> <span class='ocrx_word' id='word_1_20' title='bbox 312 925 345 988; x_wconf 91' lang='lat' dir='ltr'><strong>in</strong></span> <span class='ocrx_word' id='word_1_21' title='bbox 367 926 470 990; x_wconf 88' lang='lat' dir='ltr'><strong>medio</strong></span> <span class='ocrx_word' id='word_1_22' title='bbox 495 925 738 1004; x_wconf 82' lang='lat' dir='ltr'><strong>collocaverunt,</strong></span> <span class='ocrx_word' id='word_1_23' title='bbox 762 947 820 991; x_wconf 92' lang='lat' dir='ltr'><strong>nec</strong></span> <span class='ocrx_word' id='word_1_24' title='bbox 843 927 970 991; x_wconf 92' lang='lat' dir='ltr'><strong>omnino</strong></span> <span class='ocrx_word' id='word_1_25' title='bbox 994 927 1167 1012; x_wconf 81' lang='lat' dir='ltr'><strong>quidquam</strong></span> <span class='ocrx_word' id='word_1_26' title='bbox 1188 928 1239 993; x_wconf 85' lang='lat' dir='ltr'><strong>fa-</strong></span> 
     </span>
     <span class='ocr_line' id='line_1_4' title="bbox 60 1030 1240 1116; baseline 0.003 -22"><span class='ocrx_word' id='word_1_27' title='bbox 60 1030 189 1095; x_wconf 89' lang='lat' dir='ltr'><strong>ciebant</strong></span> <span class='ocrx_word' id='word_1_28' title='bbox 217 1030 279 1094; x_wconf 93' lang='lat' dir='ltr'><strong>nisi</strong></span> <span class='ocrx_word' id='word_1_29' title='bbox 309 1030 394 1115; x_wconf 93' lang='lat' dir='ltr'><strong>quod</strong></span> <span class='ocrx_word' id='word_1_30' title='bbox 423 1031 576 1106; x_wconf 90' lang='lat' dir='ltr'><strong>orabant;</strong></span> <span class='ocrx_word' id='word_1_31' title='bbox 611 1034 643 1094; x_wconf 88' lang='lat' dir='ltr'><strong>ct</strong></span> <span class='ocrx_word' id='word_1_32' title='bbox 666 1052 727 1116; x_wconf 83' lang='lat' dir='ltr'><strong>ego</strong></span> <span class='ocrx_word' id='word_1_33' title='bbox 757 1053 828 1096; x_wconf 86' lang='lat' dir='ltr'><strong>curn</strong></span> <span class='ocrx_word' id='word_1_34' title='bbox 850 1031 889 1096; x_wconf 90' lang='lat' dir='ltr'><strong>iis</strong></span> <span class='ocrx_word' id='word_1_35' title='bbox 912 1031 980 1096; x_wconf 88' lang='lat' dir='ltr'><strong>sino</strong></span> <span class='ocrx_word' id='word_1_36' title='bbox 1010 1032 1240 1097; x_wconf 78' lang='lat' dir='ltr'><strong>intermissione</strong></span> 
     </span>
     <span class='ocr_line' id='line_1_5' title="bbox 60 1135 1240 1222; baseline 0.003 -23"><span class='ocrx_word' id='word_1_37' title='bbox 60 1135 193 1199; x_wconf 90' lang='lat' dir='ltr'><strong>orabam</strong></span> <span class='ocrx_word' id='word_1_38' title='bbox 216 1157 317 1218; x_wconf 90' lang='lat' dir='ltr'><strong>neque</strong></span> <span class='ocrx_word' id='word_1_39' title='bbox 339 1136 443 1199; x_wconf 92' lang='lat' dir='ltr'><strong>minus</strong></span> <span class='ocrx_word' id='word_1_40' title='bbox 468 1157 564 1219; x_wconf 92' lang='lat' dir='ltr'><strong>quam</strong></span> <span class='ocrx_word' id='word_1_41' title='bbox 586 1135 669 1199; x_wconf 89' lang='lat' dir='ltr'><strong>illae.</strong></span> <span class='ocrx_word' id='word_1_42' title='bbox 715 1136 759 1200; x_wconf 80' lang='lat' dir='ltr'><strong>Et</strong></span> <span class='ocrx_word' id='word_1_43' title='bbox 781 1137 963 1221; x_wconf 78' lang='lat' dir='ltr'>gaudebant</span> <span class='ocrx_word' id='word_1_44' title='bbox 983 1136 1132 1222; x_wconf 83' lang='lat' dir='ltr'><strong>virgines,</strong></span> <span class='ocrx_word' id='word_1_45' title='bbox 1155 1138 1240 1222; x_wconf 92' lang='lat' dir='ltr'><strong>qnod</strong></span> 
     </span>
     <span class='ocr_line' id='line_1_6' title="bbox 60 1239 1265 1325; baseline 0.001 -22"><span class='ocrx_word' id='word_1_46' title='bbox 60 1240 107 1304; x_wconf 91' lang='lat' dir='ltr'><strong>sic</strong></span> <span class='ocrx_word' id='word_1_47' title='bbox 123 1240 260 1304; x_wconf 90' lang='lat' dir='ltr'><strong>orabam.</strong></span> <span class='ocrx_word' id='word_1_48' title='bbox 284 1239 328 1303; x_wconf 77' lang='lat' dir='ltr'><strong>nt</strong></span> <span class='ocrx_word' id='word_1_49' title='bbox 343 1240 445 1304; x_wconf 91' lang='lat' dir='ltr'><strong>mansi</strong></span> <span class='ocrx_word' id='word_1_50' title='bbox 461 1240 506 1305; x_wconf 94' lang='lat' dir='ltr'><strong>ibi</strong></span> <span class='ocrx_word' id='word_1_51' title='bbox 523 1262 594 1304; x_wconf 92' lang='lat' dir='ltr'><strong>cum</strong></span> <span class='ocrx_word' id='word_1_52' title='bbox 609 1240 785 1323; x_wconf 80' lang='lat' dir='ltr'><strong>virginibus</strong></span> <span class='ocrx_word' id='word_1_53' title='bbox 808 1262 908 1324; x_wconf 90' lang='lat' dir='ltr'><strong>usque</strong></span> <span class='ocrx_word' id='word_1_54' title='bbox 924 1242 964 1306; x_wconf 89' lang='lat' dir='ltr'><strong>ad</strong></span> <span class='ocrx_word' id='word_1_55' title='bbox 979 1242 1061 1305; x_wconf 87' lang='lat' dir='ltr'><strong>diem</strong></span> <span class='ocrx_word' id='word_1_56' title='bbox 1076 1245 1265 1325; x_wconf 77' lang='lat' dir='ltr'><strong>posterums</strong></span> 
     </span>
     <span class='ocr_line' id='line_1_7' title="bbox 60 1344 1239 1431; baseline 0.001 -22"><span class='ocrx_word' id='word_1_57' title='bbox 60 1345 103 1409; x_wconf 90' lang='lat' dir='ltr'><strong>ad</strong></span> <span class='ocrx_word' id='word_1_58' title='bbox 132 1344 244 1408; x_wconf 91' lang='lat' dir='ltr'><strong>horam</strong></span> <span class='ocrx_word' id='word_1_59' title='bbox 273 1345 451 1409; x_wconf 88' lang='lat' dir='ltr'><strong>secundam.</strong></span> <span class='ocrx_word' id='word_1_60' title='bbox 500 1346 528 1409; x_wconf 88' lang='lat'><strong>8.</strong></span> <span class='ocrx_word' id='word_1_61' title='bbox 554 1344 676 1408; x_wconf 87' lang='lat' dir='ltr'><strong>Deinde</strong></span> <span class='ocrx_word' id='word_1_62' title='bbox 706 1345 792 1408; x_wconf 89' lang='lat' dir='ltr'><strong>venit</strong></span> <span class='ocrx_word' id='word_1_63' title='bbox 815 1350 926 1429; x_wconf 88' lang='lat' dir='ltr'><strong>pastor</strong></span> <span class='ocrx_word' id='word_1_64' title='bbox 954 1349 986 1410; x_wconf 87' lang='lat' dir='ltr'><strong>ct</strong></span> <span class='ocrx_word' id='word_1_65' title='bbox 1009 1346 1085 1410; x_wconf 90' lang='lat' dir='ltr'><strong>dicit</strong></span> <span class='ocrx_word' id='word_1_66' title='bbox 1107 1346 1239 1431; x_wconf 84' lang='lat' dir='ltr'><strong>virgini·</strong></span> 
     </span>
     <span class='ocr_line' id='line_1_8' title="bbox 58 1447 1238 1536; baseline 0.001 -23"><span class='ocrx_word' id='word_1_67' title='bbox 58 1449 134 1514; x_wconf 90' lang='lat' dir='ltr'><strong>bus:</strong></span> <span class='ocrx_word' id='word_1_68' title='bbox 158 1447 322 1533; x_wconf 90' lang='lat' dir='ltr'><strong>Numquid</strong></span> <span class='ocrx_word' id='word_1_69' title='bbox 337 1449 484 1513; x_wconf 92' lang='lat' dir='ltr'><strong>iniuriam</strong></span> <span class='ocrx_word' id='word_1_70' title='bbox 507 1449 536 1512; x_wconf 90' lang='lat' dir='ltr'><strong>ei</strong></span> <span class='ocrx_word' id='word_1_71' title='bbox 558 1448 679 1512; x_wconf 84' lang='lat' dir='ltr'><strong>fecistis</strong></span> <span class='ocrx_word' id='word_1_72' title='bbox 696 1448 859 1532; x_wconf 77' lang='lat' dir='ltr'><strong>aliquam?</strong></span> <span class='ocrx_word' id='word_1_73' title='bbox 882 1449 1059 1536; x_wconf 74' lang='lat' dir='ltr'><strong>interroga,</strong></span> <span class='ocrx_word' id='word_1_74' title='bbox 1082 1450 1238 1534; x_wconf 85' lang='lat' dir='ltr'><strong>inquiunt,</strong></span> 
     </span>
     <span class='ocr_line' id='line_1_9' title="bbox 59 1552 1238 1638; baseline 0.002 -21"><span class='ocrx_word' id='word_1_75' title='bbox 59 1554 175 1638; x_wconf 90' lang='lat' dir='ltr'><strong>ipsum.</strong></span> <span class='ocrx_word' id='word_1_76' title='bbox 222 1553 302 1617; x_wconf 88' lang='lat' dir='ltr'><strong>Dico</strong></span> <span class='ocrx_word' id='word_1_77' title='bbox 325 1552 368 1617; x_wconf 90' lang='lat' dir='ltr'><strong>ei:</strong></span> <span class='ocrx_word' id='word_1_78' title='bbox 402 1553 551 1630; x_wconf 85' lang='lat' dir='ltr'><strong>Domine,</strong></span> <span class='ocrx_word' id='word_1_79' title='bbox 583 1554 721 1618; x_wconf 86' lang='lat' dir='ltr'><strong>lactatus</strong></span> <span class='ocrx_word' id='word_1_80' title='bbox 744 1576 830 1632; x_wconf 83' lang='lat' dir='ltr'><strong>sum,</strong></span> <span class='ocrx_word' id='word_1_81' title='bbox 865 1556 950 1638; x_wconf 91' lang='lat' dir='ltr'><strong>quod</strong></span> <span class='ocrx_word' id='word_1_82' title='bbox 971 1556 1073 1620; x_wconf 87' lang='lat' dir='ltr'><strong>mansi</strong></span> <span class='ocrx_word' id='word_1_83' title='bbox 1096 1577 1167 1620; x_wconf 92' lang='lat' dir='ltr'><strong>cum</strong></span> <span class='ocrx_word' id='word_1_84' title='bbox 1189 1555 1238 1620; x_wconf 91' lang='lat' dir='ltr'><strong>iis.</strong></span> 
     </span>
     <span class='ocr_line' id='line_1_10' title="bbox 60 1657 1238 1743; baseline 0.003 -21"><span class='ocrx_word' id='word_1_85' title='bbox 60 1657 153 1735; x_wconf 80' lang='lat' dir='ltr'><strong>Quid,</strong></span> <span class='ocrx_word' id='word_1_86' title='bbox 177 1658 290 1741; x_wconf 83' lang='lat' dir='ltr'><strong>inquit,</strong></span> <span class='ocrx_word' id='word_1_87' title='bbox 315 1657 459 1722; x_wconf 77' lang='lat' dir='ltr'><strong>cenanti?</strong></span> <span class='ocrx_word' id='word_1_88' title='bbox 491 1657 615 1733; x_wconf 79' lang='lat' dir='ltr'><strong>Donavi,</strong></span> <span class='ocrx_word' id='word_1_89' title='bbox 639 1658 778 1742; x_wconf 84' lang='lat' dir='ltr'><strong>inquam,</strong></span> <span class='ocrx_word' id='word_1_90' title='bbox 803 1658 937 1736; x_wconf 79' lang='lat' dir='ltr'><strong>domine,</strong></span> <span class='ocrx_word' id='word_1_91' title='bbox 961 1680 1018 1743; x_wconf 88' lang='lat' dir='ltr'><strong>per</strong></span> <span class='ocrx_word' id='word_1_92' title='bbox 1040 1663 1139 1724; x_wconf 89' lang='lat' dir='ltr'><strong>totam</strong></span> <span class='ocrx_word' id='word_1_93' title='bbox 1160 1682 1238 1725; x_wconf 94' lang='lat' dir='ltr'><strong>noc·</strong></span> 
     </span>
     <span class='ocr_line' id='line_1_11' title="bbox 58 1762 1278 1847; baseline -0.002 -21"><span class='ocrx_word' id='word_1_94' title='bbox 58 1767 126 1826; x_wconf 89' lang='lat' dir='ltr'><strong>tem</strong></span> <span class='ocrx_word' id='word_1_95' title='bbox 147 1763 244 1827; x_wconf 90' lang='lat' dir='ltr'><strong>verba</strong></span> <span class='ocrx_word' id='word_1_96' title='bbox 260 1762 388 1826; x_wconf 92' lang='lat' dir='ltr'><strong>domini.</strong></span> <span class='ocrx_word' id='word_1_97' title='bbox 436 1763 530 1840; x_wconf 84' lang='lat' dir='ltr'><strong>Bene,</strong></span> <span class='ocrx_word' id='word_1_98' title='bbox 548 1762 661 1846; x_wconf 76' lang='lat' dir='ltr'><strong>inquit,</strong></span> <span class='ocrx_word' id='word_1_99' title='bbox 685 1766 717 1826; x_wconf 92' lang='lat' dir='ltr'><strong>te</strong></span> <span class='ocrx_word' id='word_1_100' title='bbox 733 1767 943 1846; x_wconf 76' lang='lat' dir='ltr'><strong>acceperunt?</strong></span> <span class='ocrx_word' id='word_1_101' title='bbox 966 1764 1082 1842; x_wconf 83' lang='lat' dir='ltr'><strong>Etiam,</strong></span> <span class='ocrx_word' id='word_1_102' title='bbox 1099 1764 1236 1847; x_wconf 77' lang='lat' dir='ltr'><strong>inquam,</strong></span> <span class='ocrx_word' id='word_1_103' title='bbox 1253 1787 1278 1823; x_wconf 86' lang='lat' dir='ltr'><strong>n</strong></span> 
     </span>
     <span class='ocr_line' id='line_1_12' title="bbox 61 1866 1238 1951; baseline 0.002 -20"><span class='ocrx_word' id='word_1_104' title='bbox 61 1867 194 1931; x_wconf 89' lang='lat' dir='ltr'><strong>domine.</strong></span> <span class='ocrx_word' id='word_1_105' title='bbox 241 1867 270 1930; x_wconf 90' lang='grc'><strong>9.</strong></span> <span class='ocrx_word' id='word_1_106' title='bbox 295 1866 409 1943; x_wconf 75' lang='lat' dir='ltr'><strong>Nunc,</strong></span> <span class='ocrx_word' id='word_1_107' title='bbox 433 1867 553 1951; x_wconf 84' lang='lat' dir='ltr'><strong>inquit,</strong></span> <span class='ocrx_word' id='word_1_108' title='bbox 578 1866 723 1951; x_wconf 84' lang='lat' dir='ltr'><strong>quidvis</strong></span> <span class='ocrx_word' id='word_1_109' title='bbox 746 1866 853 1931; x_wconf 88' lang='lat' dir='ltr'><strong>audire</strong></span> <span class='ocrx_word' id='word_1_110' title='bbox 875 1867 1033 1951; x_wconf 77' lang='lat' dir='ltr'><strong>primum?</strong></span> <span class='ocrx_word' id='word_1_111' title='bbox 1067 1866 1165 1945; x_wconf 85' lang='lat' dir='ltr'><strong>Sicut,</strong></span> <span class='ocrx_word' id='word_1_112' title='bbox 1189 1868 1238 1933; x_wconf 92' lang='lat' dir='ltr'><strong>in·</strong></span> 
     </span>
     <span class='ocr_line' id='line_1_13' title="bbox 60 1971 1263 2058; baseline 0 -23"><span class='ocrx_word' id='word_1_113' title='bbox 60 1994 166 2055; x_wconf 80' lang='lat' dir='ltr'><strong>quam,</strong></span> <span class='ocrx_word' id='word_1_114' title='bbox 190 1972 322 2048; x_wconf 85' lang='lat' dir='ltr'><strong>domine,</strong></span> <span class='ocrx_word' id='word_1_115' title='bbox 348 1972 388 2036; x_wconf 90' lang='lat' dir='ltr'><strong>ab</strong></span> <span class='ocrx_word' id='word_1_116' title='bbox 411 1972 503 2037; x_wconf 89' lang='lat' dir='ltr'><strong>initio</strong></span> <span class='ocrx_word' id='word_1_117' title='bbox 527 1972 714 2048; x_wconf 88' lang='lat' dir='ltr'><strong>ostendisti;</strong></span> <span class='ocrx_word' id='word_1_118' title='bbox 748 1993 826 2058; x_wconf 83' lang='lat' dir='ltr'><strong>rogo</strong></span> <span class='ocrx_word' id='word_1_119' title='bbox 850 1976 894 2050; x_wconf 85' lang='lat' dir='ltr'><strong>te,</strong></span> <span class='ocrx_word' id='word_1_120' title='bbox 920 1971 1059 2048; x_wconf 81' lang='lat' dir='ltr'><strong>domine,</strong></span> <span class='ocrx_word' id='word_1_121' title='bbox 1084 1977 1134 2049; x_wconf 85' lang='lat' dir='ltr'><strong>ut,</strong></span> <span class='ocrx_word' id='word_1_122' title='bbox 1158 1974 1263 2038; x_wconf 48' lang='lat' dir='ltr'><strong>sicut.</strong></span> 
     </span>
     <span class='ocr_line' id='line_1_14' title="bbox 59 2072 1238 2162; baseline 0.001 -22"><span class='ocrx_word' id='word_1_123' title='bbox 59 2080 93 2140; x_wconf 91' lang='lat' dir='ltr'><strong>te</strong></span> <span class='ocrx_word' id='word_1_124' title='bbox 115 2078 366 2162; x_wconf 76' lang='lat' dir='ltr'><strong>interrogavero,</strong></span> <span class='ocrx_word' id='word_1_125' title='bbox 399 2077 445 2142; x_wconf 91' lang='lat' dir='ltr'><strong>sic</strong></span> <span class='ocrx_word' id='word_1_126' title='bbox 468 2081 500 2142; x_wconf 92' lang='lat' dir='ltr'><strong>et</strong></span> <span class='ocrx_word' id='word_1_127' title='bbox 522 2072 705 2141; x_wconf 89' lang='lat' dir='ltr'><strong>manifestes</strong></span> <span class='ocrx_word' id='word_1_128' title='bbox 731 2077 819 2141; x_wconf 90' lang='lat' dir='ltr'><strong>mihi.</strong></span> <span class='ocrx_word' id='word_1_129' title='bbox 866 2075 954 2141; x_wconf 88' lang='lat' dir='ltr'><strong>Sicut</strong></span> <span class='ocrx_word' id='word_1_130' title='bbox 976 2077 1033 2155; x_wconf 86' lang='lat' dir='ltr'><strong>vis,</strong></span> <span class='ocrx_word' id='word_1_131' title='bbox 1056 2077 1168 2161; x_wconf 85' lang='lat' dir='ltr'><strong>inquit,</strong></span> <span class='ocrx_word' id='word_1_132' title='bbox 1193 2077 1238 2142; x_wconf 91' lang='lat' dir='ltr'><strong>sic</strong></span> 
     </span>
     <span class='ocr_line' id='line_1_15' title="bbox 58 2181 1041 2266; baseline 0 -21"><span class='ocrx_word' id='word_1_133' title='bbox 58 2181 119 2246; x_wconf 91' lang='lat' dir='ltr'><strong>tibi</strong></span> <span class='ocrx_word' id='word_1_134' title='bbox 142 2185 175 2245; x_wconf 89' lang='lat' dir='ltr'><strong>et</strong></span> <span class='ocrx_word' id='word_1_135' title='bbox 196 2181 374 2266; x_wconf 82' lang='lat' dir='ltr'><strong>explanabo</strong></span> <span class='ocrx_word' id='word_1_136' title='bbox 397 2203 498 2266; x_wconf 87' lang='lat' dir='ltr'><strong>neque</strong></span> <span class='ocrx_word' id='word_1_137' title='bbox 521 2181 649 2246; x_wconf 91' lang='lat' dir='ltr'><strong>omnino</strong></span> <span class='ocrx_word' id='word_1_138' title='bbox 673 2182 845 2266; x_wconf 85' lang='lat' dir='ltr'><strong>quidquam</strong></span> <span class='ocrx_word' id='word_1_139' title='bbox 866 2186 899 2246; x_wconf 90' lang='lat' dir='ltr'><strong>te</strong></span> <span class='ocrx_word' id='word_1_140' title='bbox 922 2181 1041 2247; x_wconf 87' lang='lat' dir='ltr'><strong>celabo.</strong></span> 
     </span>
    </p>

    <p class='ocr_par' dir='ltr' id='par_1_3' title="bbox 58 2281 1278 3514">
     <span class='ocr_line' id='line_1_16' title="bbox 151 2281 1278 2370; baseline 0 -21"><span class='ocrx_word' id='word_1_141' title='bbox 151 2281 213 2350; x_wconf 80' lang='grc'><strong>12.</strong></span> <span class='ocrx_word' id='word_1_142' title='bbox 237 2287 378 2351; x_wconf 91' lang='lat' dir='ltr'><strong>Primum</strong></span> <span class='ocrx_word' id='word_1_143' title='bbox 394 2287 545 2364; x_wconf 85' lang='lat' dir='ltr'><strong>omnium,</strong></span> <span class='ocrx_word' id='word_1_144' title='bbox 562 2286 702 2370; x_wconf 82' lang='lat' dir='ltr'><strong>inquam,</strong></span> <span class='ocrx_word' id='word_1_145' title='bbox 720 2287 853 2364; x_wconf 85' lang='lat' dir='ltr'><strong>domine,</strong></span> <span class='ocrx_word' id='word_1_146' title='bbox 871 2286 931 2349; x_wconf 91' lang='lat' dir='ltr'><strong>hoc</strong></span> <span class='ocrx_word' id='word_1_147' title='bbox 946 2287 1026 2350; x_wconf 92' lang='lat' dir='ltr'><strong>mihi</strong></span> <span class='ocrx_word' id='word_1_148' title='bbox 1041 2287 1237 2351; x_wconf 87' lang='lat' dir='ltr'><strong>demonstra:</strong></span> <span class='ocrx_word' id='word_1_149' title='bbox 1254 2307 1278 2344; x_wconf 80' lang='lat' dir='ltr'><strong>n</strong></span> 
     </span>
     <span class='ocr_line' id='line_1_17' title="bbox 58 2390 1239 2475; baseline -0.001 -21"><span class='ocrx_word' id='word_1_150' title='bbox 58 2395 152 2475; x_wconf 88' lang='lat' dir='ltr'><strong>petra</strong></span> <span class='ocrx_word' id='word_1_151' title='bbox 175 2396 206 2454; x_wconf 89' lang='lat' dir='ltr'><strong>et</strong></span> <span class='ocrx_word' id='word_1_152' title='bbox 228 2395 322 2475; x_wconf 85' lang='lat' dir='ltr'><strong>porta</strong></span> <span class='ocrx_word' id='word_1_153' title='bbox 345 2392 415 2475; x_wconf 91' lang='lat' dir='ltr'><strong>quis</strong></span> <span class='ocrx_word' id='word_1_154' title='bbox 439 2395 507 2456; x_wconf 78' lang='lat' dir='ltr'><strong>est?</strong></span> <span class='ocrx_word' id='word_1_155' title='bbox 537 2391 634 2456; x_wconf 88' lang='lat' dir='ltr'><strong>Petra</strong></span> <span class='ocrx_word' id='word_1_156' title='bbox 656 2392 743 2468; x_wconf 83' lang='lat' dir='ltr'><strong>haec,</strong></span> <span class='ocrx_word' id='word_1_157' title='bbox 769 2391 887 2475; x_wconf 82' lang='lat' dir='ltr'><strong>inquit,</strong></span> <span class='ocrx_word' id='word_1_158' title='bbox 912 2395 944 2455; x_wconf 89' lang='lat' dir='ltr'><strong>et</strong></span> <span class='ocrx_word' id='word_1_159' title='bbox 966 2396 1061 2475; x_wconf 89' lang='lat' dir='ltr'><strong>porta</strong></span> <span class='ocrx_word' id='word_1_160' title='bbox 1082 2391 1166 2455; x_wconf 91' lang='lat' dir='ltr'><strong>filins</strong></span> <span class='ocrx_word' id='word_1_161' title='bbox 1190 2390 1239 2454; x_wconf 92' lang='lat' dir='ltr'><strong>dei</strong></span> 
     </span>
     <span class='ocr_line' id='line_1_18' title="bbox 59 2495 1240 2581; baseline -0.001 -23"><span class='ocrx_word' id='word_1_162' title='bbox 59 2499 117 2559; x_wconf 90' lang='lat' dir='ltr'><strong>est.</strong></span> <span class='ocrx_word' id='word_1_163' title='bbox 166 2495 310 2573; x_wconf 86' lang='lat' dir='ltr'><strong>Quonam</strong></span> <span class='ocrx_word' id='word_1_164' title='bbox 332 2501 442 2581; x_wconf 80' lang='lat' dir='ltr'><strong>pacto,</strong></span> <span class='ocrx_word' id='word_1_165' title='bbox 467 2497 615 2580; x_wconf 85' lang='lat' dir='ltr'><strong>inquam,</strong></span> <span class='ocrx_word' id='word_1_166' title='bbox 645 2495 789 2572; x_wconf 82' lang='lat' dir='ltr'><strong>domine,</strong></span> <span class='ocrx_word' id='word_1_167' title='bbox 821 2499 914 2579; x_wconf 84' lang='lat' dir='ltr'><strong>petra</strong></span> <span class='ocrx_word' id='word_1_168' title='bbox 934 2498 1025 2559; x_wconf 82' lang='lat' dir='ltr'><strong>vetus</strong></span> <span class='ocrx_word' id='word_1_169' title='bbox 1048 2499 1114 2571; x_wconf 85' lang='lat' dir='ltr'><strong>est,</strong></span> <span class='ocrx_word' id='word_1_170' title='bbox 1145 2497 1240 2577; x_wconf 85' lang='lat' dir='ltr'><strong>porta</strong></span> 
     </span>
     <span class='ocr_line' id='line_1_19' title="bbox 59 2598 1239 2686; baseline -0.001 -23"><span class='ocrx_word' id='word_1_171' title='bbox 59 2604 166 2665; x_wconf 85' lang='lat' dir='ltr'><strong>autem</strong></span> <span class='ocrx_word' id='word_1_172' title='bbox 188 2605 293 2665; x_wconf 80' lang='lat' dir='ltr'><strong>nova?</strong></span> <span class='ocrx_word' id='word_1_173' title='bbox 316 2599 411 2679; x_wconf 85' lang='lat' dir='ltr'><strong>Audi,</strong></span> <span class='ocrx_word' id='word_1_174' title='bbox 436 2601 548 2686; x_wconf 85' lang='lat' dir='ltr'><strong>inquit,</strong></span> <span class='ocrx_word' id='word_1_175' title='bbox 573 2604 605 2665; x_wconf 91' lang='lat' dir='ltr'><strong>et</strong></span> <span class='ocrx_word' id='word_1_176' title='bbox 627 2600 787 2685; x_wconf 80' lang='lat' dir='ltr'><strong>intellege,</strong></span> <span class='ocrx_word' id='word_1_177' title='bbox 803 2600 964 2684; x_wconf 86' lang='lat' dir='ltr'><strong>insipiens.</strong></span> <span class='ocrx_word' id='word_1_178' title='bbox 1011 2600 1040 2663; x_wconf 82' lang='lat'><strong>2.</strong></span> <span class='ocrx_word' id='word_1_179' title='bbox 1064 2598 1166 2663; x_wconf 85' lang='lat' dir='ltr'><strong>Filius</strong></span> <span class='ocrx_word' id='word_1_180' title='bbox 1189 2599 1239 2662; x_wconf 93' lang='lat' dir='ltr'><strong>dei</strong></span> 
     </span>
     <span class='ocr_line' id='line_1_20' title="bbox 58 2703 1236 2789; baseline -0.003 -20"><span class='ocrx_word' id='word_1_181' title='bbox 58 2705 145 2768; x_wconf 91' lang='lat' dir='ltr'><strong>omni</strong></span> <span class='ocrx_word' id='word_1_182' title='bbox 168 2709 312 2769; x_wconf 87' lang='lat' dir='ltr'><strong>creatura</strong></span> <span class='ocrx_word' id='word_1_183' title='bbox 336 2706 403 2769; x_wconf 90' lang='lat' dir='ltr'><strong>eius</strong></span> <span class='ocrx_word' id='word_1_184' title='bbox 431 2705 591 2789; x_wconf 77' lang='lat' dir='ltr'><strong>antiquior</strong></span> <span class='ocrx_word' id='word_1_185' title='bbox 614 2708 677 2782; x_wconf 84' lang='lat' dir='ltr'><strong>est,</strong></span> <span class='ocrx_word' id='word_1_186' title='bbox 706 2705 752 2768; x_wconf 87' lang='lat' dir='ltr'><strong>ita</strong></span> <span class='ocrx_word' id='word_1_187' title='bbox 774 2708 810 2769; x_wconf 89' lang='lat' dir='ltr'><strong>nt</strong></span> <span class='ocrx_word' id='word_1_188' title='bbox 831 2705 916 2788; x_wconf 84' lang='lat' dir='ltr'><strong>patri</strong></span> <span class='ocrx_word' id='word_1_189' title='bbox 944 2703 1141 2768; x_wconf 86' lang='lat' dir='ltr'><strong>consiliarius</strong></span> <span class='ocrx_word' id='word_1_190' title='bbox 1163 2723 1236 2766; x_wconf 89' lang='lat' dir='ltr'><strong>eva·</strong></span> 
     </span>
     <span class='ocr_line' id='line_1_21' title="bbox 59 2808 1276 2894; baseline -0.002 -22"><span class='ocrx_word' id='word_1_191' title='bbox 59 2808 137 2872; x_wconf 87' lang='lat' dir='ltr'><strong>serit</strong></span> <span class='ocrx_word' id='word_1_192' title='bbox 159 2809 191 2873; x_wconf 92' lang='lat' dir='ltr'><strong>in</strong></span> <span class='ocrx_word' id='word_1_193' title='bbox 215 2809 377 2873; x_wconf 90' lang='lat' dir='ltr'><strong>condenda</strong></span> <span class='ocrx_word' id='word_1_194' title='bbox 400 2814 553 2874; x_wconf 89' lang='lat' dir='ltr'><strong>creatura.</strong></span> <span class='ocrx_word' id='word_1_195' title='bbox 601 2809 774 2894; x_wconf 87' lang='lat' dir='ltr'><strong>Propterea</strong></span> <span class='ocrx_word' id='word_1_196' title='bbox 796 2813 829 2874; x_wconf 87' lang='lat' dir='ltr'><strong>et</strong></span> <span class='ocrx_word' id='word_1_197' title='bbox 850 2813 940 2873; x_wconf 83' lang='lat' dir='ltr'><strong>vetus</strong></span> <span class='ocrx_word' id='word_1_198' title='bbox 955 2813 1012 2873; x_wconf 89' lang='lat' dir='ltr'><strong>est.</strong></span> <span class='ocrx_word' id='word_1_199' title='bbox 1059 2808 1158 2872; x_wconf 88' lang='lat' dir='ltr'><strong>Porta</strong></span> <span class='ocrx_word' id='word_1_200' title='bbox 1180 2830 1237 2871; x_wconf 92' lang='lat' dir='ltr'><strong>au·</strong></span> <span class='ocrx_word' id='word_1_201' title='bbox 1251 2831 1276 2869; x_wconf 78' lang='lat' dir='ltr'><strong>ro</strong></span> 
     </span>
     <span class='ocr_line' id='line_1_22' title="bbox 58 2912 1238 2998; baseline 0 -22"><span class='ocrx_word' id='word_1_202' title='bbox 58 2917 132 2989; x_wconf 75' lang='lat' dir='ltr'><strong>tem,</strong></span> <span class='ocrx_word' id='word_1_203' title='bbox 157 2913 300 2998; x_wconf 84' lang='lat' dir='ltr'><strong>inquam,</strong></span> <span class='ocrx_word' id='word_1_204' title='bbox 325 2914 465 2991; x_wconf 85' lang='lat' dir='ltr'><strong>domine,</strong></span> <span class='ocrx_word' id='word_1_205' title='bbox 498 2936 595 2998; x_wconf 89' lang='lat' dir='ltr'><strong>qnare</strong></span> <span class='ocrx_word' id='word_1_206' title='bbox 620 2936 704 2978; x_wconf 86' lang='lat' dir='ltr'><strong>nova</strong></span> <span class='ocrx_word' id='word_1_207' title='bbox 726 2917 795 2978; x_wconf 80' lang='lat' dir='ltr'><strong>est?</strong></span> <span class='ocrx_word' id='word_1_208' title='bbox 829 2915 858 2978; x_wconf 85' lang='lat'><strong>3.</strong></span> <span class='ocrx_word' id='word_1_209' title='bbox 885 2912 1041 2990; x_wconf 87' lang='lat' dir='ltr'><strong>Quoniam</strong></span> <span class='ocrx_word' id='word_1_210' title='bbox 1069 2912 1181 2996; x_wconf 76' lang='lat' dir='ltr'><strong>inquit,</strong></span> <span class='ocrx_word' id='word_1_211' title='bbox 1205 2912 1238 2976; x_wconf 93' lang='lat' dir='ltr'><strong>in</strong></span> 
     </span>
     <span class='ocr_line' id='line_1_23' title="bbox 60 3017 1239 3103; baseline -0.001 -22"><span class='ocrx_word' id='word_1_212' title='bbox 60 3017 170 3083; x_wconf 90' lang='lat' dir='ltr'><strong>diebus</strong></span> <span class='ocrx_word' id='word_1_213' title='bbox 187 3018 468 3083; x_wconf 91' lang='lat' dir='ltr'><strong>consummationis</strong></span> <span class='ocrx_word' id='word_1_214' title='bbox 483 3018 663 3083; x_wconf 84' lang='lat' dir='ltr'><strong>novissimis</strong></span> <span class='ocrx_word' id='word_1_215' title='bbox 680 3019 836 3103; x_wconf 84' lang='lat' dir='ltr'><strong>apparuit,</strong></span> <span class='ocrx_word' id='word_1_216' title='bbox 861 3023 1029 3103; x_wconf 89' lang='lat' dir='ltr'><strong>propterea</strong></span> <span class='ocrx_word' id='word_1_217' title='bbox 1048 3021 1143 3102; x_wconf 91' lang='lat' dir='ltr'><strong>porta</strong></span> <span class='ocrx_word' id='word_1_218' title='bbox 1157 3038 1239 3081; x_wconf 83' lang='lat' dir='ltr'><strong>nova</strong></span> 
     </span>
     <span class='ocr_line' id='line_1_24' title="bbox 59 3121 1238 3208; baseline -0.001 -23"><span class='ocrx_word' id='word_1_219' title='bbox 59 3121 146 3187; x_wconf 86' lang='lat' dir='ltr'><strong>facta</strong></span> <span class='ocrx_word' id='word_1_220' title='bbox 169 3127 226 3200; x_wconf 77' lang='lat' dir='ltr'><strong>est,</strong></span> <span class='ocrx_word' id='word_1_221' title='bbox 251 3128 287 3187; x_wconf 86' lang='lat' dir='ltr'><strong>ut</strong></span> <span class='ocrx_word' id='word_1_222' title='bbox 307 3123 347 3201; x_wconf 85' lang='lat' dir='ltr'><strong>ii,</strong></span> <span class='ocrx_word' id='word_1_223' title='bbox 380 3124 435 3208; x_wconf 90' lang='lat' dir='ltr'><strong>qui</strong></span> <span class='ocrx_word' id='word_1_224' title='bbox 458 3124 632 3189; x_wconf 90' lang='lat' dir='ltr'><strong>assecuturi</strong></span> <span class='ocrx_word' id='word_1_225' title='bbox 663 3128 738 3187; x_wconf 87' lang='lat' dir='ltr'><strong>sunt</strong></span> <span class='ocrx_word' id='word_1_226' title='bbox 760 3122 911 3199; x_wconf 81' lang='lat' dir='ltr'><strong>salutem,</strong></span> <span class='ocrx_word' id='word_1_227' title='bbox 941 3143 999 3205; x_wconf 88' lang='lat' dir='ltr'><strong>per</strong></span> <span class='ocrx_word' id='word_1_228' title='bbox 1021 3143 1090 3185; x_wconf 90' lang='lat' dir='ltr'><strong>eam</strong></span> <span class='ocrx_word' id='word_1_229' title='bbox 1113 3128 1238 3186; x_wconf 79' lang='lat' dir='ltr'><strong>intrent</strong></span> 
     </span>
     <span class='ocr_line' id='line_1_25' title="bbox 60 3227 1238 3311; baseline -0.001 -21"><span class='ocrx_word' id='word_1_230' title='bbox 60 3232 95 3290; x_wconf 82' lang='lat' dir='ltr'><strong>in</strong></span> <span class='ocrx_word' id='word_1_231' title='bbox 117 3247 255 3308; x_wconf 69' lang='lat' dir='ltr'><strong>requam</strong></span> <span class='ocrx_word' id='word_1_232' title='bbox 277 3229 341 3292; x_wconf 78' lang='lat' dir='ltr'><strong>det.</strong></span> <span class='ocrx_word' id='word_1_233' title='bbox 388 3230 416 3292; x_wconf 77' lang='lat'><strong>4.</strong></span> <span class='ocrx_word' id='word_1_234' title='bbox 441 3228 614 3305; x_wconf 83' lang='lat' dir='ltr'><strong>Vidistine,</strong></span> <span class='ocrx_word' id='word_1_235' title='bbox 642 3228 758 3311; x_wconf 83' lang='lat' dir='ltr'><strong>inquit,</strong></span> <span class='ocrx_word' id='word_1_236' title='bbox 786 3227 926 3310; x_wconf 86' lang='lat' dir='ltr'><strong>lapides,</strong></span> <span class='ocrx_word' id='word_1_237' title='bbox 956 3227 1011 3310; x_wconf 90' lang='lat' dir='ltr'><strong>qui</strong></span> <span class='ocrx_word' id='word_1_238' title='bbox 1032 3247 1090 3310; x_wconf 89' lang='lat' dir='ltr'><strong>per</strong></span> <span class='ocrx_word' id='word_1_239' title='bbox 1111 3230 1238 3309; x_wconf 84' lang='lat' dir='ltr'><strong>portam</strong></span> 
     </span>
     <span class='ocr_line' id='line_1_26' title="bbox 58 3329 1276 3414; baseline -0.003 -21"><span class='ocrx_word' id='word_1_240' title='bbox 58 3329 272 3407; x_wconf 79' lang='lat' dir='ltr'><strong>intraverunt,</strong></span> <span class='ocrx_word' id='word_1_241' title='bbox 303 3333 336 3396; x_wconf 92' lang='lat' dir='ltr'><strong>in</strong></span> <span class='ocrx_word' id='word_1_242' title='bbox 359 3337 518 3397; x_wconf 89' lang='lat' dir='ltr'><strong>structura</strong></span> <span class='ocrx_word' id='word_1_243' title='bbox 539 3330 637 3395; x_wconf 88' lang='lat' dir='ltr'><strong>turris</strong></span> <span class='ocrx_word' id='word_1_244' title='bbox 660 3331 831 3396; x_wconf 90' lang='lat' dir='ltr'><strong>collocatos</strong></span> <span class='ocrx_word' id='word_1_245' title='bbox 855 3352 935 3410; x_wconf 79' lang='lat' dir='ltr'><strong>esse,</strong></span> <span class='ocrx_word' id='word_1_246' title='bbox 960 3352 1014 3394; x_wconf 88' lang='lat' dir='ltr'><strong>eos</strong></span> <span class='ocrx_word' id='word_1_247' title='bbox 1037 3335 1157 3406; x_wconf 81' lang='lat' dir='ltr'><strong>autem,</strong></span> <span class='ocrx_word' id='word_1_248' title='bbox 1182 3329 1276 3414; x_wconf 76' lang='lat' dir='ltr'><strong>quiae</strong></span> 
     </span>
     <span class='ocr_line' id='line_1_27' title="bbox 59 3434 1235 3514; baseline 0 -16"><span class='ocrx_word' id='word_1_249' title='bbox 59 3455 122 3498; x_wconf 92' lang='lat' dir='ltr'><strong>non</strong></span> <span class='ocrx_word' id='word_1_250' title='bbox 143 3435 349 3514; x_wconf 79' lang='lat' dir='ltr'><strong>intraverunt,</strong></span> <span class='ocrx_word' id='word_1_251' title='bbox 372 3438 488 3502; x_wconf 83' lang='lat' dir='ltr'><strong>iterum</strong></span> <span class='ocrx_word' id='word_1_252' title='bbox 510 3436 544 3500; x_wconf 91' lang='lat' dir='ltr'><strong>in</strong></span> <span class='ocrx_word' id='word_1_253' title='bbox 566 3458 658 3500; x_wconf 90' lang='lat' dir='ltr'><strong>suum</strong></span> <span class='ocrx_word' id='word_1_254' title='bbox 680 3436 784 3501; x_wconf 93' lang='lat' dir='ltr'><strong>locum</strong></span> <span class='ocrx_word' id='word_1_255' title='bbox 800 3437 932 3500; x_wconf 90' lang='lat' dir='ltr'><strong>reiectos</strong></span> <span class='ocrx_word' id='word_1_256' title='bbox 954 3457 1032 3500; x_wconf 86' lang='lat' dir='ltr'><strong>csse.</strong></span> <span class='ocrx_word' id='word_1_257' title='bbox 1078 3434 1162 3510; x_wconf 85' lang='lat' dir='ltr'><strong>Vidi,</strong></span> <span class='ocrx_word' id='word_1_258' title='bbox 1185 3435 1235 3498; x_wconf 94' lang='lat' dir='ltr'><strong>in-</strong></span> 
     </span>
    </p>
   </div>
   <div class='ocr_carea' id='block_1_3' title="bbox 58 3585 1236 3740">
    <p class='ocr_par' dir='ltr' id='par_1_4' title="bbox 58 3585 1236 3740">
     <span class='ocr_line' id='line_1_28' title="bbox 129 3585 1236 3652; baseline 0.001 -13"><span class='ocrx_word' id='word_1_259' title='bbox 129 3585 163 3640; x_wconf 86' lang='lat'><strong>20</strong></span> <span class='ocrx_word' id='word_1_260' title='bbox 180 3585 260 3641; x_wconf 84' lang='lat' dir='ltr'><strong>Pror.</strong></span> <span class='ocrx_word' id='word_1_261' title='bbox 279 3587 304 3652; x_wconf 83' lang='lat'><strong>8,</strong></span> <span class='ocrx_word' id='word_1_262' title='bbox 322 3587 434 3643; x_wconf 79' lang='lat'><strong>27-30.</strong></span> <span class='ocrx_word' id='word_1_263' title='bbox 460 3620 496 3629; x_wconf 89' lang='lat'><em>-</em></span> <span class='ocrx_word' id='word_1_264' title='bbox 522 3588 557 3642; x_wconf 82' lang='lat'><strong>24</strong></span> <span class='ocrx_word' id='word_1_265' title='bbox 574 3587 669 3641; x_wconf 86' lang='lat' dir='ltr'><strong>Ioann.</strong></span> <span class='ocrx_word' id='word_1_266' title='bbox 688 3587 748 3650; x_wconf 82' lang='lat'><strong>3‚5</strong></span> <span class='ocrx_word' id='word_1_267' title='bbox 773 3588 809 3640; x_wconf 86' lang='lat' dir='ltr'><strong>cf.</strong></span> <span class='ocrx_word' id='word_1_268' title='bbox 829 3587 915 3641; x_wconf 87' lang='lat' dir='ltr'><strong>Marc.</strong></span> <span class='ocrx_word' id='word_1_269' title='bbox 936 3588 961 3651; x_wconf 85' lang='lat'><strong>9,</strong></span> <span class='ocrx_word' id='word_1_270' title='bbox 982 3590 1029 3649; x_wconf 85' lang='grc'><strong>47;</strong></span> <span class='ocrx_word' id='word_1_271' title='bbox 1055 3588 1094 3651; x_wconf 85' lang='grc'>10,</span> <span class='ocrx_word' id='word_1_272' title='bbox 1118 3586 1236 3647; x_wconf 73' lang='grc'>23-25,</span> 
     </span>
     <span class='ocr_line' id='line_1_29' title="bbox 58 3671 470 3740; baseline 0.007 -15"><span class='ocrx_word' id='word_1_273' title='bbox 58 3671 159 3727; x_wconf 85' lang='lat' dir='ltr'><strong>Mattb.</strong></span> <span class='ocrx_word' id='word_1_274' title='bbox 174 3674 197 3736; x_wconf 85' lang='lat'><strong>5,</strong></span> <span class='ocrx_word' id='word_1_275' title='bbox 211 3673 259 3737; x_wconf 82' lang='lat'><strong>20;</strong></span> <span class='ocrx_word' id='word_1_276' title='bbox 278 3677 301 3739; x_wconf 79' lang='lat'><strong>7,</strong></span> <span class='ocrx_word' id='word_1_277' title='bbox 321 3676 371 3738; x_wconf 76' lang='lat'><strong>21;</strong></span> <span class='ocrx_word' id='word_1_278' title='bbox 392 3675 431 3740; x_wconf 85' lang='lat'><strong>18,</strong></span> <span class='ocrx_word' id='word_1_279' title='bbox 445 3676 470 3729; x_wconf 84' lang='lat'><strong>3.</strong></span> 
     </span>
    </p>
   </div>
   <div class='ocr_carea' id='block_1_4' title="bbox 57 3807 1237 4581">
    <p class='ocr_par' dir='ltr' id='par_1_5' title="bbox 57 3807 1237 4148">
     <span class='ocr_line' id='line_1_30' title="bbox 57 3807 1237 3884; baseline -0.003 -19"><span class='ocrx_word' id='word_1_280' title='bbox 57 3814 246 3868; x_wconf 86' lang='lat' dir='ltr'><strong>monumentis</strong></span> <span class='ocrx_word' id='word_1_281' title='bbox 279 3814 408 3870; x_wconf 83' lang='lat' dir='ltr'><strong>Christus</strong></span> <span class='ocrx_word' id='word_1_282' title='bbox 438 3831 523 3884; x_wconf 88' lang='lat' dir='ltr'><strong>saepe</strong></span> <span class='ocrx_word' id='word_1_283' title='bbox 552 3811 703 3884; x_wconf 73' lang='lat' dir='ltr'><strong>petra⁵ct</strong></span> <span class='ocrx_word' id='word_1_284' title='bbox 723 3810 807 3865; x_wconf 85' lang='lat' dir='ltr'><strong>Hebr.</strong></span> <span class='ocrx_word' id='word_1_285' title='bbox 828 3813 849 3873; x_wconf 91' lang='lat' dir='ltr'><strong>l,</strong></span> <span class='ocrx_word' id='word_1_286' title='bbox 872 3813 893 3866; x_wconf 94' lang='lat'><strong>1.</strong></span> <span class='ocrx_word' id='word_1_287' title='bbox 913 3812 944 3872; x_wconf 78' lang='lat'><strong>23</strong></span> <span class='ocrx_word' id='word_1_288' title='bbox 970 3810 1076 3867; x_wconf 87' lang='lat' dir='ltr'><strong>IPetr.</strong></span> <span class='ocrx_word' id='word_1_289' title='bbox 1095 3812 1118 3875; x_wconf 90' lang='lat'><strong>1,</strong></span> <span class='ocrx_word' id='word_1_290' title='bbox 1137 3809 1184 3870; x_wconf 81' lang='lat'><strong>20;</strong></span> <span class='ocrx_word' id='word_1_291' title='bbox 1209 3807 1237 3861; x_wconf 94' lang='lat' dir='ltr'><strong>lI</strong></span> 
     </span>
     <span class='ocr_line' id='line_1_31' title="bbox 58 3866 1235 3979; baseline -0.003 -28"><span class='ocrx_word' id='word_1_292' title='bbox 58 3905 296 3968; x_wconf 87' lang='lat' dir='ltr'><strong>repraesentatur.</strong></span> <span class='ocrx_word' id='word_1_293' title='bbox 316 3933 349 3942; x_wconf 95' lang='lat'>—</span> <span class='ocrx_word' id='word_1_294' title='bbox 367 3902 448 3973; x_wconf 80' lang='grc' dir='ltr'><strong><em>πύλη]</em></strong></span> <span class='ocrx_word' id='word_1_295' title='bbox 475 3902 518 3956; x_wconf 80' lang='lat' dir='ltr'><strong>Cf.</strong></span> <span class='ocrx_word' id='word_1_296' title='bbox 536 3903 632 3956; x_wconf 89' lang='lat' dir='ltr'><strong>Ioann.</strong></span> <span class='ocrx_word' id='word_1_297' title='bbox 646 3866 649 3979; x_wconf 70' lang='lat' dir='ltr'><strong>l</strong></span> <span class='ocrx_word' id='word_1_298' title='bbox 661 3901 747 3955; x_wconf 85' lang='lat' dir='ltr'><strong>Olom.</strong></span> <span class='ocrx_word' id='word_1_299' title='bbox 769 3902 808 3964; x_wconf 82' lang='lat'><strong>14,</strong></span> <span class='ocrx_word' id='word_1_300' title='bbox 828 3900 858 3961; x_wconf 81' lang='lat'><strong>2;</strong></span> <span class='ocrx_word' id='word_1_301' title='bbox 877 3897 937 3968; x_wconf 81' lang='lat' dir='ltr'><strong>Igu.</strong></span> <span class='ocrx_word' id='word_1_302' title='bbox 957 3897 1053 3969; x_wconf 79' lang='lat' dir='ltr'><strong>Magn.</strong></span> <span class='ocrx_word' id='word_1_303' title='bbox 1071 3898 1096 3963; x_wconf 84' lang='grc'>6,</span> <span class='ocrx_word' id='word_1_304' title='bbox 1117 3898 1146 3961; x_wconf 88' lang='lat'><strong>1;</strong></span> <span class='ocrx_word' id='word_1_305' title='bbox 1165 3895 1235 3950; x_wconf 91' lang='lat' dir='ltr'><strong>lren.</strong></span> 
     </span>
     <span class='ocr_line' id='line_1_32' title="bbox 60 3984 1236 4053; baseline -0.003 -11"><span class='ocrx_word' id='word_1_306' title='bbox 60 3988 466 4053; x_wconf 73' lang='lat' dir='ltr'><strong>10‚7.9;1010m.48‚4n0a</strong></span> <span class='ocrx_word' id='word_1_307' title='bbox 486 3990 634 4047; x_wconf 76' lang='grc' dir='ltr'><strong><em>-παλαιά</em></strong></span> <span class='ocrx_word' id='word_1_308' title='bbox 660 3987 784 4051; x_wconf 83' lang='lat'><strong>1,10‚3.</strong></span> <span class='ocrx_word' id='word_1_309' title='bbox 824 3984 901 4040; x_wconf 85' lang='lat' dir='ltr'><strong>Dicit</strong></span> <span class='ocrx_word' id='word_1_310' title='bbox 926 3986 1034 4040; x_wconf 86' lang='lat' dir='ltr'><strong>Michas</strong></span> <span class='ocrx_word' id='word_1_311' title='bbox 1061 3987 1091 4049; x_wconf 89' lang='grc'><strong>4,</strong></span> <span class='ocrx_word' id='word_1_312' title='bbox 1119 3986 1148 4040; x_wconf 93' lang='lat' dir='ltr'><strong>l:</strong></span> <span class='ocrx_word' id='word_1_313' title='bbox 1180 3986 1236 4041; x_wconf 78' lang='lat' dir='ltr'><strong>Kal</strong></span> 
     </span>
     <span class='ocr_line' id='line_1_33' title="bbox 59 4067 1236 4148; baseline -0.001 -20"><span class='ocrx_word' id='word_1_314' title='bbox 59 4116 83 4128; x_wconf 92' lang='lat'><strong>..</strong></span> <span class='ocrx_word' id='word_1_315' title='bbox 102 4077 191 4148; x_wconf 73' lang='grc' dir='ltr'><strong><em>καινή]</em></strong></span> <span class='ocrx_word' id='word_1_316' title='bbox 211 4077 252 4131; x_wconf 81' lang='lat' dir='ltr'><strong>cf.</strong></span> <span class='ocrx_word' id='word_1_317' title='bbox 271 4074 371 4147; x_wconf 80' lang='lat' dir='ltr'><strong>Diogn.</strong></span> <span class='ocrx_word' id='word_1_318' title='bbox 392 4079 433 4141; x_wconf 89' lang='grc'>11,</span> <span class='ocrx_word' id='word_1_319' title='bbox 451 4077 476 4130; x_wconf 87' lang='grc'><strong>4.</strong></span> <span class='ocrx_word' id='word_1_320' title='bbox 660 4071 736 4133; x_wconf 76' lang='grc' dir='ltr'><strong><em>ἔσται</em></strong></span> <span class='ocrx_word' id='word_1_321' title='bbox 763 4072 807 4131; x_wconf 78' lang='grc' dir='ltr'><strong>ἐπ’</strong></span> <span class='ocrx_word' id='word_1_322' title='bbox 833 4071 957 4144; x_wconf 79' lang='grc' dir='ltr'><strong><em>ἐσχάτων</em></strong></span> <span class='ocrx_word' id='word_1_323' title='bbox 983 4080 1041 4129; x_wconf 84' lang='grc' dir='ltr'><strong>τῶν</strong></span> <span class='ocrx_word' id='word_1_324' title='bbox 1062 4075 1173 4145; x_wconf 69' lang='grc' dir='ltr'><em>ἡμερῶν</em></span> <span class='ocrx_word' id='word_1_325' title='bbox 1190 4067 1236 4139; x_wconf 75' lang='grc' dir='ltr'><strong>ἐμ·</strong></span> 
     </span>
    </p>

    <p class='ocr_par' dir='ltr' id='par_1_6' title="bbox 57 4154 1236 4581">
     <span class='ocr_line' id='line_1_34' title="bbox 94 4154 1235 4236; baseline -0.005 -18"><span class='ocrx_word' id='word_1_326' title='bbox 94 4166 117 4218; x_wconf 82' lang='grc'><strong>2.</strong></span> <span class='ocrx_word' id='word_1_327' title='bbox 136 4162 633 4236; x_wconf 71' lang='grc' dir='ltr'><strong>αὐτοῦ]εο.Ι)εἱ.-προγενὲστερος]</strong></span> <span class='ocrx_word' id='word_1_328' title='bbox 660 4160 746 4233; x_wconf 64' lang='lat' dir='ltr'><strong>pavle</strong></span> <span class='ocrx_word' id='word_1_329' title='bbox 774 4161 807 4217; x_wconf 83' lang='lat' dir='ltr'><strong>td</strong></span> <span class='ocrx_word' id='word_1_330' title='bbox 826 4157 893 4234; x_wconf 80' lang='grc' dir='ltr'><em>ὄρος</em></span> <span class='ocrx_word' id='word_1_331' title='bbox 919 4163 1032 4234; x_wconf 81' lang='grc' dir='ltr'>κυρίου,</span> <span class='ocrx_word' id='word_1_332' title='bbox 1060 4154 1235 4228; x_wconf 68' lang='lat' dir='ltr'><strong>&amp;cracadal</strong></span> 
     </span>
     <span class='ocr_line' id='line_1_35' title="bbox 58 4248 1235 4323; baseline -0.001 -19"><span class='ocrx_word' id='word_1_333' title='bbox 58 4249 101 4307; x_wconf 86' lang='lat' dir='ltr'><strong>cf.</strong></span> <span class='ocrx_word' id='word_1_334' title='bbox 129 4251 194 4305; x_wconf 85' lang='lat' dir='ltr'><strong>Sim</strong></span> <span class='ocrx_word' id='word_1_335' title='bbox 212 4251 252 4315; x_wconf 79' lang='lat' dir='ltr'><strong>V,</strong></span> <span class='ocrx_word' id='word_1_336' title='bbox 270 4252 299 4316; x_wconf 90' lang='grc'><strong>6,</strong></span> <span class='ocrx_word' id='word_1_337' title='bbox 320 4253 350 4314; x_wconf 86' lang='grc'><strong>5;</strong></span> <span class='ocrx_word' id='word_1_338' title='bbox 379 4251 473 4305; x_wconf 81' lang='lat' dir='ltr'><strong>loann</strong></span> <span class='ocrx_word' id='word_1_339' title='bbox 495 4254 516 4315; x_wconf 88' lang='lat'><strong>1,</strong></span> <span class='ocrx_word' id='word_1_340' title='bbox 537 4254 549 4306; x_wconf 94' lang='grc'>1</span> <span class='ocrx_word' id='word_1_341' title='bbox 571 4267 632 4318; x_wconf 86' lang='lat' dir='ltr'><strong>sqq.</strong></span> <span class='ocrx_word' id='word_1_342' title='bbox 660 4250 710 4317; x_wconf 83' lang='grc' dir='ltr'><strong>τὰς</strong></span> <span class='ocrx_word' id='word_1_343' title='bbox 726 4251 852 4323; x_wconf 81' lang='grc' dir='ltr'><strong><em>κορυφὰς</em></strong></span> <span class='ocrx_word' id='word_1_344' title='bbox 870 4256 927 4306; x_wconf 80' lang='grc' dir='ltr'><strong>τῶν</strong></span> <span class='ocrx_word' id='word_1_345' title='bbox 946 4248 1047 4321; x_wconf 74' lang='grc' dir='ltr'>ὀρέων,</span> <span class='ocrx_word' id='word_1_346' title='bbox 1070 4251 1116 4305; x_wconf 76' lang='grc' dir='ltr'><strong>καὶ</strong></span> <span class='ocrx_word' id='word_1_347' title='bbox 1133 4265 1235 4316; x_wconf 66' lang='lat' dir='ltr'><strong>aetam</strong></span> 
     </span>
     <span class='ocr_line' id='line_1_36' title="bbox 59 4334 1236 4413; baseline -0.003 -21"><span class='ocrx_word' id='word_1_348' title='bbox 59 4337 116 4392; x_wconf 82' lang='lat' dir='ltr'><strong>Col.</strong></span> <span class='ocrx_word' id='word_1_349' title='bbox 137 4340 160 4401; x_wconf 89' lang='lat'><strong>1,</strong></span> <span class='ocrx_word' id='word_1_350' title='bbox 182 4341 227 4394; x_wconf 82' lang='lat'><strong>15:</strong></span> <span class='ocrx_word' id='word_1_351' title='bbox 256 4341 438 4413; x_wconf 79' lang='grc' dir='ltr'><strong><em>πρωτότοκος</em></strong></span> <span class='ocrx_word' id='word_1_352' title='bbox 463 4338 552 4409; x_wconf 80' lang='grc' dir='ltr'><strong><em>πάσης</em></strong></span> <span class='ocrx_word' id='word_1_353' title='bbox 578 4341 633 4395; x_wconf 83' lang='grc' dir='ltr'><strong><em>κτί-</em></strong></span> <span class='ocrx_word' id='word_1_354' title='bbox 659 4341 822 4410; x_wconf 60' lang='lat' dir='ltr'><strong>protolaretur</strong></span> <span class='ocrx_word' id='word_1_355' title='bbox 834 4334 963 4410; x_wconf 76' lang='grc' dir='ltr'><strong><em>ὑπεράνω</em></strong></span> <span class='ocrx_word' id='word_1_356' title='bbox 982 4344 1038 4393; x_wconf 78' lang='grc' dir='ltr'><strong>τῶν</strong></span> <span class='ocrx_word' id='word_1_357' title='bbox 1048 4341 1172 4408; x_wconf 76' lang='grc' dir='ltr'><strong><em>βουνῶν·</em></strong></span> <span class='ocrx_word' id='word_1_358' title='bbox 1189 4337 1236 4390; x_wconf 76' lang='grc' dir='ltr'><strong>καὶ</strong></span> 
     </span>
     <span class='ocr_line' id='line_1_37' title="bbox 58 4421 1234 4499; baseline -0.008 -17"><span class='ocrx_word' id='word_1_359' title='bbox 58 4445 135 4493; x_wconf 83' lang='grc' dir='ltr'><strong><em>σεως.</em></strong></span> <span class='ocrx_word' id='word_1_360' title='bbox 156 4457 191 4466; x_wconf 92' lang='grc'>-</span> <span class='ocrx_word' id='word_1_361' title='bbox 207 4425 365 4499; x_wconf 79' lang='grc' dir='ltr'><strong><em>σύμβουλον</em></strong></span> <span class='ocrx_word' id='word_1_362' title='bbox 376 4425 446 4496; x_wconf 64' lang='grc' dir='ltr'><strong>κτλ]</strong></span> <span class='ocrx_word' id='word_1_363' title='bbox 466 4424 507 4480; x_wconf 83' lang='lat' dir='ltr'><strong>cf.</strong></span> <span class='ocrx_word' id='word_1_364' title='bbox 520 4424 586 4478; x_wconf 88' lang='lat' dir='ltr'><strong>Sim.</strong></span> <span class='ocrx_word' id='word_1_365' title='bbox 600 4423 632 4488; x_wconf 84' lang='lat' dir='ltr'><strong>V,</strong></span> <span class='ocrx_word' id='word_1_366' title='bbox 659 4423 825 4481; x_wconf 78' lang='grc' dir='ltr'><strong><em>σπεύσουσιν</em></strong></span> <span class='ocrx_word' id='word_1_367' title='bbox 842 4426 914 4497; x_wconf 79' lang='grc' dir='ltr'><strong><em>πρὸς</em></strong></span> <span class='ocrx_word' id='word_1_368' title='bbox 930 4423 999 4480; x_wconf 69' lang='grc' dir='ltr'><strong>αὐτὸ</strong></span> <span class='ocrx_word' id='word_1_369' title='bbox 1017 4425 1092 4485; x_wconf 78' lang='grc' dir='ltr'>λαοί,</span> <span class='ocrx_word' id='word_1_370' title='bbox 1112 4424 1141 4475; x_wconf 82' lang='lat' dir='ltr'><strong>et</strong></span> <span class='ocrx_word' id='word_1_371' title='bbox 1159 4421 1234 4474; x_wconf 86' lang='lat' dir='ltr'><strong>simi·</strong></span> 
     </span>
     <span class='ocr_line' id='line_1_38' title="bbox 57 4508 1233 4581; baseline -0.003 -15"><span class='ocrx_word' id='word_1_372' title='bbox 57 4512 82 4574; x_wconf 88' lang='grc'><strong>6,</strong></span> <span class='ocrx_word' id='word_1_373' title='bbox 102 4513 125 4566; x_wconf 83' lang='grc'><strong>5.</strong></span> <span class='ocrx_word' id='word_1_374' title='bbox 645 4510 725 4581; x_wconf 81' lang='lat' dir='ltr'><strong>¹liter</strong></span> <span class='ocrx_word' id='word_1_375' title='bbox 751 4510 857 4564; x_wconf 88' lang='lat' dir='ltr'><strong>Iesaias</strong></span> <span class='ocrx_word' id='word_1_376' title='bbox 880 4512 910 4575; x_wconf 82' lang='lat'><strong>2,</strong></span> <span class='ocrx_word' id='word_1_377' title='bbox 929 4512 954 4564; x_wconf 86' lang='lat'><strong>2.</strong></span> <span class='ocrx_word' id='word_1_378' title='bbox 999 4508 1104 4564; x_wconf 88' lang='lat' dir='ltr'><strong>Dubito</strong></span> <span class='ocrx_word' id='word_1_379' title='bbox 1132 4509 1233 4571; x_wconf 81' lang='lat' dir='ltr'><strong>autem,</strong></span> 
     </span>
    </p>
   </div>
   <div class='ocr_carea' id='block_1_5' title="bbox 93 4588 1182 4674">
    <p class='ocr_par' dir='ltr' id='par_1_7' title="bbox 93 4588 1182 4674">
     <span class='ocr_line' id='line_1_39' title="bbox 93 4588 1182 4674; baseline -0.006 -20"><span class='ocrx_word' id='word_1_380' title='bbox 93 4601 117 4654; x_wconf 82' lang='lat'><strong>3.</strong></span> <span class='ocrx_word' id='word_1_381' title='bbox 138 4598 180 4656; x_wconf 79' lang='grc' dir='ltr'><strong>ἐπ’</strong></span> <span class='ocrx_word' id='word_1_382' title='bbox 208 4597 333 4671; x_wconf 75' lang='grc' dir='ltr'><strong><em>ἐσχάτων</em></strong></span> <span class='ocrx_word' id='word_1_383' title='bbox 359 4600 404 4670; x_wconf 70' lang='lat' dir='ltr'><strong>tu.</strong></span> <span class='ocrx_word' id='word_1_384' title='bbox 431 4599 553 4674; x_wconf 80' lang='grc' dir='ltr'><strong><em>φανερὸς</em></strong></span> <span class='ocrx_word' id='word_1_385' title='bbox 580 4597 631 4671; x_wconf 61' lang='lat' dir='ltr'><strong>dp]</strong></span> <span class='ocrx_word' id='word_1_386' title='bbox 645 4588 648 4641; x_wconf 79' lang='lat' dir='ltr'><strong>l</strong></span> <span class='ocrx_word' id='word_1_387' title='bbox 660 4613 697 4651; x_wconf 83' lang='lat' dir='ltr'><strong>an</strong></span> <span class='ocrx_word' id='word_1_388' title='bbox 716 4598 834 4651; x_wconf 85' lang='lat' dir='ltr'><strong>Hermas</strong></span> <span class='ocrx_word' id='word_1_389' title='bbox 851 4596 904 4651; x_wconf 91' lang='lat' dir='ltr'><strong>hos</strong></span> <span class='ocrx_word' id='word_1_390' title='bbox 922 4598 999 4652; x_wconf 87' lang='lat' dir='ltr'><strong>locos</strong></span> <span class='ocrx_word' id='word_1_391' title='bbox 1017 4594 1182 4666; x_wconf 78' lang='lat' dir='ltr'><strong>respexerit</strong></span> 
     </span>
    </p>
   </div>
   <div class='ocr_carea' id='block_1_6' title="bbox 0 0 1422 5018">
    <p class='ocr_par' dir='ltr' id='par_1_8' title="bbox 0 0 1422 5018">
     <span class='ocr_line' id='line_1_40' title="bbox 0 0 1422 5018; baseline 0 0"><span class='ocrx_word' id='word_1_392' title='bbox 0 0 1422 5018; x_wconf 95' lang='lat' dir='ltr'><strong> </strong></span> 
     </span>
    </p>
   </div>
  </div>
 </body>
</html>
