2834 5018
194 310 256 375 106
659 305 671 357 1
691 301 894 358 ouuuuurrs

191 481 333 567 βραβεῖον
356 480 479 560 ἔδειξεν,
503 484 532 546 6.
557 480 684 554 ἑπτάκις
707 480 807 562 δεσμά
832 479 984 562 ρορέσας,
1009 480 1228 563 φυγαδευθείς,
1252 479 1364 546 litae·

192 587 271 665 θείς,
295 585 391 670 κῆρυξ
413 585 578 670 γενόμενος
601 586 633 649 ἔν
656 605 691 647 τε
713 593 751 667 τῆ
774 584 912 669 άνατολῆ
926 587 980 648 καί
1004 585 1036 648 ἐν
1060 594 1098 668 τῆ
1121 585 1216 661 δύσει,
1241 586 1276 646 τὸ
1299 605 1367 667 γεν-

192 700 277 755 ναῖον
305 700 359 775 τῆς
388 690 520 765 πίστεως
551 690 646 752 αὐτοῦ
675 687 767 764 κλέος
798 687 919 775 ἔλαβεν,
956 694 984 756 7.
1016 689 1213 773 δικαιοσύνην
1244 688 1368 765 διδάξας

191 795 265 860 ὅλον
288 799 341 859 τὸν
363 796 498 879 κόσμον,
530 796 584 856 καί
608 793 657 856 ἐπί
680 794 716 856 τὸ
745 792 842 876 τέρμα
864 803 917 878 τῆς
940 791 1058 867 δύσεως
1082 792 1187 858 ἐλθὼν
1214 795 1268 855 καί
1293 814 1368 876 μαρ-

164 899 325 983 ῡτυρῆσας
354 899 403 964 ἐπὶ
434 908 496 963 τῶν
525 898 723 982 ἡγουμένων,
755 903 853 974 ούτιυς
885 896 1053 982 ἀπηλλάγη
1080 907 1135 960 τοῦ
1164 896 1284 979 κόσμου
1316 899 1367 959 καί

191 1003 233 1077 εἰς
256 1005 309 1066 τὸν
332 1005 420 1087 ἅγιον
443 1002 537 1067 τόπον
561 1001 729 1087 ἐπορεύθη,
753 1003 909 1086 ὑπομονῆς
940 1001 1105 1084 γενόμενος
1129 1000 1272 1084 μέγιστος
1295 1002 1368 1065 ύπο-

192 1107 342 1190 κρυμός.

276 1213 333 1278 VI.
359 1210 489 1287 Τούτοις
504 1221 567 1287 τοῖς
590 1212 736 1295 ἀνδράσιν
753 1211 845 1286 ὁσίοις
861 1209 1134 1293 πολιτευσαμίνοις
1150 1211 1367 1295 συνηθροίσθη

193 1315 273 1378 πολὺ
296 1314 420 1398 πλῆθος
442 1315 616 1396 ἐκλεκτῶν,
649 1319 758 1393 οἵτινες
780 1315 911 1392 πολλαῖς
934 1315 1048 1389 αἰκίαις
1071 1318 1124 1378 καί
1149 1315 1295 1400 βασάνοις
1319 1316 1369 1378 διὰ

153 1438 178 1474 20
193 1419 286 1503 ζῆλος
314 1421 471 1495 saetae
501 1421 673 1506 ὑπόδειγμα
704 1420 873 1484 κάλλιστον
905 1420 1047 1506 ἐγίνοντο
1080 1420 1112 1483 ἐν
1135 1419 1217 1503 ἡμῖν.
1264 1423 1294 1485 2.
1318 1420 1368 1482 διὰ

192 1523 286 1609 ζῆλος
309 1525 493 1608 διωχθεῖσαι
521 1534 666 1608 γυναῖκες
689 1525 841 1601 Δαναΐδες
863 1527 917 1588 καί
941 1525 1067 1608 Δίρκαι,
1091 1525 1261 1607 αἰκίσματα
1284 1525 1368 1587 δεινά

261 1677 436 1754 ύίπσρεύθῆ
455 1680 506 1734 ΑΗ
519 1699 525 1733 :
539 1679 647 1756 ἐπήρθη
665 1680 705 1733 LS
730 1680 735 1751 Ι
759 1678 907 1746 9πολ7αῐς
934 1679 1034 1746 αἰκίαις
1060 1702 1086 1736 κ.
1108 1687 1132 1754 β.
1161 1680 1232 1733 AHS
1246 1699 1252 1732 :
1265 1679 1369 1746 πολλὰς

191 1765 280 1833 αἰκίας
296 1771 342 1824 καί
360 1767 499 1841 βασάνους
516 1767 648 1837 LKnopf
661 1767 666 1836 ]
684 1770 713 1823 11
735 1766 867 1834 Δαναΐδες
883 1771 929 1823 καί
943 1771 1038 1840 Δίρκαι
1057 1769 1125 1842 (cleto
1144 1772 1191 1824 καὶ
1204 1769 1241 1837 Η)
1254 1767 1368 1821 AHLS:

195 1857 314 1922 κεανίδες
331 1854 471 1912 παιδίσκαι
490 1872 542 1909 σου
561 1854 757 1910 Wordsworth

193 2009 252 2046 esse
266 1992 395 2047 Clemens
412 1993 460 2046 hic
479 2011 535 2048 non
555 1994 692 2063 expressis
706 1994 766 2061 qui·
794 1991 892 2046 tulisse
911 2009 963 2046 nec
976 1992 1078 2047 Paulus
1091 1994 1152 2063 ipse
1171 1993 1200 2047 in
1213 1993 1238 2047 11
1252 1994 1314 2048 Cor.
1330 1994 1368 2056 11,

192 2081 263 2143 deru,
285 2080 334 2132 sed
352 2079 421 2134 satis
440 2080 596 2151 perspicuis
614 2080 707 2135 vorbis
727 2081 766 2134 di·
794 2078 828 2131 22
847 2095 907 2146 sqq.
926 2084 1024 2133 narrat
1047 2098 1099 2135 neo
1121 2081 1210 2134 Lucas
1234 2081 1264 2134 in
1283 2081 1369 2134 Actis.

193 2167 238 2219 cit.
276 2167 338 2220 Duo
366 2167 534 2236 praesertim
562 2169 767 2224 consideranda
794 2164 926 2220 Fortasse
959 2167 1086 2221 Clemens
1124 2184 1220 2222 vocem
1256 2165 1370 2233 ἑπτάκις

193 2258 265 2307 sunt.
302 2253 371 2308 Cum
389 2255 500 2318 Paulus,
520 2254 612 2310 altera
631 2257 766 2311 ecclesiae
795 2269 877 2305 sensu
896 2254 973 2307 vocis
991 2255 1124 2321 πολλάκις
1136 2255 1289 2323 usurpavit·
1327 2253 1368 2307 Cf-

194 2340 339 2402 eolunma,
368 2343 400 2394 ut
423 2357 505 2395 nemo
530 2347 633 2411 nogat,
661 2343 765 2398 Romae
779 2356 781 2397 l
794 2338 898 2402 Nestlo‚
919 2340 1096 2412 Philologica
1109 2358 1190 2394 sacra
1204 2341 1270 2396 1896
1283 2359 1310 2411 p.
1324 2342 1368 2402 24;

192 2429 312 2480 mortem
331 2427 456 2489 subierit.
475 2429 627 2484 verisimile
646 2436 696 2494 est,
715 2432 765 2485 Pe·
779 2402 781 2495 i
794 2428 950 2494 Zeitscluu'ft
973 2429 1022 2495 fitr
1040 2435 1150 2483 aeutest.
1174 2427 1370 2493 Wesenselrufl

192 2518 268 2568 trum
297 2531 314 2567 u
343 2513 485 2569 Clemente
516 2516 671 2572 Romano
702 2518 765 2573 ideo
794 2515 852 2567 αιιά
878 2515 921 2568 dic
939 2514 1041 2569 Kunde
1068 2516 1114 2569 des
1144 2516 1370 2569 Urclm‘slerrlums

194 2601 276 2654 simul
296 2618 358 2654 cum
371 2617 404 2655 eo
423 2602 599 2657 nominatum
610 2621 679 2668 esse,
699 2605 766 2672 quia
779 2622 782 2713 y
795 2599 837 2653 ed.
857 2602 1015 2654 Preuschen
1035 2603 1047 2654 l
1066 2602 1168 2670 (1900),
1191 2603 1248 2656 179-
1267 2631 1302 2639 ·-
1321 2621 1370 2670 ev·

193 2689 253 2755 ipse
271 2704 384 2755 quoque
403 2689 433 2742 in
450 2688 501 2743 illa
514 2692 583 2745 urbe
602 2693 765 2760 martyrium
779 2689 949 2777 jyoclevtlelc]
970 2688 1010 2742 Cf.
1024 2691 1086 2742 Act
1105 2687 1129 2750 9,
1148 2690 1190 2741 25.
1203 2688 1250 2749 30;
1271 2687 1310 2749 18,
1324 2687 1369 2748 50;

191 2792 290 2845 passus
319 2779 369 2829 est
406 2777 539 2840 Accedit,
568 2779 644 2846 quod
668 2774 1369 2857 auotor{14‚60t·0·311001··11233·-tt=9ss⁶9⁶¹'c]

192 2878 213 2916 c.
236 2864 252 2916 6
274 2864 309 2916 ‹lc
328 2862 551 2919 Christianorum
568 2867 782 2934 persecutione}
796 2860 837 2916 Cf.
856 2862 917 2915 Act.
940 2862 978 2922 14,
999 2863 1022 2913 5.
1043 2863 1081 2916 19.
1101 2861 1128 2915 ll
1146 2861 1208 2916 Cor.
1222 2863 1262 2921 11,
1283 2861 1323 2914 25.
1336 2892 1370 2900 -

190 2967 241 3018 per
248 2949 385 3003 Neronem
392 2950 498 3005 Romen
508 2951 661 3006 factasatis
669 2959 766 3022 aperto
779 2938 782 3049 ἰ
794 2947 888 3021 κῆρυξ]
909 2948 949 3002 of.
969 2948 981 3001 l
995 2948 1066 3001 Tim.
1079 2947 1103 3011 9,
1118 2951 1147 3011 7;
1167 2947 1193 3001 Π
1206 2948 1275 3001 Tim·
1292 2952 1314 3010 l,
1329 2950 1369 3001 ll·

193 3036 330 3103 loquitur,
351 3041 379 3090 et
398 3054 460 3090 curn
480 3038 533 3092 hoc
551 3037 705 3108 capitulum
725 3057 781 3103 ari
830 3037 853 3088 7.
874 3031 940 3091 illos
958 3035 1008 3091 τὸν
1025 3036 1133 3104 κόσμον
1144 3035 1214 3105 κτλ]
1236 3034 1317 3088 Hunc
1330 3036 1369 3088 lo-

190 3124 299 3177 tissime
319 3139 381 3177 eum
400 3124 584 3179 antecedente
608 3127 766 3191 cohaereat,
779 3106 781 3195 ]
795 3138 856 3174 oum
876 3125 975 3176 auctor
1001 3121 1140 3190 epistulae
1160 3121 1314 3176 Clementis
1334 3122 1370 3175 ad

192 3210 279 3263 etiam
297 3209 397 3265 Petrus
416 3210 522 3264 Romae
545 3212 697 3266 decessisse
715 3198 927 3282 puilacobum
953 3208 1084 3262 Homiliis
1110 3208 1263 3263 Clementis
1291 3225 1368 3279 prae-

191 3297 295 3349 tandus
315 3300 365 3350 est.
404 3296 481 3361 Quae
500 3297 542 3352 ita
560 3315 620 3352 esse
639 3303 667 3354 et
686 3301 765 3355 theo·
779 3266 781 3371 i
795 3296 866 3348 fixae
876 3296 1015 3365 respicere
1027 3296 1146 3349 videtur·
1165 3327 1200 3335 —
1220 3296 1309 3369 τέρμα
1323 3309 1369 3367 τῆς

190 3382 249 3452 logi
258 3384 452 3452 protestantes
459 3383 587 3453 plerique
600 3389 764 3455 agnoscunt.
779 3375 781 3405 ³
794 3383 906 3452 δύσεως]
926 3380 1102 3436 Vocabulum
1121 3382 1210 3458 τέρμα
1228 3384 1265 3436 ad
1284 3384 1368 3453 signi·

191 3469 324 3524 Harnack
343 3470 376 3522 ad
397 3469 424 3522 h.
443 3468 459 3521 l.
481 3470 561 3524 dicit:
590 3471 637 3525 Lis
656 3474 708 3526 sub
725 3472 764 3527 iu·
778 3478 781 3523 i
794 3468 935 3522 ficandum
954 3469 1036 3522 finem
1052 3471 1097 3523 vel
1120 3470 1272 3524 terminum
1292 3470 1368 3524 adhi-

190 3557 252 3611 dice
271 3557 362 3610 adhuc
389 3574 446 3611 non
472 3561 563 3618 esset,
592 3560 647 3613 nisi
676 3550 862 3614 critici'bent
874 3555 1034 3610 Herodotus
1046 3555 1105 3618 Vll,
1119 3558 1160 3617 54,
1179 3556 1368 3611 Philostratus

192 3642 296 3697 fabulis
333 3644 389 3697 illis
425 3644 684 3701 Pseudoclementis
721 3641 850 3700 vel‘Vit.
877 3641 968 3711 Apoll.
988 3643 1057 3705 v‚4
1086 3642 1139 3710 (ert
1171 3641 1369 3696 Westerrnunn

190 3730 393 3785 iudaizuntium
437 3730 662 3786 Christianorum
703 3733 765 3801 plus
795 3728 888 3799 1849),
908 3728 1043 3783 Eusebius
1063 3728 1118 3782 vit.
1139 3731 1285 3784 Constant
1306 3729 1326 3793 Ι,
1345 3731 1367 3789 8,

192 3835 277 3884 quani
286 3835 339 3887 par
353 3822 396 3872 est
409 3818 587 3872 auctoritatis
600 3818 765 3873 tribuerent.
794 3815 913 3884 Cyrillus
940 3815 1048 3870 Hieros.
1078 3816 1190 3871 Catech.
1220 3816 1275 3875 Vl,
1295 3820 1319 3870 2.
1339 3816 1368 3876 3;

192 3905 231 3959 Cf.
263 3906 384 3974 Τύσσίορ,
413 3905 624 3973 &mactatast
645 3905 710 3960 1877
738 3902 969 3987 μ.]Εμίρίιαυ1υσ
989 3901 1023 3955 H.
1042 3903 1076 3956 66
1095 3920 1117 3956 c.
1134 3905 1164 3965 1;
1183 3905 1217 3957 70
1237 3921 1258 3958 c.
1273 3906 1297 3957 4.
1318 3903 1368 3958 Oo-

193 3991 339 4046 659-665.
779 3990 935 4057 leidentem
954 3994 1048 4043 autem
1067 3990 1218 4044 tenninarc
1238 4009 1302 4044 cum
1321 3991 1368 4044 Hi·

226 4080 249 4130 5.
268 4079 408 4153 βραβεῖου]
428 4081 470 4133 Cf.
490 4080 576 4134 ICor.
589 4079 613 4142 9,
627 4079 674 4140 24;
693 4077 766 4132 Phil.
779 4076 781 4147 ξ
794 4076 894 4145 spania
918 4081 978 4129 tum
1005 4077 1096 4129 lberia
1120 4079 1164 4130 vel
1184 4077 1332 4131 Britannia
1353 4093 1369 4129 a

193 4166 216 4224 3,
238 4167 283 4225 14;
303 4165 384 4220 Mart.
404 4165 496 4235 Polyc.
519 4167 557 4230 17,
578 4168 600 4219 1.
779 4163 1127 4233 ῥιέίετίύυεμυίιιύιιυίυι.
1153 4164 1194 4221 Cf.
1205 4164 1367 4219 Philostrat.

226 4253 249 4305 6.
269 4249 384 4320 ἑπτάκις
394 4253 464 4322 κτλ]
484 4252 594 4323 Septies
608 4268 637 4305 se
655 4250 767 4331 uincula
794 4251 811 4303 l.
833 4267 869 4311 o.;
890 4249 990 4304 Strabo
1010 4250 1041 4311 11,
1063 4252 1085 4304 1.
1104 4253 1136 4305 4;
1156 4252 1232 4315 ssus
1251 4253 1304 4320 (ed.
1319 4252 1367 4306 Ca·
