2834 5018
118 307 191 374 cv1
563 302 846 359 Paomeoumm.

118 482 368 547 excalceatorum
403 481 629 546 Parisiensium
660 480 755 545 aliam
786 482 961 546 versionem
994 481 1087 558 vidit,
1120 504 1200 564 quae
1233 504 1296 546 non

118 587 282 672 publicata
303 592 352 651 est
370 585 390 650 ¹.
435 585 616 650 Editionem
648 586 935 650 emendatissimam
962 587 1088 670 paravit
1110 586 1170 651 Th.
1194 586 1294 652 Zahn.

117 691 230 756 Versio
262 695 368 756 autem
400 692 440 755 ad
471 694 595 755 textum
624 710 773 774 graecum
804 691 1032 757 restituendum
1061 713 1173 773 parum
1200 692 1294 756 valet.

117 797 278 880 Interpres
301 796 393 874 enim,
418 794 480 859 nisi
502 795 585 859 forte
615 794 711 858 aliam
732 799 838 859 textus
860 795 1073 860 recensionem
1095 795 1222 873 habuit,
1254 796 1295 859 li·

117 903 251 967 berrime
273 902 384 979 vertit,
417 901 511 965 modo
534 901 698 976 omittens,
732 900 825 963 modo
848 900 981 976 addens,
1015 903 1047 963 et
1069 921 1163 984 saepe
1191 901 1296 985 magis

117 1005 333 1090 metaphrasin
356 1027 453 1090 quam
474 1005 649 1068 versionem
671 1002 833 1067 exhibens.

204 1108 335 1174 Codices
359 1110 466 1193 graeci
488 1110 520 1172 in
544 1110 622 1173 duas
651 1107 791 1172 familias
815 1109 1011 1189 dividuntur,
1042 1130 1177 1192 quarum
1199 1131 1297 1173 uuam

116 1216 138 1280 b
163 1214 256 1295 (saec.
274 1211 541 1296 X1)h(saec.X)
564 1236 585 1297 p
611 1212 704 1293 (saec.
726 1211 769 1295 X)
792 1235 812 1276 v
835 1210 929 1295 (saec.
953 1210 1117 1293 XI—XH)
1142 1211 1295 1289 efficiunt,

118 1319 251 1383 alteram
273 1341 306 1382 m
338 1317 431 1398 (saec.
448 1315 550 1397 XIII).
596 1314 649 1379 Ad
671 1315 729 1379 hos
758 1315 857 1381 libros
886 1316 1006 1380 accedit
1027 1316 1171 1380 Historia
1193 1317 1296 1381 eccle·

117 1423 244 1487 siastica
276 1423 425 1500 Eusebii,
463 1442 595 1506 cumque
626 1421 679 1485 hic
710 1420 751 1484 sit
782 1422 872 1485 testis
902 1421 1157 1504 antiquissimus,
1190 1420 1295 1497 lecti0‚

118 1551 213 1612 quam
236 1550 307 1593 cum
329 1551 393 1593 uua
424 1549 462 1591 ex
484 1527 548 1590 illis
571 1526 700 1590 familiis
731 1525 782 1589 vel
805 1526 902 1589 etiam
933 1546 1005 1588 cum
1027 1546 1090 1588 uno
1112 1524 1163 1588 vel
1192 1524 1295 1589 altero

117 1633 223 1698 codice
253 1653 451 1697 communem
481 1631 594 1706 habet,
626 1632 770 1696 universe
800 1636 887 1696 recta
918 1630 1029 1695 haberi
1059 1636 1175 1714 potest.
1229 1631 1297 1698 Ubi

116 1737 274 1801 Eusebius
297 1739 400 1813 deest,
433 1737 589 1819 interpres
612 1736 730 1801 latinus
759 1742 911 1819 tanquam
934 1734 1051 1799 arbiter
1074 1735 1294 1812 consulendus,

117 1842 233 1905 seder
257 1842 380 1906 ratione
411 1842 476 1905 iam
498 1841 599 1905 allata
621 1846 712 1905 caute
744 1841 937 1905 adhibendus
960 1843 1016 1904 est.
1063 1837 1169 1903 Codex
1193 1863 1236 1917 m,
1260 1846 1295 1905 ut

117 1949 223 2009 textus
246 1945 378 2010 Eusebii
407 1950 559 2021 testatur,
591 1945 677 2009 haud
703 1945 819 2029 exigua
848 1945 1036 2008 auctoritate
1066 1965 1166 2028 eoque
1192 1945 1295 2028 pluris

118 2051 332 2113 aestimandus
362 2054 428 2127 est,
461 2072 533 2113 cum
563 2049 650 2113 solus
679 2048 835 2113 familiam
867 2053 1089 2131 repraesentet
1140 2048 1294 2114 Attamen

116 2154 203 2217 vitiis
225 2154 311 2218 haud
333 2154 442 2237 paucis
465 2154 604 2230 laborat,
635 2159 667 2217 et
690 2154 813 2218 codices
836 2153 966 2216 alterius
997 2151 1138 2216 familiae
1161 2174 1294 2218 consen·

115 2258 229 2321 tientes
252 2258 281 2321 ei
303 2257 489 2341 plerumque
511 2258 724 2342 anteponendi
745 2280 813 2322 esse
835 2258 990 2321 ridentur.

203 2361 283 2426 Cum
313 2363 436 2426 codices
458 2362 589 2446 bhpv
612 2363 703 2426 unius
727 2361 868 2425 familiae
891 2361 970 2437 sint,
1004 2382 1113 2425 eorum
1143 2361 1294 2427 lectiones

116 2465 259 2529 universe
281 2488 344 2530 non
367 2467 483 2541 notari,
507 2466 569 2530 nisi
591 2467 653 2529 duo
676 2466 875 2541 concinnunt,
900 2470 1031 2549 excepto
1054 2465 1160 2530 codice
1182 2466 1214 2544 h,
1240 2467 1294 2551 qui

116 2591 199 2634 nunc
221 2570 361 2655 primum
388 2571 429 2634 ad
450 2575 574 2635 textum
605 2570 829 2635 recensendum
860 2568 1043 2647 adhibetur,
1076 2575 1108 2634 et
1130 2571 1239 2635 codice
1261 2594 1293 2656 p,

116 2674 171 2738 ubi
194 2674 298 2739 locum
321 2675 412 2739 aliter
434 2675 499 2759 legi
522 2697 559 2739 ac
574 2674 748 2758 Lightfoot.
796 2672 1032 2751 Additamenta‚
1056 2674 1172 2758 quibus
1195 2676 1294 2739 codex

115 2800 135 2841 v
157 2783 267 2856 scatet,
291 2779 358 2844 fere
381 2780 488 2844 omnia
510 2779 612 2843 omisi.

468 3020 630 3086 PAPIAE
653 3019 938 3087 FRAGMENTA.

202 3192 318 3276 Papias
341 3194 508 3278 episcopus
537 3195 686 3259 ecclesiae
709 3194 969 3278 Hierapolitanae
999 3195 1032 3258 in
1056 3192 1198 3280 Phrygia
1220 3197 1292 3262 fuit.

116 3294 185 3371 Quo
208 3300 349 3380 ternpore
372 3298 591 3383 episcopatum
606 3299 788 3382 susceperit,
812 3321 876 3363 non
892 3303 1025 3363 constat.
1052 3298 1170 3365 Omnes
1186 3306 1293 3365 auteur

115 3399 181 3464 fere
203 3405 324 3465 veteres
355 3404 503 3481 tradunt,
536 3426 607 3467 eum
637 3402 827 3486 discipulum
858 3402 985 3466 loannis
1017 3404 1156 3486 apostoli
1181 3403 1292 3470 fuisse.

114 3503 262 3570 Irenaeus
286 3506 325 3584 V,
343 3508 394 3584 33,
418 3508 439 3570 4
463 3509 589 3593 quidem
611 3531 682 3573 eum
704 3507 831 3572 Ioannis
854 3513 978 3571 tantum
1001 3508 1177 3573 auditorem
1200 3514 1294 3574 vocat

116 3606 168 3690 (cf.
184 3608 311 3695 Fragm.
331 3610 376 3690 I);
399 3611 486 3676 haud
509 3611 602 3676 dubie
617 3632 690 3674 vero
712 3611 750 3675 de
765 3610 881 3676 Ioanne
904 3612 1050 3695 apostolo
1066 3614 1196 3697 cogitat,
1220 3636 1294 3679 cum

115 3711 264 3778 Ioannem
287 3715 384 3798 paulo
415 3718 488 3778 ante
513 3712 555 3795 (n.
580 3712 613 3795 3)
644 3713 834 3796 discipulum
855 3714 986 3778 Domini
1017 3715 1159 3800 appellet
1189 3738 1293 3801 neque

115 3817 195 3882 alius
218 3818 344 3885 Ioannis
374 3823 500 3905 praeter
531 3818 710 3903 apostolum
739 3819 931 3882 mentionem
961 3819 1069 3883 faciat.
1122 3820 1211 3885 Idem
1240 3843 1292 3886 re-

115 3922 221 3987 ferunt
242 3924 399 3989 Eusebius
428 3926 461 3989 in
484 3921 639 3989 Chronico
669 3921 722 4006 (cf.
747 3923 875 4008 Fragm.
898 3924 998 4007 XIV),
1022 3925 1237 4010 Hieronymus
1259 3929 1293 3993 in

114 4025 217 4109 Epist.
244 4028 285 4091 75
315 4030 356 4093 ad
385 4028 503 4093 Theod.
535 4026 676 4112 (Fragm.
705 4028 810 4109 XVII)
840 4049 897 4092 nec
925 4051 990 4093 non
1020 4028 1084 4093 alio
1114 4030 1202 4110 1000,
1236 4033 1293 4098 ubi

115 4129 323 4141 ¹———

187 4161 292 4215 lActu
311 4163 353 4216 ed
375 4163 480 4219 Galura
497 4165 517 4225 Ι,
537 4166 570 4219 73
588 4167 646 4218 not.
665 4164 707 4218 23.
745 4162 907 4231 Disputavit
926 4162 961 4217 de
989 4181 1042 4217 usu
1058 4164 1190 4234 Martyrii
1216 4167 1291 4237 apud

115 4246 233 4303 Latinos
252 4248 306 4303 Ad.
326 4247 465 4314 Hamack‚
484 4251 539 4305 Die
553 4252 614 4305 Zeit
631 4252 678 4305 des
696 4252 826 4320 Ipnoriua
846 4250 913 4306 1878
930 4271 958 4322 p.
978 4254 1088 4309 77—90.
