2834 5018
181 315 245 379 372
467 308 599 365 ΡΔΡΙΑΕ
617 308 844 366 FRAGMENTA
861 309 920 373 XV,
941 309 1063 366 l-XVI

269 611 395 696 Papias,
419 610 570 676 Iohannis
594 608 727 685 auditor,
746 609 1005 694 Hierapolitanus
1026 611 1060 675 in
1075 611 1155 676 Asia
1179 613 1370 697 episcopus,

182 717 320 801 quinque
335 721 460 781 tantum
482 714 609 799 scripsit
624 713 794 787 volumina,
819 736 899 798 quae
921 717 1137 799 praenotavit:
1162 717 1372 801 Explanatio

181 843 360 886 sermonum
394 822 521 886 domini.
567 817 742 902 inquibus
766 840 837 882 cum
865 840 899 882 se
932 819 965 882 in
998 820 1198 903 praefatione
1236 823 1371 887 adserat

155 943 244 991 ⁶non
266 926 370 990 varias
392 926 556 1009 opiniones
579 925 684 1009 sequi,
715 924 770 988 sed
793 924 955 1008 apostolos
978 924 1094 989 habere
1118 931 1281 1004 auctores,
1307 928 1369 992 ait:

184 1029 456 1107 ,Considerabam
481 1030 558 1113 quid
580 1028 733 1104 Andreas,
759 1028 834 1114 quid
858 1028 970 1091 Petrus
994 1029 1155 1106 dixissent,
1182 1032 1265 1115 quid
1288 1032 1370 1097 Phi·

181 1135 299 1219 lippus,
323 1135 400 1219 quid
422 1134 578 1208 Thomas,
613 1136 688 1220 quid
710 1135 858 1207 Iacobus,
884 1134 959 1218 quid
981 1133 1145 1210 lohannes,
1171 1136 1254 1219 quid
1278 1138 1369 1203 Mat-

181 1238 296 1302 thaeus
318 1237 370 1301 vel
392 1237 474 1302 alius
497 1238 630 1321 quilibet
652 1237 879 1321 discipulorum
901 1238 1040 1309 domini;
1063 1238 1139 1320 quid
1163 1240 1265 1304 etiam
1290 1242 1369 1307 An·-

182 1343 267 1406 stion
290 1346 322 1406 et
344 1342 448 1406 senior
470 1341 641 1420 Iohannes,
672 1341 818 1425 discipuli
849 1342 981 1417 domini,
1015 1341 1243 1423 loquebantur.
1292 1346 1370 1412 Nou

143 1446 267 1510 roenim
289 1449 414 1509 tantum
443 1446 521 1510 mihi
542 1447 617 1511 libri
648 1447 688 1510 ad
718 1446 888 1529 legendum
921 1450 1075 1528 prosunt,
1110 1454 1273 1530 quantum
1296 1451 1370 1515 viva

181 1572 243 1615 vox
264 1572 364 1634 usque
387 1550 480 1615 hodie
503 1551 623 1614 insuia
647 1550 826 1613 auctoribus
841 1553 1045 1631 personans“.
1092 1551 1121 1612 2.
1146 1551 1198 1614 Ex
1223 1574 1291 1636 quo
1308 1576 1368 1638 ap·

181 1660 290 1740 paret,
321 1677 360 1719 ex
382 1655 452 1738 ipso
475 1654 635 1738 catalogo,
668 1653 831 1717 nominum
862 1652 960 1715 elium
991 1674 1059 1716 esse
1081 1653 1279 1733 Iohannem,
1315 1658 1369 1742 qui

182 1761 265 1824 inter
287 1759 448 1842 apostolos
466 1759 605 1843 ponitur,
631 1762 662 1821 et
677 1758 775 1821 alium
798 1758 952 1821 seniorem
969 1756 1151 1833 Iohannem,
1179 1784 1279 1844 quem
1294 1771 1370 1846 post

182 1865 377 1930 Aristionem
399 1866 572 1928 enumerat.
618 1861 689 1926 Hoc
711 1866 817 1925 autem
849 1861 983 1924 diximus
1006 1867 1136 1946 propter
1166 1867 1368 1948 superiorem

144 1986 170 2025 ¹⁶
182 1969 373 2053 opinionem,
398 1990 461 2052 qua
483 1966 676 2051 aplerisque
698 1964 878 2028 rettulimus
894 1965 1055 2042 traditum,
1074 1966 1152 2030 duas
1169 1972 1369 2053 posteriores

182 2074 336 2158 epistulas
358 2072 508 2137 Iohannis
530 2092 594 2135 non
610 2069 747 2153 apostoli
770 2089 848 2143 esse,
873 2070 927 2133 sed
943 2070 1131 2152 presbyteri.
1180 2073 1211 2136 3.
1239 2073 1306 2140 Hic
1321 2076 1368 2139 di·

182 2180 264 2244 citur
285 2178 373 2242 mille
396 2199 551 2241 annorum
573 2175 729 2239 iudaicam
752 2174 886 2237 edidisse
902 2171 1096 2254 δευτέρωσιν.
1144 2174 1252 2252 Quem
1268 2182 1369 2245 secuti

182 2287 256 2347 sunt
277 2282 426 2346 Irenaeus
449 2286 481 2345 et
497 2279 717 2364 Apollinarius
740 2283 771 2342 et
794 2279 898 2350 ceteri,
924 2279 978 2362 qui
999 2283 1074 2361 post
1097 2284 1368 2349 resurrectionem

183 2387 273 2451 aiunt
295 2386 328 2449 in
351 2406 443 2449 carne
467 2406 539 2448 cum
561 2384 679 2447 sanctis
695 2383 855 2446 dominum
878 2387 1095 2466 regnaturum.
1144 2384 1369 2453 Tertullianus

144 2505 170 2543 2⁰
185 2511 310 2574 quoque
332 2490 365 2554 in
387 2489 469 2554 libro
493 2489 531 2552 de
554 2510 609 2570 spe
637 2487 778 2551 fidelium
801 2492 832 2550 et
855 2486 1036 2551 Victorinus
1067 2487 1317 2557 Petavionensis
1340 2498 1371 2557 et

183 2593 366 2659 Lactantius
390 2593 450 2657 hac
472 2593 619 2676 opinione
642 2593 807 2655 ducuntur.

375 2693 502 2765 [Hieron.
523 2693 565 2747 De
585 2693 652 2746 viris
669 2692 768 2744 illustr.
789 2708 810 2744 c
832 2691 864 2746 18
883 2691 925 2744 ed
945 2689 1119 2745 Richardson
1140 2693 1212 2749 1896
1234 2695 1267 2750 in
1291 2698 1370 2753 Tm,

340 2781 399 2835 iord
421 2780 658 2848 Ueteraucbunpeu
676 2779 747 2840 XIV,
770 2778 803 2847 1.]

725 2903 811 2969 XVI.

272 3030 371 3093 Porro
402 3027 530 3113 Iosephi
560 3027 659 3092 libros
692 3031 724 3091 et
757 3033 940 3091 sanctorum
974 3028 1092 3112 Papiae
1126 3035 1160 3094 et
1196 3031 1372 3121 Polycarpi

220 3145 278 3202 XV.
298 3146 484 3213 Hieronymus
496 3145 549 3198 hoc
567 3149 654 3214 caput
665 3144 760 3199 hausit
786 3145 873 3199 terior
890 3146 994 3215 Papias
1012 3147 1208 3217 Hierapolites
1228 3156 1260 3208 et
1278 3154 1372 3224 Nepos

186 3251 219 3288 ex
238 3233 302 3288 Ilus.
314 3232 348 3285 Η.
361 3231 392 3285 Ε.
405 3231 452 3294 III,
465 3233 499 3286 39
518 3232 572 3301 (ef.
592 3231 701 3302 Fragm
716 3232 758 3301 ll).
851 3234 885 3286 de
904 3233 981 3287 mille
1001 3251 1139 3287 annorum
1164 3254 1261 3308 regno
1280 3243 1326 3296 ita
1341 3246 1371 3295 nt

220 3323 244 3375 2.
263 3318 435 3388 superiorem
448 3319 621 3389 opinionem]
641 3317 759 3373 cunia
786 3319 948 3374 Victorinus
961 3325 1115 3375 senserunt.
1135 3354 1172 3362 —
1190 3327 1371 3403 dwtipomvl

185 3424 244 3461 ron,
265 3406 308 3460 De
325 3407 374 3458 vir.
394 3404 433 3458 ill
453 3422 502 3459 seu
523 3406 611 3460 Gatal.
631 3423 654 3458 c.
673 3404 697 3458 9.
786 3407 804 3460 i.
825 3424 847 3461 e.
866 3408 1056 3462 traditionem
1094 3408 1137 3462 Of.
1157 3410 1267 3483 Epiph.
1290 3416 1371 3470 H.83

221 3497 244 3549 3.
265 3492 379 3562 dicitur]
407 3491 468 3545 Hac
486 3509 555 3546 voce
573 3493 760 3560 Hieronymus
788 3511 810 3547 e.
829 3495 859 3546 9:
887 3493 915 3550 ul
933 3494 987 3566 γὰρ
1013 3498 1182 3567 παραδόσεις
1211 3510 1274 3558 τῶν
1291 3522 1371 3576 πρεσ-

185 3579 246 3650 ipse
265 3578 369 3650 prodit,
389 3595 422 3633 eo
439 3584 582 3648 tempore,
603 3597 658 3647 quo
678 3579 759 3633 Gata-
786 3579 911 3653 (arripior
928 3580 1106 3654 δευτερὼσεις
1123 3586 1204 3657 παρὰ
1223 3598 1288 3657 τοῖς
1305 3594 1371 3648 'iou

185 3665 282 3735 logum
301 3666 430 3735 scripsit,
458 3682 487 3719 se
505 3667 622 3736 Papiam
647 3683 705 3720 non
723 3666 760 3718 le·
787 3669 873 3732 δαίοις
890 3666 1026 3739 λέγονται.
1073 3668 1188 3724 Hieron.
1212 3673 1326 3731 comm.
1343 3677 1370 3731 in

187 3753 275 3823 gisse;
293 3753 343 3806 sed
362 3753 449 3806 etiam
467 3757 569 3823 postea
586 3754 646 3807 eius
659 3753 761 3807 librum
788 3751 888 3806 Erech.
908 3769 930 3805 c.
945 3753 978 3806 36
997 3757 1016 3807 t.
1030 3753 1056 3805 V
1067 3773 1094 3824 p.
1107 3757 1160 3810 422
1179 3760 1225 3813 ed
1239 3760 1370 3818 Vallarsi

187 3855 245 3892 non
264 3839 366 3893 vidisse
384 3839 508 3903 videtur,
535 3857 598 3893 cum
622 3856 761 3906 nusquam
788 3870 822 3878 —
842 3840 931 3894 secuti
950 3843 1026 3912 sunt]
1040 3841 1206 3900 Notandum
1220 3866 1286 3904 esse
1299 3851 1371 3905 vide

187 3925 321 3980 notitiam
346 3926 406 3979 eius
428 3927 633 3980 accuratiorem
650 3926 761 3995 prodat.
788 3929 841 3988 tur,
860 3926 1088 3996 Papianistarum
1111 3933 1294 3991 mentionem
1314 3936 1371 3991 fieri

187 4041 221 4050 -
238 4012 316 4065 mille
334 4014 398 4083 etc]
427 4013 458 4067 In
486 4013 608 4083 epistula
634 4013 671 4066 ad
688 4011 817 4083 Analin
836 4014 864 4066 L.
884 4016 900 4066 5
919 4013 985 4068 God.
1005 4016 1103 4071 lustin.
1122 4018 1158 4071 de
1175 4018 1290 4078 haeret
1309 4024 1331 4087 I,
1348 4025 1371 4085 5,

187 4096 288 4149 tolium
300 4098 508 4154 Commentario
520 4099 660 4154 Victorini
677 4100 817 4169 episc.2et
835 4100 977 4156 Praedest.
1003 4118 1024 4156 c.
1044 4103 1078 4156 32
1105 4104 1181 4158 inter
1210 4107 1371 4164 Elcesaitaa

190 4184 219 4233 et
235 4185 483 4253 martinApocal.
496 4185 760 4255 praemissaHiero·
772 4196 775 4294 ἱ
787 4186 905 4254 Papiam
932 4190 1129 4258 presbyterum
1147 4192 1281 4250 Achaiae
1301 4213 1371 4252 eom·

190 4281 287 4332 aymus
305 4268 436 4324 similiter
448 4272 560 4328 scribit:
579 4271 652 4327 Nam
664 4276 693 4327 et
712 4288 758 4326 an·
787 4275 943 4329 memorari.
