<?xml version="1.0" encoding="UTF-8"?>
<!DOCTYPE html PUBLIC "-//W3C//DTD XHTML 1.0 Transitional//EN"
    "http://www.w3.org/TR/xhtml1/DTD/xhtml1-transitional.dtd">
<html xmlns="http://www.w3.org/1999/xhtml" xml:lang="en" lang="en">
 <head>
  <title>
</title>
<meta http-equiv="Content-Type" content="text/html;charset=utf-8" />
  <meta name='ocr-system' content='tesseract 3.04.00' />
  <meta name='ocr-capabilities' content='ocr_page ocr_carea ocr_par ocr_line ocrx_word'/>
</head>
<body>
  <div class='ocr_page' id='page_1' title='image "./patresapostolic00piongoog_0067.png"; bbox 0 0 2834 5018; ppageno 0'>
   <div class='ocr_carea' id='block_1_1' title="bbox 116 257 843 325">
    <p class='ocr_par' dir='ltr' id='par_1_1' title="bbox 116 257 843 325">
     <span class='ocr_line' id='line_1_1' title="bbox 116 257 843 325; baseline -0.001 -14"><span class='ocrx_word' id='word_1_1' title='bbox 116 260 189 325; x_wconf 68' lang='lat' dir='ltr'>LVI</span> <span class='ocrx_word' id='word_1_2' title='bbox 563 257 843 313; x_wconf 79' lang='lat' dir='ltr'>raotncounua</span> 
     </span>
    </p>
   </div>
   <div class='ocr_carea' id='block_1_2' title="bbox 113 437 1298 2510">
    <p class='ocr_par' dir='ltr' id='par_1_2' title="bbox 115 437 1298 1672">
     <span class='ocr_line' id='line_1_2' title="bbox 117 437 1294 522; baseline -0.001 -20"><span class='ocrx_word' id='word_1_3' title='bbox 117 438 227 502; x_wconf 86' lang='lat' dir='ltr'>civitas</span> <span class='ocrx_word' id='word_1_4' title='bbox 257 439 430 522; x_wconf 83' lang='lat' dir='ltr'>Smyrnaeo</span> <span class='ocrx_word' id='word_1_5' title='bbox 461 461 525 503; x_wconf 89' lang='lat' dir='ltr'>non</span> <span class='ocrx_word' id='word_1_6' title='bbox 554 461 663 503; x_wconf 87' lang='lat' dir='ltr'>versus</span> <span class='ocrx_word' id='word_1_7' title='bbox 693 438 911 515; x_wconf 81' lang='lat' dir='ltr'>Antiochiam,</span> <span class='ocrx_word' id='word_1_8' title='bbox 944 440 999 502; x_wconf 89' lang='lat' dir='ltr'>sed</span> <span class='ocrx_word' id='word_1_9' title='bbox 1027 460 1135 501; x_wconf 87' lang='lat' dir='ltr'>versus</span> <span class='ocrx_word' id='word_1_10' title='bbox 1158 437 1294 501; x_wconf 87' lang='lat' dir='ltr'>Romam</span> 
     </span>
     <span class='ocr_line' id='line_1_3' title="bbox 116 541 1293 627; baseline 0 -22"><span class='ocrx_word' id='word_1_11' title='bbox 116 541 178 606; x_wconf 90' lang='lat' dir='ltr'>sita</span> <span class='ocrx_word' id='word_1_12' title='bbox 206 547 283 622; x_wconf 85' lang='lat' dir='ltr'>erat,</span> <span class='ocrx_word' id='word_1_13' title='bbox 314 548 350 607; x_wconf 89' lang='lat' dir='ltr'>ut</span> <span class='ocrx_word' id='word_1_14' title='bbox 378 543 440 608; x_wconf 89' lang='lat' dir='ltr'>sibi</span> <span class='ocrx_word' id='word_1_15' title='bbox 462 543 650 626; x_wconf 81' lang='lat' dir='ltr'>significent,</span> <span class='ocrx_word' id='word_1_16' title='bbox 683 543 711 606; x_wconf 92' lang='lat' dir='ltr'>si</span> <span class='ocrx_word' id='word_1_17' title='bbox 734 543 810 627; x_wconf 93' lang='lat' dir='ltr'>quid</span> <span class='ocrx_word' id='word_1_18' title='bbox 833 544 870 608; x_wconf 93' lang='lat' dir='ltr'>de</span> <span class='ocrx_word' id='word_1_19' title='bbox 894 566 931 608; x_wconf 91' lang='lat' dir='ltr'>eo</span> <span class='ocrx_word' id='word_1_20' title='bbox 955 549 1149 627; x_wconf 87' lang='lat' dir='ltr'>compertum</span> <span class='ocrx_word' id='word_1_21' title='bbox 1172 541 1293 607; x_wconf 88' lang='lat' dir='ltr'>habue-</span> 
     </span>
     <span class='ocr_line' id='line_1_4' title="bbox 116 646 1293 732; baseline 0.001 -23"><span class='ocrx_word' id='word_1_22' title='bbox 116 646 189 710; x_wconf 88' lang='lat' dir='ltr'>rint.</span> <span class='ocrx_word' id='word_1_23' title='bbox 235 647 328 712; x_wconf 83' lang='lat' dir='ltr'>Solus</span> <span class='ocrx_word' id='word_1_24' title='bbox 350 648 483 712; x_wconf 89' lang='lat' dir='ltr'>loannes</span> <span class='ocrx_word' id='word_1_25' title='bbox 499 647 643 720; x_wconf 88' lang='lat' dir='ltr'>Malalas,</span> <span class='ocrx_word' id='word_1_26' title='bbox 669 648 723 732; x_wconf 94' lang='lat' dir='ltr'>qui</span> <span class='ocrx_word' id='word_1_27' title='bbox 746 648 873 712; x_wconf 85' lang='lat' dir='ltr'>saeculo</span> <span class='ocrx_word' id='word_1_28' title='bbox 888 648 935 713; x_wconf 87' lang='lat' dir='ltr'>Vl</span> <span class='ocrx_word' id='word_1_29' title='bbox 957 648 1045 723; x_wconf 83' lang='lat' dir='ltr'>vixit,</span> <span class='ocrx_word' id='word_1_30' title='bbox 1070 652 1213 731; x_wconf 87' lang='lat' dir='ltr'>tempore</span> <span class='ocrx_word' id='word_1_31' title='bbox 1228 651 1293 711; x_wconf 90' lang='lat' dir='ltr'>ter·</span> 
     </span>
     <span class='ocr_line' id='line_1_5' title="bbox 115 751 1298 836; baseline 0 -22"><span class='ocrx_word' id='word_1_32' title='bbox 115 773 169 815; x_wconf 90' lang='lat' dir='ltr'>rae</span> <span class='ocrx_word' id='word_1_33' title='bbox 198 757 312 829; x_wconf 90' lang='lat' dir='ltr'>motus,</span> <span class='ocrx_word' id='word_1_34' title='bbox 345 774 407 836; x_wconf 92' lang='lat' dir='ltr'>quo</span> <span class='ocrx_word' id='word_1_35' title='bbox 431 751 602 816; x_wconf 80' lang='lat' dir='ltr'>Antiochia</span> <span class='ocrx_word' id='word_1_36' title='bbox 632 751 682 815; x_wconf 88' lang='lat' dir='ltr'>die</span> <span class='ocrx_word' id='word_1_37' title='bbox 707 754 756 817; x_wconf 83' lang='lat'>13.</span> <span class='ocrx_word' id='word_1_38' title='bbox 781 752 857 817; x_wconf 91' lang='lat' dir='ltr'>Dec.</span> <span class='ocrx_word' id='word_1_39' title='bbox 883 776 910 816; x_wconf 91' lang='lat' dir='ltr'>a.</span> <span class='ocrx_word' id='word_1_40' title='bbox 937 753 998 816; x_wconf 89' lang='lat'>115</span> <span class='ocrx_word' id='word_1_41' title='bbox 1022 776 1053 836; x_wconf 90' lang='lat' dir='ltr'>p.</span> <span class='ocrx_word' id='word_1_42' title='bbox 1078 751 1150 816; x_wconf 82' lang='lat' dir='ltr'>Chr.</span> <span class='ocrx_word' id='word_1_43' title='bbox 1180 756 1298 816; x_wconf 83' lang='lat' dir='ltr'>vexata</span> 
     </span>
     <span class='ocr_line' id='line_1_6' title="bbox 116 856 1296 941; baseline 0.002 -23"><span class='ocrx_word' id='word_1_44' title='bbox 116 860 173 933; x_wconf 94' lang='lat' dir='ltr'>est,</span> <span class='ocrx_word' id='word_1_45' title='bbox 203 856 236 921; x_wconf 90' lang='lat' dir='ltr'>in</span> <span class='ocrx_word' id='word_1_46' title='bbox 258 856 319 921; x_wconf 86' lang='lat' dir='ltr'>hac</span> <span class='ocrx_word' id='word_1_47' title='bbox 349 857 426 920; x_wconf 91' lang='lat' dir='ltr'>urbe</span> <span class='ocrx_word' id='word_1_48' title='bbox 450 877 522 920; x_wconf 89' lang='lat' dir='ltr'>eum</span> <span class='ocrx_word' id='word_1_49' title='bbox 544 861 704 921; x_wconf 86' lang='lat' dir='ltr'>mortuum</span> <span class='ocrx_word' id='word_1_50' title='bbox 728 878 795 920; x_wconf 89' lang='lat' dir='ltr'>esse</span> <span class='ocrx_word' id='word_1_51' title='bbox 817 861 926 921; x_wconf 87' lang='lat' dir='ltr'>narrat</span> <span class='ocrx_word' id='word_1_52' title='bbox 958 856 1144 941; x_wconf 81' lang='lat' dir='ltr'>(Chronogr.</span> <span class='ocrx_word' id='word_1_53' title='bbox 1168 856 1223 921; x_wconf 92' lang='lat' dir='ltr'>lib.</span> <span class='ocrx_word' id='word_1_54' title='bbox 1249 857 1296 921; x_wconf 92' lang='lat' dir='ltr'>XI</span> 
     </span>
     <span class='ocr_line' id='line_1_7' title="bbox 116 959 1294 1044; baseline 0.003 -21"><span class='ocrx_word' id='word_1_55' title='bbox 116 960 163 1023; x_wconf 89' lang='lat' dir='ltr'>ed.</span> <span class='ocrx_word' id='word_1_56' title='bbox 187 960 288 1025; x_wconf 90' lang='lat' dir='ltr'>Bonn.</span> <span class='ocrx_word' id='word_1_57' title='bbox 313 984 344 1044; x_wconf 89' lang='lat' dir='ltr'>p.</span> <span class='ocrx_word' id='word_1_58' title='bbox 362 959 449 1042; x_wconf 81' lang='lat'>276),</span> <span class='ocrx_word' id='word_1_59' title='bbox 475 966 571 1044; x_wconf 92' lang='lat' dir='ltr'>atque</span> <span class='ocrx_word' id='word_1_60' title='bbox 594 960 784 1038; x_wconf 87' lang='lat' dir='ltr'>Volkmar¹,</span> <span class='ocrx_word' id='word_1_61' title='bbox 811 962 964 1027; x_wconf 89' lang='lat' dir='ltr'>Dieraner</span> <span class='ocrx_word' id='word_1_62' title='bbox 978 959 1000 1039; x_wconf 77' lang='lat'>¹,</span> <span class='ocrx_word' id='word_1_63' title='bbox 1025 961 1141 1028; x_wconf 82' lang='lat' dir='ltr'>Aube&#39;³</span> <span class='ocrx_word' id='word_1_64' title='bbox 1167 967 1199 1026; x_wconf 91' lang='lat' dir='ltr'>et</span> <span class='ocrx_word' id='word_1_65' title='bbox 1215 962 1294 1027; x_wconf 74' lang='lat' dir='ltr'>vst-</span> 
     </span>
     <span class='ocr_line' id='line_1_8' title="bbox 115 1065 1297 1151; baseline 0.003 -23"><span class='ocrx_word' id='word_1_66' title='bbox 115 1066 189 1128; x_wconf 81' lang='lat' dir='ltr'>ter⁴</span> <span class='ocrx_word' id='word_1_67' title='bbox 221 1067 250 1130; x_wconf 92' lang='lat' dir='ltr'>ei</span> <span class='ocrx_word' id='word_1_68' title='bbox 279 1066 374 1130; x_wconf 89' lang='lat' dir='ltr'>fidem</span> <span class='ocrx_word' id='word_1_69' title='bbox 402 1065 591 1130; x_wconf 85' lang='lat' dir='ltr'>habuerunt.</span> <span class='ocrx_word' id='word_1_70' title='bbox 637 1066 733 1130; x_wconf 84' lang='lat' dir='ltr'>Haud</span> <span class='ocrx_word' id='word_1_71' title='bbox 765 1067 858 1131; x_wconf 90' lang='lat' dir='ltr'>dubie</span> <span class='ocrx_word' id='word_1_72' title='bbox 888 1073 994 1131; x_wconf 89' lang='lat' dir='ltr'>autem</span> <span class='ocrx_word' id='word_1_73' title='bbox 1024 1068 1149 1132; x_wconf 83' lang='lat' dir='ltr'>erravit.</span> <span class='ocrx_word' id='word_1_74' title='bbox 1198 1067 1297 1151; x_wconf 90' lang='lat' dir='ltr'>Syrus</span> 
     </span>
     <span class='ocr_line' id='line_1_9' title="bbox 116 1169 1296 1256; baseline 0.004 -24"><span class='ocrx_word' id='word_1_75' title='bbox 116 1169 243 1251; x_wconf 89' lang='lat' dir='ltr'>quidem</span> <span class='ocrx_word' id='word_1_76' title='bbox 266 1169 365 1234; x_wconf 84' lang='lat' dir='ltr'>fuisse</span> <span class='ocrx_word' id='word_1_77' title='bbox 388 1170 521 1247; x_wconf 87' lang='lat' dir='ltr'>videtur,</span> <span class='ocrx_word' id='word_1_78' title='bbox 546 1171 601 1234; x_wconf 89' lang='lat' dir='ltr'>sed</span> <span class='ocrx_word' id='word_1_79' title='bbox 617 1171 744 1235; x_wconf 89' lang='lat' dir='ltr'>minime</span> <span class='ocrx_word' id='word_1_80' title='bbox 761 1193 886 1255; x_wconf 84' lang='lat' dir='ltr'>semper</span> <span class='ocrx_word' id='word_1_81' title='bbox 900 1174 992 1236; x_wconf 88' lang='lat' dir='ltr'>testis</span> <span class='ocrx_word' id='word_1_82' title='bbox 1006 1172 1160 1256; x_wconf 87' lang='lat' dir='ltr'>locuples,</span> <span class='ocrx_word' id='word_1_83' title='bbox 1186 1178 1219 1236; x_wconf 91' lang='lat' dir='ltr'>et</span> <span class='ocrx_word' id='word_1_84' title='bbox 1234 1173 1296 1237; x_wconf 90' lang='lat' dir='ltr'>fide</span> 
     </span>
     <span class='ocr_line' id='line_1_10' title="bbox 115 1273 1295 1362; baseline 0.003 -25"><span class='ocrx_word' id='word_1_85' title='bbox 115 1273 217 1339; x_wconf 89' lang='lat' dir='ltr'>multo</span> <span class='ocrx_word' id='word_1_86' title='bbox 248 1275 374 1359; x_wconf 83' lang='lat' dir='ltr'>dignior</span> <span class='ocrx_word' id='word_1_87' title='bbox 405 1282 452 1340; x_wconf 94' lang='lat' dir='ltr'>est</span> <span class='ocrx_word' id='word_1_88' title='bbox 485 1275 730 1360; x_wconf 80' lang='lat' dir='ltr'>Chrysostomus</span> <span class='ocrx_word' id='word_1_89' title='bbox 754 1276 980 1353; x_wconf 81' lang='lat' dir='ltr'>Antiochenus,</span> <span class='ocrx_word' id='word_1_90' title='bbox 1015 1277 1069 1362; x_wconf 90' lang='lat' dir='ltr'>qui</span> <span class='ocrx_word' id='word_1_91' title='bbox 1092 1300 1201 1341; x_wconf 87' lang='lat' dir='ltr'>coram</span> <span class='ocrx_word' id='word_1_92' title='bbox 1224 1277 1295 1341; x_wconf 93' lang='lat' dir='ltr'>uni·</span> 
     </span>
     <span class='ocr_line' id='line_1_11' title="bbox 115 1379 1297 1466; baseline 0.003 -24"><span class='ocrx_word' id='word_1_93' title='bbox 115 1401 204 1443; x_wconf 85' lang='lat' dir='ltr'>verso</span> <span class='ocrx_word' id='word_1_94' title='bbox 236 1381 355 1463; x_wconf 93' lang='lat' dir='ltr'>populo</span> <span class='ocrx_word' id='word_1_95' title='bbox 379 1379 579 1446; x_wconf 82' lang='lat' dir='ltr'><strong>Antiocheno</strong></span> <span class='ocrx_word' id='word_1_96' title='bbox 611 1381 803 1459; x_wconf 78' lang='lat' dir='ltr'>enuntiavit,</span> <span class='ocrx_word' id='word_1_97' title='bbox 837 1382 999 1466; x_wconf 85' lang='lat' dir='ltr'>Ignatium</span> <span class='ocrx_word' id='word_1_98' title='bbox 1021 1382 1142 1447; x_wconf 90' lang='lat' dir='ltr'>Romae</span> <span class='ocrx_word' id='word_1_99' title='bbox 1165 1405 1297 1466; x_wconf 90' lang='lat' dir='ltr'>passum</span> 
     </span>
     <span class='ocr_line' id='line_1_12' title="bbox 116 1483 1295 1570; baseline 0.002 -23"><span class='ocrx_word' id='word_1_100' title='bbox 116 1504 183 1548; x_wconf 90' lang='lat' dir='ltr'>esse</span> <span class='ocrx_word' id='word_1_101' title='bbox 207 1483 241 1566; x_wconf 82' lang='lat' dir='ltr'>(l.</span> <span class='ocrx_word' id='word_1_102' title='bbox 266 1507 291 1549; x_wconf 89' lang='lat' dir='ltr'>c.</span> <span class='ocrx_word' id='word_1_103' title='bbox 317 1507 342 1550; x_wconf 89' lang='lat' dir='ltr'>c.</span> <span class='ocrx_word' id='word_1_104' title='bbox 367 1487 388 1550; x_wconf 81' lang='lat'>4</span> <span class='ocrx_word' id='word_1_105' title='bbox 411 1508 457 1570; x_wconf 90' lang='lat' dir='ltr'>sq.</span> <span class='ocrx_word' id='word_1_106' title='bbox 487 1486 534 1550; x_wconf 88' lang='lat' dir='ltr'>ed.</span> <span class='ocrx_word' id='word_1_107' title='bbox 558 1486 676 1551; x_wconf 85' lang='lat' dir='ltr'>Bened</span> <span class='ocrx_word' id='word_1_108' title='bbox 700 1485 741 1563; x_wconf 91' lang='grc' dir='ltr'>Π,</span> <span class='ocrx_word' id='word_1_109' title='bbox 767 1487 831 1551; x_wconf 84' lang='grc'>598</span> <span class='ocrx_word' id='word_1_110' title='bbox 854 1485 948 1570; x_wconf 86' lang='lat' dir='ltr'>sqq).</span> <span class='ocrx_word' id='word_1_111' title='bbox 1006 1486 1156 1551; x_wconf 76' lang='lat' dir='ltr'>Fortasse</span> <span class='ocrx_word' id='word_1_112' title='bbox 1192 1486 1295 1550; x_wconf 89' lang='lat' dir='ltr'>ambi-</span> 
     </span>
     <span class='ocr_line' id='line_1_13' title="bbox 116 1589 1001 1672; baseline 0.007 -22"><span class='ocrx_word' id='word_1_113' title='bbox 116 1589 222 1672; x_wconf 82' lang='lat' dir='ltr'>guitas</span> <span class='ocrx_word' id='word_1_114' title='bbox 245 1589 331 1653; x_wconf 85' lang='lat' dir='ltr'>vocis</span> <span class='ocrx_word' id='word_1_115' title='bbox 355 1597 517 1670; x_wconf 84' lang='grc' dir='ltr'>μαρτυρεῖν</span> <span class='ocrx_word' id='word_1_116' title='bbox 541 1612 637 1654; x_wconf 86' lang='lat' dir='ltr'>causa</span> <span class='ocrx_word' id='word_1_117' title='bbox 658 1590 744 1654; x_wconf 90' lang='lat' dir='ltr'>illius</span> <span class='ocrx_word' id='word_1_118' title='bbox 768 1593 882 1656; x_wconf 91' lang='lat' dir='ltr'>erroris</span> <span class='ocrx_word' id='word_1_119' title='bbox 905 1592 967 1656; x_wconf 86' lang='lat' dir='ltr'>fuit</span> <span class='ocrx_word' id='word_1_120' title='bbox 980 1591 1001 1655; x_wconf 82' lang='lat'>⁶.</span> 
     </span>
    </p>

    <p class='ocr_par' dir='ltr' id='par_1_3' title="bbox 113 1693 1297 2510">
     <span class='ocr_line' id='line_1_14' title="bbox 203 1693 1295 1780; baseline 0.002 -22"><span class='ocrx_word' id='word_1_121' title='bbox 203 1693 294 1770; x_wconf 86' lang='lat' dir='ltr'>Quod</span> <span class='ocrx_word' id='word_1_122' title='bbox 317 1695 357 1759; x_wconf 92' lang='lat' dir='ltr'>ad</span> <span class='ocrx_word' id='word_1_123' title='bbox 378 1696 548 1778; x_wconf 89' lang='lat' dir='ltr'>pueritiam</span> <span class='ocrx_word' id='word_1_124' title='bbox 567 1695 872 1778; x_wconf 80' lang='lat' dir='ltr'>adolescentiamque</span> <span class='ocrx_word' id='word_1_125' title='bbox 888 1697 1010 1773; x_wconf 90' lang='lat' dir='ltr'>attinet,</span> <span class='ocrx_word' id='word_1_126' title='bbox 1036 1696 1173 1780; x_wconf 87' lang='lat' dir='ltr'>Symeon</span> <span class='ocrx_word' id='word_1_127' title='bbox 1189 1695 1295 1760; x_wconf 89' lang='lat' dir='ltr'>Meta·</span> 
     </span>
     <span class='ocr_line' id='line_1_15' title="bbox 114 1797 1294 1885; baseline 0.003 -24"><span class='ocrx_word' id='word_1_128' title='bbox 114 1797 261 1881; x_wconf 79' lang='lat' dir='ltr'>phraates</span> <span class='ocrx_word' id='word_1_129' title='bbox 286 1804 318 1863; x_wconf 94' lang='lat' dir='ltr'>et</span> <span class='ocrx_word' id='word_1_130' title='bbox 340 1799 475 1864; x_wconf 88' lang='lat' dir='ltr'>Menaea</span> <span class='ocrx_word' id='word_1_131' title='bbox 497 1822 613 1885; x_wconf 83' lang='lat' dir='ltr'>graeca</span> <span class='ocrx_word' id='word_1_132' title='bbox 636 1802 720 1885; x_wconf 90' lang='lat' dir='ltr'>apud</span> <span class='ocrx_word' id='word_1_133' title='bbox 744 1801 936 1866; x_wconf 92' lang='lat' dir='ltr'>Bollandum</span> <span class='ocrx_word' id='word_1_134' title='bbox 960 1800 1043 1883; x_wconf 82' lang='lat' dir='ltr'>(Act.</span> <span class='ocrx_word' id='word_1_135' title='bbox 1069 1802 1123 1867; x_wconf 83' lang='lat' dir='ltr'>SS.</span> <span class='ocrx_word' id='word_1_136' title='bbox 1151 1804 1179 1865; x_wconf 95' lang='lat'>1.</span> <span class='ocrx_word' id='word_1_137' title='bbox 1203 1801 1294 1866; x_wconf 85' lang='lat' dir='ltr'>Febr.</span> 
     </span>
     <span class='ocr_line' id='line_1_16' title="bbox 114 1901 1296 1991; baseline 0.003 -25"><span class='ocrx_word' id='word_1_138' title='bbox 114 1901 218 1985; x_wconf 65' lang='lat'>128)</span> <span class='ocrx_word' id='word_1_139' title='bbox 252 1902 414 1988; x_wconf 82' lang='lat' dir='ltr'>Ignatium</span> <span class='ocrx_word' id='word_1_140' title='bbox 436 1905 605 1989; x_wconf 84' lang='lat' dir='ltr'>parvulum</span> <span class='ocrx_word' id='word_1_141' title='bbox 626 1906 718 1969; x_wconf 89' lang='lat' dir='ltr'>illum</span> <span class='ocrx_word' id='word_1_142' title='bbox 741 1905 839 1970; x_wconf 84' lang='lat' dir='ltr'>fuisse</span> <span class='ocrx_word' id='word_1_143' title='bbox 861 1905 988 1983; x_wconf 88' lang='lat' dir='ltr'>volunt,</span> <span class='ocrx_word' id='word_1_144' title='bbox 1020 1929 1114 1991; x_wconf 89' lang='lat' dir='ltr'>quem</span> <span class='ocrx_word' id='word_1_145' title='bbox 1138 1906 1296 1970; x_wconf 89' lang='lat' dir='ltr'>Dominus</span> 
     </span>
     <span class='ocr_line' id='line_1_17' title="bbox 115 2007 1295 2095; baseline 0.003 -25"><span class='ocrx_word' id='word_1_146' title='bbox 115 2007 268 2091; x_wconf 89' lang='lat' dir='ltr'>apostolis</span> <span class='ocrx_word' id='word_1_147' title='bbox 299 2009 337 2072; x_wconf 87' lang='lat' dir='ltr'>de</span> <span class='ocrx_word' id='word_1_148' title='bbox 359 2010 499 2092; x_wconf 90' lang='lat' dir='ltr'>primatu</span> <span class='ocrx_word' id='word_1_149' title='bbox 521 2010 724 2093; x_wconf 80' lang='lat' dir='ltr'>litigantibus</span> <span class='ocrx_word' id='word_1_150' title='bbox 754 2012 795 2075; x_wconf 90' lang='lat' dir='ltr'>ad</span> <span class='ocrx_word' id='word_1_151' title='bbox 821 2011 1032 2075; x_wconf 89' lang='lat' dir='ltr'>imitationem</span> <span class='ocrx_word' id='word_1_152' title='bbox 1054 2011 1225 2095; x_wconf 83' lang='lat' dir='ltr'>proposuit</span> <span class='ocrx_word' id='word_1_153' title='bbox 1248 2010 1295 2073; x_wconf 90' lang='lat' dir='ltr'>di·</span> 
     </span>
     <span class='ocr_line' id='line_1_18' title="bbox 115 2111 1296 2199; baseline 0.003 -24"><span class='ocrx_word' id='word_1_154' title='bbox 115 2134 204 2176; x_wconf 89' lang='lat' dir='ltr'>cens:</span> <span class='ocrx_word' id='word_1_155' title='bbox 240 2111 426 2197; x_wconf 86' lang='lat' dir='ltr'>Quicunque</span> <span class='ocrx_word' id='word_1_156' title='bbox 459 2136 534 2199; x_wconf 87' lang='lat' dir='ltr'>ergo</span> <span class='ocrx_word' id='word_1_157' title='bbox 564 2114 779 2179; x_wconf 87' lang='lat' dir='ltr'>humiliaverit</span> <span class='ocrx_word' id='word_1_158' title='bbox 802 2137 835 2180; x_wconf 89' lang='lat' dir='ltr'>se</span> <span class='ocrx_word' id='word_1_159' title='bbox 858 2115 940 2179; x_wconf 90' lang='lat' dir='ltr'>sicut</span> <span class='ocrx_word' id='word_1_160' title='bbox 961 2115 1111 2199; x_wconf 90' lang='lat' dir='ltr'>parvulus</span> <span class='ocrx_word' id='word_1_161' title='bbox 1134 2116 1212 2193; x_wconf 89' lang='lat' dir='ltr'>iste,</span> <span class='ocrx_word' id='word_1_162' title='bbox 1244 2115 1296 2178; x_wconf 90' lang='lat' dir='ltr'>hic</span> 
     </span>
     <span class='ocr_line' id='line_1_19' title="bbox 115 2215 1295 2302; baseline 0.003 -22"><span class='ocrx_word' id='word_1_163' title='bbox 115 2221 163 2280; x_wconf 89' lang='lat' dir='ltr'>est</span> <span class='ocrx_word' id='word_1_164' title='bbox 186 2216 286 2280; x_wconf 85' lang='lat' dir='ltr'>maior</span> <span class='ocrx_word' id='word_1_165' title='bbox 307 2215 339 2278; x_wconf 92' lang='lat' dir='ltr'>iu</span> <span class='ocrx_word' id='word_1_166' title='bbox 363 2239 461 2302; x_wconf 85' lang='lat' dir='ltr'>regno</span> <span class='ocrx_word' id='word_1_167' title='bbox 485 2218 643 2283; x_wconf 85' lang='lat' dir='ltr'>caelorum</span> <span class='ocrx_word' id='word_1_168' title='bbox 671 2219 799 2302; x_wconf 88' lang='lat' dir='ltr'>(Matth.</span> <span class='ocrx_word' id='word_1_169' title='bbox 826 2221 874 2292; x_wconf 83' lang='grc'>18,</span> <span class='ocrx_word' id='word_1_170' title='bbox 900 2219 943 2301; x_wconf 80' lang='lat'>4).</span> <span class='ocrx_word' id='word_1_171' title='bbox 990 2220 1052 2284; x_wconf 87' lang='lat' dir='ltr'>Sed</span> <span class='ocrx_word' id='word_1_172' title='bbox 1074 2221 1217 2284; x_wconf 88' lang='lat' dir='ltr'>narratio</span> <span class='ocrx_word' id='word_1_173' title='bbox 1241 2241 1295 2283; x_wconf 87' lang='lat' dir='ltr'>ve·</span> 
     </span>
     <span class='ocr_line' id='line_1_20' title="bbox 114 2319 1297 2408; baseline 0.002 -23"><span class='ocrx_word' id='word_1_174' title='bbox 114 2321 235 2385; x_wconf 87' lang='lat' dir='ltr'>teribus</span> <span class='ocrx_word' id='word_1_175' title='bbox 257 2322 370 2404; x_wconf 85' lang='lat' dir='ltr'>ignota</span> <span class='ocrx_word' id='word_1_176' title='bbox 402 2345 419 2387; x_wconf 98' lang='lat' dir='ltr'>e</span> <span class='ocrx_word' id='word_1_177' title='bbox 442 2324 568 2388; x_wconf 90' lang='lat' dir='ltr'>nomine</span> <span class='ocrx_word' id='word_1_178' title='bbox 592 2319 754 2404; x_wconf 75' lang='lat' dir='ltr'>Daoptpcu</span> <span class='ocrx_word' id='word_1_179' title='bbox 784 2323 816 2407; x_wconf 83' lang='lat' dir='ltr'>(i.</span> <span class='ocrx_word' id='word_1_180' title='bbox 841 2346 867 2388; x_wconf 92' lang='lat' dir='ltr'>e.</span> <span class='ocrx_word' id='word_1_181' title='bbox 892 2348 911 2388; x_wconf 91' lang='lat' dir='ltr'>a</span> <span class='ocrx_word' id='word_1_182' title='bbox 933 2324 1002 2388; x_wconf 93' lang='lat' dir='ltr'>Deo</span> <span class='ocrx_word' id='word_1_183' title='bbox 1027 2322 1165 2408; x_wconf 82' lang='lat' dir='ltr'>gestato)</span> <span class='ocrx_word' id='word_1_184' title='bbox 1190 2327 1297 2388; x_wconf 89' lang='lat' dir='ltr'>ortum</span> 
     </span>
     <span class='ocr_line' id='line_1_21' title="bbox 113 2424 1294 2510; baseline 0.001 -21"><span class='ocrx_word' id='word_1_185' title='bbox 113 2424 263 2489; x_wconf 89' lang='lat' dir='ltr'>habuisse</span> <span class='ocrx_word' id='word_1_186' title='bbox 285 2427 410 2492; x_wconf 86' lang='lat' dir='ltr'>videtur</span> <span class='ocrx_word' id='word_1_187' title='bbox 421 2428 443 2490; x_wconf 81' lang='lat'>⁰.</span> <span class='ocrx_word' id='word_1_188' title='bbox 490 2427 680 2510; x_wconf 86' lang='lat' dir='ltr'>Martyrium</span> <span class='ocrx_word' id='word_1_189' title='bbox 703 2425 919 2492; x_wconf 83' lang='lat' dir='ltr'>Golbertinum</span> <span class='ocrx_word' id='word_1_190' title='bbox 942 2428 985 2508; x_wconf 85' lang='lat'>(1,</span> <span class='ocrx_word' id='word_1_191' title='bbox 1011 2431 1044 2499; x_wconf 87' lang='lat' dir='ltr'>l;</span> <span class='ocrx_word' id='word_1_192' title='bbox 1070 2424 1151 2507; x_wconf 79' lang='lat'>3,1)</span> <span class='ocrx_word' id='word_1_193' title='bbox 1176 2431 1294 2502; x_wconf 85' lang='lat' dir='ltr'>narrat,</span> 
     </span>
    </p>
   </div>
   <div class='ocr_carea' id='block_1_3' title="bbox 114 2527 1299 3132">
    <p class='ocr_par' dir='ltr' id='par_1_4' title="bbox 114 2527 1299 3132">
     <span class='ocr_line' id='line_1_22' title="bbox 115 2527 1296 2614; baseline 0.002 -21"><span class='ocrx_word' id='word_1_194' title='bbox 115 2550 187 2593; x_wconf 89' lang='lat' dir='ltr'>eum</span> <span class='ocrx_word' id='word_1_195' title='bbox 210 2552 272 2593; x_wconf 90' lang='lat' dir='ltr'>una</span> <span class='ocrx_word' id='word_1_196' title='bbox 295 2553 366 2595; x_wconf 92' lang='lat' dir='ltr'>cum</span> <span class='ocrx_word' id='word_1_197' title='bbox 390 2530 569 2613; x_wconf 87' lang='lat' dir='ltr'>Polycarpo</span> <span class='ocrx_word' id='word_1_198' title='bbox 594 2530 782 2614; x_wconf 88' lang='lat' dir='ltr'>discipulum</span> <span class='ocrx_word' id='word_1_199' title='bbox 805 2553 829 2593; x_wconf 90' lang='lat' dir='ltr'>s.</span> <span class='ocrx_word' id='word_1_200' title='bbox 855 2529 983 2594; x_wconf 90' lang='lat' dir='ltr'>loannis</span> <span class='ocrx_word' id='word_1_201' title='bbox 1005 2527 1119 2605; x_wconf 84' lang='lat' dir='ltr'>fuisse,</span> <span class='ocrx_word' id='word_1_202' title='bbox 1145 2552 1183 2594; x_wconf 88' lang='lat' dir='ltr'>ac</span> <span class='ocrx_word' id='word_1_203' title='bbox 1206 2531 1296 2595; x_wconf 90' lang='lat' dir='ltr'>simi·</span> 
     </span>
     <span class='ocr_line' id='line_1_23' title="bbox 114 2632 1296 2719; baseline 0.003 -23"><span class='ocrx_word' id='word_1_204' title='bbox 114 2632 188 2697; x_wconf 89' lang='lat' dir='ltr'>liter</span> <span class='ocrx_word' id='word_1_205' title='bbox 209 2633 423 2716; x_wconf 82' lang='lat' dir='ltr'>Hieronymus</span> <span class='ocrx_word' id='word_1_206' title='bbox 448 2632 576 2716; x_wconf 81' lang='lat' dir='ltr'>(Chron.</span> <span class='ocrx_word' id='word_1_207' title='bbox 595 2656 665 2696; x_wconf 89' lang='lat' dir='ltr'>ann.</span> <span class='ocrx_word' id='word_1_208' title='bbox 684 2634 812 2697; x_wconf 85' lang='lat' dir='ltr'>Traiani</span> <span class='ocrx_word' id='word_1_209' title='bbox 832 2632 889 2715; x_wconf 82' lang='lat' dir='ltr'>XI)</span> <span class='ocrx_word' id='word_1_210' title='bbox 913 2632 1034 2718; x_wconf 88' lang='lat' dir='ltr'>Papiae</span> <span class='ocrx_word' id='word_1_211' title='bbox 1057 2641 1089 2699; x_wconf 87' lang='lat' dir='ltr'>et</span> <span class='ocrx_word' id='word_1_212' title='bbox 1104 2634 1296 2719; x_wconf 87' lang='lat' dir='ltr'>Polycarpo,</span> 
     </span>
     <span class='ocr_line' id='line_1_24' title="bbox 115 2736 1297 2821; baseline 0.001 -19"><span class='ocrx_word' id='word_1_213' title='bbox 115 2738 253 2821; x_wconf 91' lang='lat' dir='ltr'>apostoli</span> <span class='ocrx_word' id='word_1_214' title='bbox 285 2738 500 2813; x_wconf 81' lang='lat' dir='ltr'>auditoribus,</span> <span class='ocrx_word' id='word_1_215' title='bbox 532 2759 604 2801; x_wconf 91' lang='lat' dir='ltr'>eum</span> <span class='ocrx_word' id='word_1_216' title='bbox 633 2737 786 2821; x_wconf 78' lang='lat' dir='ltr'>adiungit.</span> <span class='ocrx_word' id='word_1_217' title='bbox 833 2736 975 2821; x_wconf 84' lang='lat' dir='ltr'>Uterque</span> <span class='ocrx_word' id='word_1_218' title='bbox 998 2743 1105 2801; x_wconf 86' lang='lat' dir='ltr'>autem</span> <span class='ocrx_word' id='word_1_219' title='bbox 1128 2740 1222 2803; x_wconf 89' lang='lat' dir='ltr'>testis</span> <span class='ocrx_word' id='word_1_220' title='bbox 1246 2761 1297 2802; x_wconf 90' lang='lat' dir='ltr'>er·</span> 
     </span>
     <span class='ocr_line' id='line_1_25' title="bbox 114 2841 1298 2924; baseline 0 -18"><span class='ocrx_word' id='word_1_221' title='bbox 114 2864 200 2906; x_wconf 89' lang='lat' dir='ltr'>rasse</span> <span class='ocrx_word' id='word_1_222' title='bbox 230 2842 363 2905; x_wconf 82' lang='lat' dir='ltr'>videtur.</span> <span class='ocrx_word' id='word_1_223' title='bbox 409 2841 555 2924; x_wconf 83' lang='lat' dir='ltr'>Ignatius</span> <span class='ocrx_word' id='word_1_224' title='bbox 587 2841 671 2904; x_wconf 92' lang='lat' dir='ltr'>enim</span> <span class='ocrx_word' id='word_1_225' title='bbox 699 2841 767 2923; x_wconf 90' lang='lat' dir='ltr'>ipse</span> <span class='ocrx_word' id='word_1_226' title='bbox 798 2842 837 2904; x_wconf 88' lang='lat' dir='ltr'>ad</span> <span class='ocrx_word' id='word_1_227' title='bbox 860 2841 967 2924; x_wconf 92' lang='lat' dir='ltr'>Polyc.</span> <span class='ocrx_word' id='word_1_228' title='bbox 995 2843 1023 2917; x_wconf 82' lang='lat'>1,</span> <span class='ocrx_word' id='word_1_229' title='bbox 1050 2842 1065 2902; x_wconf 93' lang='lat'>1</span> <span class='ocrx_word' id='word_1_230' title='bbox 1091 2842 1229 2920; x_wconf 89' lang='lat' dir='ltr'>indicat,</span> <span class='ocrx_word' id='word_1_231' title='bbox 1264 2863 1298 2906; x_wconf 84' lang='lat' dir='ltr'>se</span> 
     </span>
     <span class='ocr_line' id='line_1_26' title="bbox 115 2946 1298 3030; baseline 0.001 -20"><span class='ocrx_word' id='word_1_232' title='bbox 115 2946 328 3030; x_wconf 89' lang='lat' dir='ltr'>Polycarpum</span> <span class='ocrx_word' id='word_1_233' title='bbox 357 2968 421 3010; x_wconf 90' lang='lat' dir='ltr'>non</span> <span class='ocrx_word' id='word_1_234' title='bbox 450 2946 537 3028; x_wconf 89' lang='lat' dir='ltr'>prius</span> <span class='ocrx_word' id='word_1_235' title='bbox 566 2946 681 3009; x_wconf 83' lang='lat' dir='ltr'>vidisse</span> <span class='ocrx_word' id='word_1_236' title='bbox 706 2965 800 3027; x_wconf 90' lang='lat' dir='ltr'>quam</span> <span class='ocrx_word' id='word_1_237' title='bbox 823 2966 859 3008; x_wconf 88' lang='lat' dir='ltr'>eo</span> <span class='ocrx_word' id='word_1_238' title='bbox 882 2948 1040 3029; x_wconf 86' lang='lat' dir='ltr'>tempore,</span> <span class='ocrx_word' id='word_1_239' title='bbox 1073 2968 1136 3029; x_wconf 91' lang='lat' dir='ltr'>quo</span> <span class='ocrx_word' id='word_1_240' title='bbox 1160 2946 1298 3011; x_wconf 90' lang='lat' dir='ltr'>Romam</span> 
     </span>
     <span class='ocr_line' id='line_1_27' title="bbox 115 3049 1299 3132; baseline 0.001 -18"><span class='ocrx_word' id='word_1_241' title='bbox 115 3050 227 3114; x_wconf 89' lang='lat' dir='ltr'>ductus</span> <span class='ocrx_word' id='word_1_242' title='bbox 249 3055 316 3127; x_wconf 88' lang='lat' dir='ltr'>est,</span> <span class='ocrx_word' id='word_1_243' title='bbox 349 3054 381 3113; x_wconf 92' lang='lat' dir='ltr'>et</span> <span class='ocrx_word' id='word_1_244' title='bbox 403 3055 500 3114; x_wconf 90' lang='lat' dir='ltr'>testes</span> <span class='ocrx_word' id='word_1_245' title='bbox 524 3049 728 3132; x_wconf 89' lang='lat' dir='ltr'>antiquiores,</span> <span class='ocrx_word' id='word_1_246' title='bbox 751 3049 937 3131; x_wconf 84' lang='lat' dir='ltr'>praesertim</span> <span class='ocrx_word' id='word_1_247' title='bbox 959 3050 1127 3129; x_wconf 84' lang='lat' dir='ltr'>Eusebius,</span> <span class='ocrx_word' id='word_1_248' title='bbox 1153 3052 1299 3115; x_wconf 90' lang='lat' dir='ltr'>omnium</span> 
     </span>
    </p>
   </div>
   <div class='ocr_carea' id='block_1_4' title="bbox 113 3252 1298 4261">
    <p class='ocr_par' dir='ltr' id='par_1_5' title="bbox 114 3252 1297 3411">
     <span class='ocr_line' id='line_1_28' title="bbox 186 3252 1297 3323; baseline 0 -14"><span class='ocrx_word' id='word_1_249' title='bbox 186 3255 373 3310; x_wconf 78' lang='lat' dir='ltr'>lHandbucb</span> <span class='ocrx_word' id='word_1_250' title='bbox 399 3255 446 3308; x_wconf 77' lang='lat' dir='ltr'>der</span> <span class='ocrx_word' id='word_1_251' title='bbox 472 3254 630 3322; x_wconf 73' lang='lat' dir='ltr'>Eiedeitunp</span> <span class='ocrx_word' id='word_1_252' title='bbox 657 3253 686 3306; x_wconf 82' lang='lat' dir='ltr'>in</span> <span class='ocrx_word' id='word_1_253' title='bbox 715 3252 757 3306; x_wconf 78' lang='lat' dir='ltr'>die</span> <span class='ocrx_word' id='word_1_254' title='bbox 784 3254 968 3323; x_wconf 77' lang='lat' dir='ltr'>Apolarypbcn</span> <span class='ocrx_word' id='word_1_255' title='bbox 986 3254 1007 3317; x_wconf 93' lang='lat' dir='ltr'>I,</span> <span class='ocrx_word' id='word_1_256' title='bbox 1026 3254 1061 3308; x_wconf 81' lang='lat'>49</span> <span class='ocrx_word' id='word_1_257' title='bbox 1080 3272 1140 3322; x_wconf 88' lang='lat' dir='ltr'>sqq.</span> <span class='ocrx_word' id='word_1_258' title='bbox 1164 3257 1213 3311; x_wconf 81' lang='lat'>121</span> <span class='ocrx_word' id='word_1_259' title='bbox 1235 3272 1297 3323; x_wconf 91' lang='lat' dir='ltr'>sqq.</span> 
     </span>
     <span class='ocr_line' id='line_1_29' title="bbox 114 3339 917 3411; baseline -0.007 -14"><span class='ocrx_word' id='word_1_260' title='bbox 114 3342 156 3398; x_wconf 82' lang='lat' dir='ltr'>Cf.</span> <span class='ocrx_word' id='word_1_261' title='bbox 176 3341 260 3405; x_wconf 87' lang='lat' dir='ltr'>Zahn,</span> <span class='ocrx_word' id='word_1_262' title='bbox 280 3342 406 3411; x_wconf 77' lang='lat' dir='ltr'>Iyuotiuc</span> <span class='ocrx_word' id='word_1_263' title='bbox 423 3357 475 3394; x_wconf 82' lang='lat' dir='ltr'>von</span> <span class='ocrx_word' id='word_1_264' title='bbox 492 3341 655 3394; x_wconf 70' lang='lat' dir='ltr'>Antiochiam</span> <span class='ocrx_word' id='word_1_265' title='bbox 674 3339 785 3407; x_wconf 72' lang='lat'>187312.</span> <span class='ocrx_word' id='word_1_266' title='bbox 805 3340 838 3392; x_wconf 89' lang='grc'>66</span> <span class='ocrx_word' id='word_1_267' title='bbox 857 3356 917 3407; x_wconf 83' lang='lat' dir='ltr'>sqq.</span> 
     </span>
    </p>

    <p class='ocr_par' dir='ltr' id='par_1_6' title="bbox 119 3424 1297 3583">
     <span class='ocr_line' id='line_1_30' title="bbox 183 3424 1297 3501; baseline 0.001 -19"><span class='ocrx_word' id='word_1_268' title='bbox 183 3429 347 3497; x_wconf 75' lang='lat' dir='ltr'>2Bea&#39;trdqc</span> <span class='ocrx_word' id='word_1_269' title='bbox 378 3443 412 3480; x_wconf 78' lang='lat' dir='ltr'>zu</span> <span class='ocrx_word' id='word_1_270' title='bbox 440 3427 511 3480; x_wconf 74' lang='lat' dir='ltr'>etrier</span> <span class='ocrx_word' id='word_1_271' title='bbox 543 3427 687 3480; x_wconf 67' lang='lat' dir='ltr'>tritisclrcn</span> <span class='ocrx_word' id='word_1_272' title='bbox 715 3424 868 3479; x_wconf 79' lang='lat' dir='ltr'>Gescbictte</span> <span class='ocrx_word' id='word_1_273' title='bbox 899 3426 1025 3495; x_wconf 74' lang='lat' dir='ltr'>Trojano.</span> <span class='ocrx_word' id='word_1_274' title='bbox 1072 3428 1114 3483; x_wconf 83' lang='lat' dir='ltr'>cf.</span> <span class='ocrx_word' id='word_1_275' title='bbox 1143 3428 1297 3501; x_wconf 80' lang='lat' dir='ltr'>Btidinger,</span> 
     </span>
     <span class='ocr_line' id='line_1_31' title="bbox 119 3511 976 3583; baseline 0 -13"><span class='ocrx_word' id='word_1_276' title='bbox 119 3514 356 3583; x_wconf 72' lang='lat' dir='ltr'>Unteraactaapca</span> <span class='ocrx_word' id='word_1_277' title='bbox 373 3530 423 3567; x_wconf 77' lang='lat' dir='ltr'>aar</span> <span class='ocrx_word' id='word_1_278' title='bbox 440 3517 506 3567; x_wconf 83' lang='lat' dir='ltr'>rdm.</span> <span class='ocrx_word' id='word_1_279' title='bbox 527 3512 772 3580; x_wconf 75' lang='lat' dir='ltr'>Kotcerpescbicbtc</span> <span class='ocrx_word' id='word_1_280' title='bbox 792 3511 897 3576; x_wconf 90' lang='grc'>18681,</span> <span class='ocrx_word' id='word_1_281' title='bbox 919 3514 976 3570; x_wconf 81' lang='grc'>171.</span> 
     </span>
    </p>

    <p class='ocr_par' dir='ltr' id='par_1_7' title="bbox 184 3596 1094 3668">
     <span class='ocr_line' id='line_1_32' title="bbox 184 3596 1094 3668; baseline 0 -13"><span class='ocrx_word' id='word_1_282' title='bbox 184 3603 200 3656; x_wconf 90' lang='lat'><strong>3</strong></span> <span class='ocrx_word' id='word_1_283' title='bbox 219 3601 340 3655; x_wconf 76' lang='lat' dir='ltr'>Histoire</span> <span class='ocrx_word' id='word_1_284' title='bbox 357 3601 402 3655; x_wconf 79' lang='lat' dir='ltr'>des</span> <span class='ocrx_word' id='word_1_285' title='bbox 415 3599 599 3668; x_wconf 75' lang='lat' dir='ltr'>peratcuticns</span> <span class='ocrx_word' id='word_1_286' title='bbox 618 3598 652 3652; x_wconf 88' lang='lat' dir='ltr'>de</span> <span class='ocrx_word' id='word_1_287' title='bbox 671 3596 779 3667; x_wconf 84' lang='lat' dir='ltr'>l&#39;e&#39;glise</span> <span class='ocrx_word' id='word_1_288' title='bbox 798 3597 810 3649; x_wconf 95' lang='lat' dir='ltr'>I</span> <span class='ocrx_word' id='word_1_289' title='bbox 828 3599 928 3666; x_wconf 80' lang='grc'>(1875),</span> <span class='ocrx_word' id='word_1_290' title='bbox 948 3601 1094 3656; x_wconf 77' lang='lat' dir='ltr'>sco-247.</span> 
     </span>
    </p>

    <p class='ocr_par' dir='ltr' id='par_1_8' title="bbox 182 3684 889 3757">
     <span class='ocr_line' id='line_1_33' title="bbox 182 3684 889 3757; baseline -0.003 -15"><span class='ocrx_word' id='word_1_291' title='bbox 182 3690 200 3741; x_wconf 83' lang='lat'>4</span> <span class='ocrx_word' id='word_1_292' title='bbox 218 3688 273 3741; x_wconf 80' lang='lat' dir='ltr'>Die</span> <span class='ocrx_word' id='word_1_293' title='bbox 291 3686 513 3757; x_wconf 68' lang='lat' dir='ltr'>Ipaotiomccbea</span> <span class='ocrx_word' id='word_1_294' title='bbox 531 3686 625 3753; x_wconf 79' lang='lat' dir='ltr'>Briefe</span> <span class='ocrx_word' id='word_1_295' title='bbox 646 3684 713 3737; x_wconf 83' lang='lat'>1892</span> <span class='ocrx_word' id='word_1_296' title='bbox 731 3702 758 3752; x_wconf 94' lang='lat' dir='ltr'>p.</span> <span class='ocrx_word' id='word_1_297' title='bbox 777 3685 889 3740; x_wconf 80' lang='grc'>84-97.</span> 
     </span>
    </p>

    <p class='ocr_par' dir='ltr' id='par_1_9' title="bbox 183 3772 847 3844">
     <span class='ocr_line' id='line_1_34' title="bbox 183 3772 847 3844; baseline -0.008 -15"><span class='ocrx_word' id='word_1_298' title='bbox 183 3776 199 3828; x_wconf 88' lang='grc'>5</span> <span class='ocrx_word' id='word_1_299' title='bbox 219 3775 259 3829; x_wconf 82' lang='lat' dir='ltr'>cf.</span> <span class='ocrx_word' id='word_1_300' title='bbox 279 3774 433 3844; x_wconf 73' lang='lat' dir='ltr'>Lightsoot,</span> <span class='ocrx_word' id='word_1_301' title='bbox 453 3773 479 3826; x_wconf 86' lang='lat' dir='ltr'>S.</span> <span class='ocrx_word' id='word_1_302' title='bbox 499 3772 629 3841; x_wconf 79' lang='lat' dir='ltr'>Ignatius</span> <span class='ocrx_word' id='word_1_303' title='bbox 648 3772 681 3834; x_wconf 94' lang='lat' dir='ltr'>Il,</span> <span class='ocrx_word' id='word_1_304' title='bbox 701 3774 847 3826; x_wconf 77' lang='lat'>435-444.</span> 
     </span>
    </p>

    <p class='ocr_par' dir='ltr' id='par_1_10' title="bbox 113 3859 1298 4261">
     <span class='ocr_line' id='line_1_35' title="bbox 182 3859 1297 3920; baseline 0.004 -4"><span class='ocrx_word' id='word_1_305' title='bbox 182 3863 199 3916; x_wconf 89' lang='lat'><strong>6</strong></span> <span class='ocrx_word' id='word_1_306' title='bbox 217 3861 282 3914; x_wconf 84' lang='lat' dir='ltr'>Alia</span> <span class='ocrx_word' id='word_1_307' title='bbox 300 3860 400 3915; x_wconf 84' lang='lat' dir='ltr'>fabula</span> <span class='ocrx_word' id='word_1_308' title='bbox 411 3860 505 3913; x_wconf 87' lang='lat' dir='ltr'>modio</span> <span class='ocrx_word' id='word_1_309' title='bbox 524 3876 592 3913; x_wconf 86' lang='lat' dir='ltr'>aevo</span> <span class='ocrx_word' id='word_1_310' title='bbox 606 3876 640 3913; x_wconf 85' lang='lat' dir='ltr'>ex</span> <span class='ocrx_word' id='word_1_311' title='bbox 653 3859 706 3912; x_wconf 87' lang='lat' dir='ltr'>hoc</span> <span class='ocrx_word' id='word_1_312' title='bbox 718 3860 831 3913; x_wconf 89' lang='lat' dir='ltr'>nomine</span> <span class='ocrx_word' id='word_1_313' title='bbox 844 3865 908 3914; x_wconf 85' lang='lat' dir='ltr'>orta</span> <span class='ocrx_word' id='word_1_314' title='bbox 921 3864 971 3914; x_wconf 87' lang='lat' dir='ltr'>est.</span> <span class='ocrx_word' id='word_1_315' title='bbox 1008 3861 1176 3918; x_wconf 88' lang='lat' dir='ltr'>Vincentius</span> <span class='ocrx_word' id='word_1_316' title='bbox 1191 3865 1297 3920; x_wconf 84' lang='lat' dir='ltr'>Bellor.</span> 
     </span>
     <span class='ocr_line' id='line_1_36' title="bbox 113 3944 1298 4018; baseline 0.004 -16"><span class='ocrx_word' id='word_1_317' title='bbox 113 3947 203 4018; x_wconf 80' lang='lat' dir='ltr'>(Spes.</span> <span class='ocrx_word' id='word_1_318' title='bbox 223 3947 288 4001; x_wconf 91' lang='lat' dir='ltr'>hist.</span> <span class='ocrx_word' id='word_1_319' title='bbox 306 3946 339 4011; x_wconf 89' lang='lat' dir='ltr'>X,</span> <span class='ocrx_word' id='word_1_320' title='bbox 360 3949 393 4002; x_wconf 79' lang='lat'>57</span> <span class='ocrx_word' id='word_1_321' title='bbox 413 3945 456 4000; x_wconf 91' lang='lat' dir='ltr'>ed.</span> <span class='ocrx_word' id='word_1_322' title='bbox 473 3946 578 3999; x_wconf 87' lang='lat' dir='ltr'>Bened.</span> <span class='ocrx_word' id='word_1_323' title='bbox 596 3946 641 4008; x_wconf 88' lang='lat' dir='ltr'>IV,</span> <span class='ocrx_word' id='word_1_324' title='bbox 661 3944 724 4013; x_wconf 80' lang='grc'>888)</span> <span class='ocrx_word' id='word_1_325' title='bbox 742 3949 854 3998; x_wconf 89' lang='lat' dir='ltr'>narrat:</span> <span class='ocrx_word' id='word_1_326' title='bbox 874 3947 964 4000; x_wconf 90' lang='lat' dir='ltr'>Huius</span> <span class='ocrx_word' id='word_1_327' title='bbox 984 3964 1032 4002; x_wconf 91' lang='lat' dir='ltr'>cor</span> <span class='ocrx_word' id='word_1_328' title='bbox 1046 3964 1111 4001; x_wconf 92' lang='lat' dir='ltr'>cum</span> <span class='ocrx_word' id='word_1_329' title='bbox 1129 3949 1298 4007; x_wconf 86' lang='lat' dir='ltr'>minutatim</span> 
     </span>
     <span class='ocr_line' id='line_1_37' title="bbox 115 4030 1298 4107; baseline 0.007 -22"><span class='ocrx_word' id='word_1_330' title='bbox 115 4032 235 4087; x_wconf 88' lang='lat' dir='ltr'>divisum</span> <span class='ocrx_word' id='word_1_331' title='bbox 254 4037 335 4098; x_wconf 83' lang='lat' dir='ltr'>esset,</span> <span class='ocrx_word' id='word_1_332' title='bbox 356 4050 459 4087; x_wconf 85' lang='lat' dir='ltr'>nomen</span> <span class='ocrx_word' id='word_1_333' title='bbox 477 4031 591 4085; x_wconf 88' lang='lat' dir='ltr'>Domini</span> <span class='ocrx_word' id='word_1_334' title='bbox 609 4031 671 4084; x_wconf 87' lang='lat' dir='ltr'>Iesu</span> <span class='ocrx_word' id='word_1_335' title='bbox 692 4030 811 4095; x_wconf 84' lang='lat' dir='ltr'>Christi,</span> <span class='ocrx_word' id='word_1_336' title='bbox 830 4030 933 4087; x_wconf 88' lang='lat' dir='ltr'>litteris</span> <span class='ocrx_word' id='word_1_337' title='bbox 953 4035 1045 4088; x_wconf 87' lang='lat' dir='ltr'>aureis</span> <span class='ocrx_word' id='word_1_338' title='bbox 1063 4035 1236 4106; x_wconf 83' lang='lat' dir='ltr'>inscriptum</span> <span class='ocrx_word' id='word_1_339' title='bbox 1255 4041 1298 4107; x_wconf 91' lang='lat' dir='ltr'>(ut</span> 
     </span>
     <span class='ocr_line' id='line_1_38' title="bbox 114 4117 1298 4189; baseline 0.004 -15"><span class='ocrx_word' id='word_1_340' title='bbox 114 4120 243 4189; x_wconf 81' lang='lat' dir='ltr'>legitur),</span> <span class='ocrx_word' id='word_1_341' title='bbox 272 4121 302 4174; x_wconf 92' lang='lat' dir='ltr'>in</span> <span class='ocrx_word' id='word_1_342' title='bbox 320 4121 440 4189; x_wconf 82' lang='lat' dir='ltr'>singulis</span> <span class='ocrx_word' id='word_1_343' title='bbox 466 4118 595 4187; x_wconf 85' lang='lat' dir='ltr'>partibus</span> <span class='ocrx_word' id='word_1_344' title='bbox 622 4117 768 4171; x_wconf 85' lang='lat' dir='ltr'>inventum</span> <span class='ocrx_word' id='word_1_345' title='bbox 788 4122 839 4173; x_wconf 91' lang='lat' dir='ltr'>est.</span> <span class='ocrx_word' id='word_1_346' title='bbox 875 4118 992 4174; x_wconf 87' lang='lat' dir='ltr'>Dixerat</span> <span class='ocrx_word' id='word_1_347' title='bbox 1021 4120 1111 4183; x_wconf 85' lang='lat' dir='ltr'>enim,</span> <span class='ocrx_word' id='word_1_348' title='bbox 1141 4140 1171 4176; x_wconf 89' lang='lat' dir='ltr'>sc</span> <span class='ocrx_word' id='word_1_349' title='bbox 1191 4124 1298 4179; x_wconf 88' lang='lat' dir='ltr'>habere</span> 
     </span>
     <span class='ocr_line' id='line_1_39' title="bbox 114 4205 418 4261; baseline -0.01 0"><span class='ocrx_word' id='word_1_350' title='bbox 114 4205 259 4261; x_wconf 85' lang='lat' dir='ltr'>Christum</span> <span class='ocrx_word' id='word_1_351' title='bbox 278 4207 307 4260; x_wconf 89' lang='lat' dir='ltr'>in</span> <span class='ocrx_word' id='word_1_352' title='bbox 327 4205 418 4260; x_wconf 87' lang='lat' dir='ltr'>corde.</span> 
     </span>
    </p>
   </div>
   <div class='ocr_carea' id='block_1_5' title="bbox 0 0 1422 5018">
    <p class='ocr_par' dir='ltr' id='par_1_11' title="bbox 0 0 1422 5018">
     <span class='ocr_line' id='line_1_40' title="bbox 0 0 1422 5018; baseline 0 0"><span class='ocrx_word' id='word_1_353' title='bbox 0 0 1422 5018; x_wconf 95' lang='lat' dir='ltr'> </span> 
     </span>
    </p>
   </div>
  </div>
 </body>
</html>
