2834 5018
576 643 646 700 sni.
666 644 687 707 1,
707 645 782 701 1-s.
1205 653 1266 717 521

92 821 134 884 tis
166 841 261 905 agros
284 826 317 886 et
348 826 521 908 apparatus
550 823 736 908 magnificos
768 828 801 888 et
829 825 973 890 aedificia
1001 829 1034 890 et
1054 826 1269 892 habitationes

92 931 327 1008 supervacuas?
357 930 387 993 2.
412 927 500 992 Haec
522 928 622 1013 igitur
644 929 698 1013 qui
721 935 885 1014 comparat
907 931 941 995 in
962 932 1023 996 hac
1047 932 1182 1009 civitate,
1205 953 1269 997 non

92 1030 213 1116 cogitat
233 1031 267 1095 in
298 1054 387 1096 suam
416 1032 578 1097 civitatem
599 1035 710 1098 redire.
757 1036 787 1100 3.
813 1035 917 1101 Stulte
940 1040 973 1101 et
995 1037 1089 1101 dubie
1120 1041 1152 1101 et
1173 1037 1269 1101 miser

91 1135 196 1211 homo,
219 1157 323 1200 nonne
345 1136 525 1223 intellegis,
555 1138 634 1203 haec
657 1139 763 1203 omnia
786 1139 891 1204 aliena
912 1161 980 1205 esse
1002 1144 1035 1205 et
1057 1141 1115 1204 sub
1138 1140 1268 1207 alterius

90 1244 272 1324 potestate?
294 1241 388 1307 Dicet
404 1243 488 1307 enim
504 1243 648 1308 dominus
672 1243 811 1309 civitatis
826 1245 936 1310 huius:
960 1244 1046 1310 Nolo
1068 1249 1100 1308 te
1121 1244 1295 1310 habitares

89 1346 123 1409 in
145 1346 272 1410 civitate
294 1368 385 1422 mea3
410 1349 465 1412 sed
487 1348 537 1413 exi
560 1369 598 1411 ex
621 1348 682 1412 hac
705 1348 842 1428 civitate,
868 1349 943 1434 quia
963 1348 1088 1434 legibus
1110 1349 1188 1413 meis
1204 1371 1269 1414 non

89 1451 197 1515 uteris.
244 1452 274 1514 4.
299 1451 349 1515 Tu
371 1473 466 1535 ergo,
501 1452 555 1536 qui
576 1452 676 1515 habes
709 1474 802 1538 agros
825 1458 858 1518 et
888 1453 1030 1518 aedificia
1053 1457 1084 1517 et
1107 1452 1186 1517 alios
1209 1475 1268 1537 ap·

89 1561 221 1639 paratus
243 1556 371 1634 multos,
396 1579 469 1622 cum
491 1557 659 1642 expelleris
682 1559 722 1622 ab
746 1579 801 1634 eo,
835 1557 910 1642 quid
931 1557 1030 1623 facies
1058 1578 1135 1641 agro
1157 1561 1213 1621 tuo
1237 1561 1270 1621 et

91 1661 198 1724 domui
221 1665 254 1725 et
284 1661 415 1745 reliquis
437 1661 602 1739 omnibus,
636 1684 718 1746 quae
739 1662 799 1727 tibi
831 1662 1046 1747 comparasti?
1077 1661 1163 1726 Iuste
1185 1661 1269 1727 enim

89 1765 165 1830 dicit
187 1766 246 1831 tibi
269 1767 414 1830 dominus
439 1767 534 1830 huius
557 1772 677 1832 terrae:
702 1767 771 1832 Aut
792 1767 918 1850 legibus
933 1767 1012 1832 meis
1034 1770 1122 1831 utere
1145 1771 1201 1831 aut
1215 1786 1267 1829 re·
1282 1791 1307 1828 1ο

88 1871 162 1934 cede
186 1872 223 1935 de
245 1875 330 1935 terra
345 1892 424 1935 mea.
472 1872 502 1934 5.
527 1871 577 1935 Tu
591 1872 691 1957 igitur
708 1872 784 1957 quid
806 1871 948 1936 facturus
963 1893 1005 1947 es,
1027 1870 1149 1935 habens
1164 1870 1269 1954 legem

88 1974 121 2037 in
143 1974 221 2038 urbe
252 1978 332 2038 tua?
365 1974 533 2058 Numquid¹
558 1981 690 2061 propter
722 1997 816 2061 agros
846 1980 918 2039 tuos
950 1980 982 2039 et
1012 1973 1167 2056 reliquam
1191 1975 1267 2038 sub·

88 2079 239 2143 stantiam
262 2077 367 2163 alege
390 2085 448 2143 tua
462 2080 590 2145 omnino
614 2081 767 2146 descisces
782 2087 815 2145 et
837 2079 1014 2145 ambulabis
1030 2081 1063 2143 in
1085 2078 1158 2164 lege
1174 2077 1269 2143 huius

89 2183 253 2247 civitatis?
287 2183 378 2261 Vide,
402 2207 442 2249 ne
463 2185 523 2250 tibi
552 2186 764 2269 perniciosum
786 2185 829 2249 sit
857 2184 1029 2249 desciscere
1052 2183 1164 2267 alege
1193 2186 1267 2257 tua;

89 2287 116 2351 si
139 2288 223 2352 enim
244 2288 278 2352 in
300 2288 463 2354 civitatem
492 2293 581 2354 tuam
603 2290 703 2356 redire
725 2290 879 2366 volueris,
907 2310 971 2353 non
993 2287 1168 2372 recipieris,
1193 2286 1269 2372 quia
1282 2312 1308 2350 rs

90 2414 108 2457 a
130 2391 202 2477 lege
224 2393 363 2458 civitatis
386 2398 460 2458 tuae
477 2394 658 2470 discessisti,
682 2399 777 2479 atque
793 2392 968 2458 excluderis
991 2394 1032 2458 ab
1048 2414 1093 2457 ea.
1140 2392 1169 2456 6.
1186 2391 1269 2456 Vide

89 2496 197 2580 itaque
221 2501 273 2561 tu:
308 2499 399 2581 quasi
420 2520 555 2584 peregre
586 2499 734 2565 habitans
756 2498 839 2563 nihil
870 2497 1007 2581 amplius
1029 2497 1090 2561 tibi
1120 2517 1270 2580 compara

90 2622 186 2684 quam
209 2600 292 2684 quod
315 2601 358 2665 sit
389 2603 602 2666 necessarium
633 2624 670 2667 ac
693 2602 868 2678 sufficiens,
902 2605 935 2666 et
955 2606 1086 2685 paratus
1115 2605 1199 2677 estc,
1223 2604 1268 2678 ut,

88 2726 160 2768 cum
183 2704 328 2768 dominus
360 2706 499 2770 civitatis
520 2706 615 2771 huius
637 2711 669 2772 te
700 2707 859 2792 expellere
885 2706 1020 2771 voluerit
1052 2706 1268 2771 contradicen-

88 2813 153 2873 tem
175 2808 276 2893 ipsius
298 2808 379 2893 legi,
416 2831 509 2876 exeas
532 2832 570 2875 ex
593 2811 661 2876 eius
691 2813 818 2876 civitate
841 2816 873 2876 et
895 2811 1022 2875 recedas
1052 2810 1085 2874 in
1108 2809 1269 2874 civitatem
1282 2835 1308 2874 ao

88 2916 178 2977 tuam
201 2919 233 2977 et
253 2918 310 2978 tua
333 2914 406 2999 lege
428 2915 538 2993 utaris,
564 2917 704 2999 gaudens
719 2917 834 2981 iniuria
856 2937 919 2980 non
936 2916 1077 2980 affectus.
1102 2916 1131 2978 7.
1155 2914 1269 2979 Videte

88 3018 188 3102 igitur
209 3040 274 3096 vos,
300 3019 355 3103 qui
378 3020 502 3085 servitis
525 3021 651 3085 domino
674 3042 808 3104 eumque
822 3020 948 3085 habetis
971 3020 1005 3083 in
1019 3020 1130 3084 corde:
1155 3040 1268 3103 opera-

88 3122 167 3185 mini
189 3144 286 3206 opera
319 3123 369 3187 dei
401 3143 565 3188 memores
595 3127 826 3189 mandatorum
857 3129 929 3187 eiua
952 3126 984 3186 et
1012 3123 1268 3206 promissionum,

89 3248 167 3310 quas
189 3227 352 3311 promisit,
387 3232 420 3291 et
442 3228 558 3292 credite
581 3228 619 3303 ei,
644 3229 726 3312 quod
749 3227 868 3292 efficiet
891 3248 954 3304 eas,
979 3227 1006 3290 si
1028 3227 1179 3291 mandata
1201 3226 1270 3290 eius

90 3332 319 3396 custodiuntur.
367 3332 396 3395 8.
428 3331 492 3396 Pro
525 3331 610 3415 agris
642 3351 718 3414 ergo
749 3330 892 3395 redimite
920 3330 1041 3396 animas
1071 3334 1267 3414 angustatus,
1282 3357 1309 3396 aa
1353 3354 1356 3359 ·

88 3440 184 3520 prout
215 3436 286 3519 quis
308 3440 434 3519 potest,
467 3439 500 3500 et
523 3438 640 3500 viduae
669 3445 702 3500 et
730 3437 896 3517 orphanos
925 3439 1059 3498 οἱοίισιο
1086 3455 1189 3518 neque
1211 3455 1268 3498 vos

88 3540 239 3604 avertatis
262 3541 302 3605 ab
326 3539 407 3616 illis,
439 3545 471 3605 et
493 3540 619 3604 divitias
641 3543 762 3604 vestras
786 3544 818 3604 et
840 3542 1015 3624 apparatus
1037 3559 1164 3615 omnes,
1190 3559 1269 3623 quos

158 3691 191 3744 25
209 3689 253 3744 Ps.
275 3691 332 3755 102,
353 3690 393 3746 18.
413 3721 447 3731 -
465 3693 499 3746 29
520 3693 574 3746 Iac.
596 3694 618 3755 1,
638 3692 679 3746 27.

89 3812 232 3870 τουτέστιν
249 3812 288 3880 εἰς
306 3819 356 3885 τὴν
374 3810 433 3871 ἄνω
446 3814 639 3890 Ἰερουσαλήμ.
693 3815 783 3879 eedIt,
813 3816 846 3867 nt
864 3831 928 3868 eum
946 3813 1103 3867 reddidisse
1124 3812 1268 3882 putandus

124 3900 148 3953 3.
167 3900 311 3973 ἀλλότρια]
331 3900 374 3955 cf.
394 3902 419 3956 Il
440 3902 525 3957 Clcm.
545 3903 569 3967 5,
589 3903 614 3956 6.
632 3933 667 3940 -
693 3903 738 3957 sit
776 3901 817 3956 cf.
838 3899 902 3955 Sim.
921 3900 948 3953 11
966 3904 1023 3954 not

87 3985 134 4044 ὑπ’
152 3985 280 4057 ἐξουσίαν
297 3985 347 4058 ἑο]
367 3987 408 4042 cf.
428 3990 509 4043 Barn.
530 3991 554 4054 2,
574 3992 597 4046 1.
727 3989 752 4043 6.
778 3987 954 4062 αὐτάρκειαν]
980 3986 1023 4041 01.
1050 3986 1130 4040 Prov.
1160 3985 1206 4049 30,
1236 3985 1268 4048 8;

122 4076 147 4129 4.
166 4075 285 4144 δικαίως]
314 4075 394 4128 Bona
418 4077 494 4129 enim
520 4075 667 4130 terrestria
694 4077 779 4132 clem.
806 4075 849 4128 Al.
873 4072 958 4127 Paed.
976 4072 1010 4136 Il,
1033 4074 1073 4136 12,
1094 4072 1151 4126 120.
1172 4074 1221 4127 127
1240 4090 1267 4142 p.

88 4163 140 4216 sub
158 4166 302 4232 potestate
321 4160 429 4217 diaboli
447 4167 524 4229 sunt,
543 4165 580 4218 of.
597 4183 621 4218 v.
642 4164 666 4218 3.
693 4164 744 4218 212
762 4181 803 4231 sq.
823 4163 882 4217 247.

88 4281 122 4288 —
140 4251 227 4320 ἢτοῖς
246 4250 342 4317 νόμους
359 4250 429 4319 κτλ.]
449 4250 666 4306 Commodianus
726 4249 751 4304 8.
771 4249 862 4322 ψυχὰς
879 4248 936 4317 dl]
957 4247 999 4302 Cf.
1018 4246 1113 4300 Mand.
1132 4244 1205 4309 VIII,
1221 4248 1267 4301 10:

88 4336 219 4391 instruct.
230 4337 264 4398 Il,
274 4339 308 4391 25
327 4336 424 4390 dicens
438 4341 568 4394 auctores
580 4339 665 4394 sohis-
693 4335 722 4406 ἐξ
731 4335 861 4407 ἀναγκῶν
870 4339 1048 4404 λυτροῦσθαι.
1059 4362 1093 4372 -
1100 4336 1187 4404 χήρας
1197 4332 1268 4402 sert]

88 4427 196 4478 matum
214 4423 320 4493 populo
345 4423 523 4493 praecipere:
549 4429 607 4481 Aut
625 4426 666 4479 fa
693 4422 735 4476 cf.
754 4418 997 4483 MandVlII,10;
1017 4419 1103 4473 Clem.
1116 4419 1151 4471 ad
1166 4418 1234 4488 virg.
1248 4419 1268 4482 Ι,

89 4511 145 4566 cite
156 4510 249 4581 legem
262 4510 388 4565 civitatis
401 4514 452 4565 aut
464 4510 539 4565 exite
559 4512 594 4565 de
607 4511 665 4575 ills,
695 4511 735 4567 12.
753 4540 788 4549 —
807 4529 829 4564 τ.
847 4506 1059 4578 sterterent]
1079 4507 1123 4563 cf.
1141 4507 1206 4561 Luc.
1229 4507 1267 4567 ld,

87 4599 149 4651 tam
166 4613 255 4667 prope
275 4597 313 4652 ad
336 4596 417 4652 illum
434 4596 604 4652 versiculum
621 4612 666 4652 ac·
693 4598 725 4661 9;
753 4596 819 4651 Sim.
838 4594 880 4659 V,
899 4597 928 4659 0,
947 4597 971 4650 ’1.
998 4625 1033 4634 -
1060 4594 1099 4663 εἰς
1125 4593 1269 4660 τοιούτους
