2834 5018
421 589 646 645 MARTYRIUM
666 591 691 644 S.
710 591 924 647 POLYCARPI.
1157 598 1260 665 XCIX

87 766 199 831 habuit.
243 768 381 834 Librum
396 767 596 848 Vaticanum,
621 791 714 854 quem
729 793 793 835 uno
815 771 885 836 loco
902 771 945 855 (9,
964 771 995 854 1)
1019 795 1126 839 omnes
1141 774 1258 839 hucus-

90 894 142 955 que
163 872 243 937 false
266 873 435 957 legenmt,
465 895 503 937 ea
525 897 589 958 qua
618 875 733 958 dignus
756 880 804 940 est
827 876 1001 961 diligentia,
1033 878 1101 961 ipse
1125 879 1257 956 excussi,

86 977 214 1062 reliquos
246 999 392 1062 quoque,
425 982 551 1061 praeter
578 978 735 1043 Andrium
764 984 796 1043 et
825 978 1256 1060 Alexandrino-Vaticanum,

85 1082 196 1146 contuli
218 1082 269 1146 vel
293 1082 428 1164 inspexi.

164 1186 213 1251 De
236 1188 433 1272 fragmentis
455 1187 632 1272 Polycarpo
655 1188 822 1270 adscriptis
844 1188 915 1252 ride
937 1187 1084 1254 volumen
1106 1189 1148 1254 II.

573 1348 782 1355 ——-..——-——-

367 1440 639 1506 MARTYRIUM
663 1440 693 1505 S.
718 1439 970 1507 POLYCARPI.

658 1588 682 1653 Ι,

162 1713 260 1778 Hauc
284 1714 475 1797 scripturam
497 1715 583 1779 haud
605 1715 652 1779 ita
671 1714 771 1779 multo
794 1719 867 1799 post
890 1718 1024 1777 mortem
1040 1712 1071 1777 S.
1088 1709 1258 1795 Polycarpi

83 1814 220 1881 Marcion
244 1818 376 1901 quidam
398 1819 525 1884 nomine
549 1819 699 1884 ecclesiae
715 1817 914 1901 Smymensis
935 1817 1112 1881 exaravisse
1133 1817 1258 1880 ridetur

82 1921 142 1999 (20,
159 1920 204 2003 2).
252 1922 336 1986 Eam
358 1944 421 1986 uon
444 1923 554 1987 statim
583 1927 658 2007 post
678 1922 866 2004 martyrium
896 1920 1073 1986 confectam
1096 1921 1195 1984 fuisse
1218 1941 1257 1983 er

82 2027 129 2102 20,
155 2029 171 2091 1
197 2029 350 2110 apparet,
383 2028 438 2092 ubi
460 2027 625 2111 Smyrnaei
652 2026 912 2091 Philomelienses
944 2046 1073 2110 rogasse
1104 2025 1255 2101 referunt,

82 2135 115 2194 ut
135 2131 284 2214 pluribus
307 2132 386 2215 ipsis
408 2133 643 2209 nuntiarentur,
675 2153 755 2215 quae
777 2131 811 2194 in
832 2129 1008 2195 beatissimi
1030 2129 1088 2191 viri
1110 2128 1256 2211 passione

83 2240 171 2318 gesta
194 2238 311 2312 essent,
335 2236 525 2314 indicantes,
556 2237 676 2300 famam
699 2238 737 2301 de
760 2236 911 2319 martyrio
939 2235 1004 2298 iam
1030 2238 1123 2297 antea
1145 2232 1255 2296 Philo-

82 2338 207 2403 melium
239 2340 430 2422 pervenisse.
483 2340 577 2405 Brevi
607 2363 681 2405 vero
711 2344 744 2404 et
774 2339 900 2423 quidem
934 2361 1015 2403 anno
1048 2338 1150 2422 primo
1183 2340 1258 2420 post

82 2448 212 2507 mortem
243 2465 313 2507 eam
345 2445 556 2528 conscriptam
587 2467 655 2509 esse
685 2466 722 2508 ex
747 2445 797 2522 18,
823 2445 843 2506 2
872 2447 979 2527 patet,
1011 2443 1067 2508 ubi
1094 2440 1257 2526 Smyrnaei

83 2548 329 2612 anniversarium
352 2547 436 2611 diem
457 2548 600 2630 martyrii
622 2549 761 2632 primum
783 2548 921 2612 nondum
944 2548 1137 2612 celebratum
1157 2546 1256 2609 fuisse

83 2652 229 2734 produnt.

163 2756 215 2820 De
239 2778 321 2820 anno
346 2760 467 2834 autem,
497 2778 558 2840 quo
582 2777 607 2819 s.
630 2760 751 2838 martyr
771 2777 884 2838 passus
908 2760 965 2833 est,
988 2776 1107 2839 magna
1129 2759 1256 2819 contro·

83 2861 181 2924 versia
204 2864 316 2924 exorta
339 2865 396 2935 est,
420 2864 453 2924 et
476 2860 530 2923 alii
554 2860 652 2923 alium
673 2864 821 2924 statuere.
856 2860 880 2923 I.
897 2859 1059 2924 Pearsou1
1083 2860 1254 2943 respiciens

82 2963 370 3048 Chronographum
386 2964 544 3046 quendam
565 2969 703 3027 veterem
717 2963 977 3047 manuscriptum,
1002 2965 1040 3027 de
1056 2985 1117 3047 quo
1133 2962 1158 3026 Ι.
1171 2961 1254 3026 Voss

82 3068 141 3152 ipsi
162 3068 332 3145 retulerat,
362 3067 552 3144 tradentem,
577 3067 790 3151 Polycarpum
811 3069 987 3152 imperante
1010 3067 1173 3132 Antonino
1197 3066 1255 3130 Pio

82 3174 205 3249 obiisse,
230 3178 263 3237 et
285 3173 380 3237 Mart.
405 3194 430 3236 c.
449 3174 507 3250 21,
537 3172 592 3235 ubi
606 3173 724 3236 mortis
756 3177 898 3255 tempore
921 3172 1042 3237 Statius
1066 3170 1254 3248 Quadratus,

82 3280 133 3362 qui
156 3301 184 3342 a.
211 3278 274 3341 142
300 3276 409 3340 consul
431 3276 551 3351 fuerat,
582 3276 752 3360 proconsul
775 3276 871 3341 Asiae
894 3276 992 3340 fuisse
1016 3277 1145 3354 dicitur,
1168 3299 1254 3342 mar·

84 3384 199 3465 tyrium
217 3381 258 3446 ad
280 3381 475 3445 annum147
499 3380 620 3457 retulit,
643 3385 770 3464 putans,
794 3380 938 3445 consules
961 3402 999 3444 ex
1014 3381 1081 3444 iure
1105 3381 1145 3444 ad
1161 3381 1254 3465 quin-

83 3487 252 3570 quennium
274 3483 532 3568 proconsulatum
562 3485 692 3548 sortitos
715 3505 795 3559 esse,
828 3489 860 3548 et
882 3484 1060 3560 Dodwell2,
1085 3484 1254 3550 Gallandi³

82 3591 187 3656 etalii
210 3591 240 3654 ei
263 3589 383 3653 assensi
405 3594 486 3653 sunt.
534 3588 662 3654 Samuel
685 3588 789 3652 Petit*
812 3588 967 3653 invenisse
999 3589 1060 3652 sibi
1088 3590 1173 3653 risus
1197 3593 1254 3665 est,

82 3694 293 3779 Polycarpum
325 3716 352 3757 a.
388 3694 449 3757 175
485 3715 633 3758 coronam
667 3693 811 3775 martyrii
843 3697 973 3757 nactum
1005 3715 1081 3757 esse.
1127 3693 1256 3777 Reliqui

83 3806 214 3865 mortem
244 3799 285 3863 ad
306 3820 406 3861 unum
434 3798 484 3862 vel
507 3798 643 3862 alterurn
672 3819 789 3860 annum
818 3796 959 3861 decennii
987 3797 1114 3880 septimi
1136 3796 1255 3861 saeculi

83 3905 206 3968 secundi
237 3904 429 3979 retulerunt,
461 3923 488 3965 e.
512 3924 543 3987 g.
574 3899 740 3966 Baratier⁶
764 3901 804 3965 ad
832 3924 858 3965 a.
886 3902 964 3980 161,
994 3901 1120 3980 Non'sl,
1154 3900 1253 3965 Tille-

151 4110 163 4161 l
183 4110 278 4178 Opera
294 4108 447 4177 posthuma
465 4106 674 4174 chronologica.
710 4105 831 4160 Londini
851 4107 919 4161 1688
937 4123 963 4175 p.
984 4105 1034 4160 276
1053 4120 1113 4171 sqq.

149 4197 165 4250 2
184 4196 300 4250 Dissert
319 4194 358 4248 IV
376 4195 406 4249 in
425 4195 507 4264 prr.
527 4212 550 4248 c.
567 4194 593 4247 4.

149 4285 165 4338 3
182 4282 253 4337 Bibl.
273 4284 329 4339 vet.
348 4281 423 4335 Patr.
442 4281 455 4333 1
472 4280 581 4351 Proleg.
600 4297 627 4349 p.
647 4278 703 4333 XO.

148 4370 226 4425 401.
243 4369 369 4424 Pearson
385 4369 404 4422 l.
423 4387 446 4423 c.
464 4387 492 4439 p.
510 4369 569 4424 288.

149 4457 165 4509 5
181 4454 350 4523 Disquieitio
364 4455 487 4509 chronol.
502 4455 537 4510 de
550 4455 727 4510 successione
740 4454 829 4520 antiq.
842 4451 965 4524 episcop.
980 4456 1059 4511 Rom.
1074 4458 1140 4514 1740
1152 4475 1179 4527 p.
1193 4458 1251 4513 201.

150 4543 166 4597 6
183 4543 254 4613 Opp.
273 4542 377 4597 Veron.
398 4543 464 4597 1729
484 4542 517 4607 Il,
537 4544 578 4598 30.

992 4635 1041 4723 g*
