2834 5018
395 637 445 691 au
466 639 545 692 corr.
565 637 676 701 XXXII,
695 637 873 701 4-ΧΧΧΝ,
893 638 918 692 4-
1178 643 1239 707 141

65 822 176 900 potens
206 818 284 881 deus
308 817 347 881 ab
378 816 468 880 initio
492 839 599 881 omnes
621 817 817 892 iustificavit3
846 817 896 881 cui
918 817 959 881 sit
982 817 1086 901 gloria
1113 819 1147 884 in
1171 840 1241 884 sae·

66 921 135 985 cula
158 921 367 986 saeculorum.
413 920 525 984 Amen.

151 1025 301 1090 XXXHI
327 1024 409 1102 Quid
431 1025 529 1108 igitur
545 1026 706 1102 faciemus,
729 1025 868 1089 fratres?
892 1023 1092 1090 Cessabimus
1116 1027 1241 1092 abonis

68 1132 217 1214 operibus
241 1136 273 1195 et
296 1130 461 1194 caritatem
485 1130 760 1212 derelinquemus?
783 1128 978 1213 Neutiquam
993 1129 1053 1195 hoc
1076 1132 1161 1214 apud
1182 1154 1240 1197 nos

66 1236 132 1299 fieri
154 1237 320 1319 permittat
343 1235 504 1311 dominus,
542 1236 597 1298 sed
621 1256 692 1298 eum
715 1233 880 1318 diligentia
903 1239 935 1297 et
957 1235 1053 1299 animi
1075 1236 1267 1301 alacritates

69 1360 163 1404 cirene
178 1360 261 1422 opaca
277 1343 394 1404 bonrrnr
418 1360 571 1423 peragere
587 1339 781 1402 festinemus.
828 1340 857 1401 2.
882 1338 953 1421 Ipse
976 1340 1059 1404 enim
1081 1341 1188 1424 opifex
1209 1347 1242 1406 et

68 1446 209 1509 dominus
243 1445 384 1509 omnium
413 1445 445 1507 in
479 1444 628 1527 operibus
660 1444 725 1507 suis
755 1443 903 1507 exsultat.
960 1446 989 1507 3.
1015 1444 1126 1509 Caelos
1157 1446 1241 1510 enim

68 1572 214 1633 suprema
229 1572 287 1613 sua
310 1555 342 1613 et
357 1549 496 1612 maxima
517 1549 661 1633 potentia
676 1548 831 1612 stabilivit
852 1547 987 1630 illosque
999 1550 1240 1633 incomprehen-

68 1656 149 1720 sibili
172 1679 231 1720 sua
253 1656 411 1739 sapientia
430 1655 570 1725 ornavit:
603 1659 719 1717 terram
742 1653 836 1716 etiam
861 1653 900 1716 ab
924 1676 1023 1735 aqua,
1049 1678 1129 1739 quae
1151 1655 1239 1719 illam

67 1762 179 1832 ambit,
215 1761 375 1844 separavit
397 1765 429 1823 et
451 1782 547 1843 super
569 1759 730 1823 immobile
753 1759 900 1842 propriae
928 1758 1101 1824 voluntatis
1124 1761 1239 1826 funda·
1256 1775 1280 1812 ¹⁰

67 1872 207 1929 mentum
230 1866 383 1935 firmant:
408 1870 440 1928 et
463 1864 622 1931 animalia.
647 1886 728 1946 quae
750 1865 784 1927 in
807 1863 863 1926 illa
884 1868 1056 1941 versantur,
1081 1865 1168 1929 iussu
1184 1887 1241 1930 suo

65 1971 227 2054 praecepit
250 1990 337 2048 esse;
361 1992 447 2033 mare
464 1970 559 2033 etiam
583 1975 616 2033 et
631 1992 712 2052 qnae
733 1970 767 2032 in
782 1968 839 2032 illo
861 1967 970 2031 vivunt
986 1969 1144 2045 animalia,
1170 1993 1241 2035 cum

66 2076 151 2158 prins
173 2081 327 2159 parasset,
352 2076 495 2158 potentia
519 2098 576 2139 sua
598 2075 734 2138 inclusit.
781 2074 811 2137 4.
836 2072 887 2136 Ad
902 2072 980 2136 haee
1002 2073 1108 2136 omnia
1124 2070 1255 2138 animal

67 2181 363 2244 excellentissimum
387 2186 419 2244 et
441 2179 620 2242 intellectus
645 2179 800 2259 dignitate
824 2177 1045 2252 celsissimum,
1069 2177 1238 2254 hominem,

66 2286 214 2369 imaginis
238 2307 312 2349 suae
335 2285 565 2357 characterom,
598 2284 695 2348 sacris
718 2288 750 2346 et
778 2282 973 2346 intaminatis
1001 2282 1147 2345 munibus
1171 2282 1280 2346 for-1⁶

65 2391 170 2453 mavit.
219 2391 247 2453 5.
273 2389 325 2453 Sic
349 2390 432 2452 enim
456 2390 532 2453 dicit
564 2389 660 2452 deus:
696 2392 872 2452 Faciamus
899 2390 1061 2452 doctrinam
1091 2390 1137 2451 acl
1157 2394 1239 2451 lanc·

64 2502 172 2574 picem
198 2504 230 2558 et
258 2497 512 2559 sinrc'b'tudr'nem
543 2504 714 2573 noctram·
748 2503 781 2558 ct
803 2498 928 2556 creccc't
957 2494 1039 2555 daca
1066 2493 1240 2571 dotcrinam,

66 2603 247 2663 musculum
271 2608 304 2663 c!
323 2603 488 2678 sencticam
510 2606 717 2664 cccccccccc.
765 2600 794 2662 6.
819 2598 908 2662 Haec
922 2597 1022 2680 igitur
1043 2596 1149 2660 omnia
1169 2618 1240 2659 cum

65 2704 259 2786 perfecisset,
277 2703 419 2767 laudavit
441 2725 478 2767 ea
494 2709 526 2767 et
547 2703 710 2768 benedixit
724 2703 884 2786 dixitque:
912 2703 1058 2766 Crescite
1081 2708 1113 2764 ct
1128 2704 1239 2764 midli-

61 2810 243 2888 plr'ccmc'nl.
291 2809 319 2871 7.
346 2808 534 2884 Videamus,
567 2808 667 2871 iustos
691 2828 798 2870 omnes
820 2806 911 2871 bonis
939 2804 1088 2887 operibus
1111 2810 1239 2868 ornatos
1253 2817 1279 2855 2⁰

65 2911 171 2987 fuisse,
188 2913 291 2994 ipsum
313 2912 408 2975 etiam
421 2911 581 2975 dominum
602 2911 749 2994 operibus
762 2911 852 2974 bonis
864 2932 897 2973 se
915 2913 1080 2973 ornantem
1092 2909 1239 2993 gavisum

64 3039 140 3081 esse.
188 3019 217 3080 8.
243 3016 404 3080 Habentes
427 3016 527 3100 igitur
541 3016 602 3079 hoc
625 3015 795 3098 exemplar,
820 3016 860 3078 ad
874 3014 1071 3078 voluntatem
1094 3014 1161 3077 eius
1176 3014 1238 3077 im·

64 3123 155 3205 pigre
179 3121 378 3195 accedamus,
412 3120 488 3183 totis
510 3120 627 3183 nostris
650 3119 770 3184 viribus
793 3141 873 3201 opus
896 3118 1034 3182 iustitiae
1057 3139 1234 3201 operemur.

151 3224 298 3288 XXXIV.
333 3224 441 3287 Bonus
473 3225 635 3306 operarius
666 3225 750 3289 bono
782 3225 885 3288 animo
915 3244 1030 3307 panem
1062 3223 1166 3306 operis
1189 3222 1239 3286 sui

65 3331 194 3414 accipit,
219 3328 326 3412 segnis
349 3351 422 3392 vero
447 3334 478 3392 et
500 3330 648 3392 remissus
671 3329 842 3393 locatorem
866 3349 958 3392 suum
986 3347 1048 3390 non
1072 3327 1166 3390 audet
1188 3327 1238 3389 in·
1253 3339 1279 3378 2⁶

64 3436 153 3499 tueri.
200 3436 230 3498 2.
256 3433 392 3516 Oportet
414 3453 490 3516 ergo
513 3454 571 3496 nos
594 3433 634 3496 ad
656 3433 775 3496 bonum
798 3431 976 3495 faciendum
998 3434 1145 3513 prompto
1170 3431 1238 3493 ani-

64 3560 115 3602 mo
147 3560 235 3609 esse;
268 3539 367 3602 adeo
403 3536 486 3600 enim
516 3537 622 3600 omnia
652 3536 869 3620 porriguntur.
916 3533 945 3596 3.
971 3534 1129 3597 Praedicit
1157 3534 1239 3598 enim

63 3643 169 3706 nobis:
204 3645 287 3706 Ecce
318 3645 488 3721 dominus,
519 3651 702 3706 ciramea
725 3648 931 3706 ciuacorcm
955 3643 1239 3721 {psautreddcl

63 3754 239 3828 unicuique
270 3750 447 3811 semiactum
478 3768 561 3829 opmc
592 3767 697 3812 arcican.
752 3748 782 3810 4.
805 3746 917 3828 Itaque
950 3743 1137 3807 adhortatur
1168 3766 1235 3821 nos,

132 3881 222 3935 orit.
243 3881 266 3944 3,
288 3884 310 3938 1.
329 3913 363 3920 -
384 3882 415 3937 16
434 3882 501 3937 Gen
523 3885 545 3945 1,
564 3882 606 3935 26.
620 3885 661 3938 21.
680 3883 767 3936 -20
786 3881 854 3937 Gen.
870 3884 891 3943 1,
904 3881 945 3935 28.
965 3880 1120 3934 -29108,
1133 3881 1175 3942 40,
1191 3881 1237 3942 10;

64 3967 332 4032 62‚11;Pr0v.24,
354 3971 383 4023 11
404 3969 502 4038 (Apoc.
523 3970 565 4034 22,
588 3969 638 4039 12).

64 4071 268 4126 demonstravit
294 4073 341 4142 (cf.
361 4072 411 4136 30,
436 4075 463 4143 3)
490 4078 519 4128 et
546 4073 738 4139 adhuc¹Holl,
758 4074 920 4144 Fraqmcatc
937 4090 963 4141 p.
985 4073 1007 4125 1.

63 4159 96 4225 (ο.
116 4159 150 4212 aa
169 4162 243 4226 sqq.)
264 4159 444 4216 demonstrat.
650 4136 654 4233 l
701 4163 724 4214 a.
744 4160 786 4215 or.
798 4161 865 4215 een.
878 4163 900 4223 1,
908 4160 932 4213 e.
942 4160 981 4214 ro.
997 4159 1036 4212 12.
1045 4157 1085 4212 re.
1093 4159 1135 4213 21.
1145 4160 1186 4213 25.
1197 4160 1239 4214 31.

97 4245 223 4308 XXXIII,
245 4250 266 4302 l.
288 4248 329 4302 cf.
348 4247 427 4302 Rom.
447 4249 470 4310 6,
492 4251 563 4315 leq.
650 4242 652 4301 l
700 4249 723 4301 3.
744 4246 786 4301 cf.
804 4248 849 4301 Ps.
869 4247 910 4310 32,
929 4247 953 4300 6.
973 4246 996 4299 1.

98 4335 173 4387 2-s.
193 4334 289 4389 Leont.
319 4338 353 4388 et‘
376 4334 469 4387 loann.
490 4334 565 4388 Sacr.
583 4318 652 4419 ren!
700 4332 824 4398 XXXIV,
843 4335 867 4387 2.
887 4331 917 4402 ἐξ
933 4332 1029 4403 αὐτοῦ]
1048 4349 1085 4385 sc.
1103 4329 1239 4406 ἐργοπαρ·

65 4418 111 4472 lib.
130 4420 168 4484 Il,
198 4421 284 4488 (Mai,
312 4420 382 4475 Nor.
411 4421 479 4474 Coll.
503 4421 568 4484 Vll,
595 4421 746 4485 84‚=tatov
773 4420 819 4474 vel
845 4426 923 4478 θεοῦ.
965 4419 1006 4474 cf.
1030 4420 1109 4473 Rom.
1131 4421 1177 4481 11,
1197 4418 1238 4473 36.

65 4505 211 4578 Lightfoot
230 4510 254 4568 Ι,
281 4507 354 4578 188);
382 4509 479 4562 Ioanra
508 4506 636 4561 Damaso
664 4508 758 4562 lGor.
777 4507 801 4568 8,
820 4507 844 4559 6.

66 4591 138 4647 Sacr.
166 4596 269 4649 Parall
298 4595 340 4648 ed.
368 4595 493 4662 Lequiea
512 4594 552 4658 II,
570 4595 637 4656 310;
699 4596 723 4650 3.
742 4593 809 4647 Tres
827 4590 883 4646 loci
902 4590 1099 4647 consarcinati.
