2834 5018
571 303 705 360 PAPIAE
723 303 950 361 FRAGMENTA

732 483 787 548 VI.

262 599 420 686 Λαβόντες
442 603 498 679 τάς
513 604 656 687 ἀφορμὰς
679 602 717 667 ἐκ
731 602 855 667 Παπίου
878 613 932 667 τοῦ
948 604 1040 683 πάνυ,
1056 612 1111 666 τοῦ
1127 599 1366 684 Ἱεραπολίτου,

174 714 228 767 τοῦ
252 712 296 788 τῷ
320 704 494 791 ἐπιστήόίῳ
515 707 730 791 φοιτήσαντος,
753 711 806 771 καί
823 708 1004 793 Κλήμεντος
1026 710 1079 771 καί
1095 706 1282 771 Πανταίνου
1307 713 1366 768 τοῦ

173 819 227 893 τῆς
251 809 482 894 Ἀλεξανδρέων
505 810 621 895 ίερέως,
643 813 697 876 καί
721 811 900 896 Ἀμμωνίου
923 823 977 877 τοῦ
1000 812 1198 895 σοφωτάτου,
1222 819 1292 876 τῶν
1310 811 1366 892 ἀρ-

148 915 273 998 ιχαίων
295 918 349 979 καί
372 919 432 1000 πρό
454 927 517 982 τῶν
539 917 677 983 συνόδων
701 917 878 1005 ἐξηγητῶν,
911 919 953 994 εἰς
976 916 1111 1000 Χριστόν
1143 917 1199 978 καί
1224 917 1287 998 τὴν
1312 913 1365 976 έκ-

173 1018 308 1104 κλησίαν
330 1029 436 1085 πᾶσαν
457 1023 513 1104 τήν
536 1019 705 1105 έξαήμερον
728 1023 917 1107 νοησάντων.

332 1141 475 1211 [Anastsa
491 1139 590 1197 sinric
601 1141 758 1213 Contempl.
769 1159 887 1214 anagog.
898 1143 927 1196 in
936 1142 1070 1197 HexaAm.
1079 1139 1127 1194 lib.
1138 1140 1157 1193 Ι.
1168 1140 1221 1196 PG
1231 1140 1278 1203 89,
1290 1139 1364 1210 860]

724 1282 788 1347 VII

259 1399 299 1464 Οί
321 1401 377 1485 μέν
400 1398 455 1466 οὖν
487 1400 683 1487 ἀρχαιότεροι
706 1412 768 1467 τῶν
791 1401 967 1487 ἐκκλησιῶν
997 1401 1175 1488 ἐξηγητῶν,
1209 1401 1300 1487 λέγω
1324 1402 1361 1485 δὴ

172 1503 280 1569 Φίλων
303 1505 321 1568 6
344 1505 516 1589 φιλόσοφος
547 1507 602 1570 καί
624 1515 687 1572 τῶν
720 1506 905 1572 ἀποστόλων
933 1507 1118 1591 όμόχρονος,
1148 1508 1206 1569 καί
1230 1505 1362 1582 Παπίας

135 1609 190 1672 ιοό
213 1609 330 1691 πολύς,
352 1610 370 1674 6
394 1609 542 1676 Ἰωάννου
563 1620 619 1676 τοῦ
650 1610 873 1696 εὐαγγελιστοῦ
901 1611 1066 1696 φοιτητής,
1096 1610 1114 1674 6
1138 1608 1360 1696 Ἱεραπολίτης

172 1761 281 1783 .....
304 1716 358 1779 καί
381 1715 410 1779 οί
425 1712 505 1799 ἀμφ’
527 1714 641 1791 αὐτοὺς
654 1723 871 1799 πνευματικῶς
893 1717 932 1778 τὰ
946 1717 1016 1797 περὶ
1038 1714 1238 1796 παραδείσου
1253 1714 1359 1783 ἐθεῶ-

171 1839 271 1904 ρησαν
294 1820 337 1896 είς
360 1823 416 1904 τήν
439 1818 579 1905 Χριστοῦ
602 1818 774 1905 ἐκκλησίαν
796 1819 1031 1903 ἀναφερόμενοι.

682 1942 824 2012 [Anastaa
844 1940 901 1995 Sin.
920 1940 939 1994 l.
958 1956 982 1994 c.
1000 1939 1048 1993 lib.
1069 1938 1129 1994 VIL
1149 1937 1201 1994 PG
1219 1939 1267 2005 89,
1285 1939 1358 2010 962]

709 2063 797 2129 VIH.

259 2182 339 2258 Τοὺς
362 2185 444 2246 κατὰ
469 2184 545 2248 θεὸν
568 2182 705 2246 ἀκακίαν
728 2184 902 2259 ἀσκοῦντας
925 2183 1038 2258 παῖδας
1059 2181 1209 2262 ἐκάλουν,
1236 2183 1282 2259 ὡς
1304 2185 1356 2246 καί

132 2311 157 2348 n
171 2285 296 2362 Παπίας
319 2285 408 2370 δηλοῖ
424 2285 531 2371 βιβλίῳ
554 2284 668 2370 πρώτῳ
683 2296 745 2350 τῶν
768 2295 927 2370 κυριακῶν
943 2285 1122 2370 ἐξηγήσεων
1145 2289 1202 2349 καί
1220 2286 1357 2371 Κλήμης

170 2391 187 2453 6
211 2389 434 2473 Ἀλεξανδρεὺς
457 2389 490 2454 ἐν
513 2397 557 2473 τῷ
580 2388 789 2474 Παιδαγωγῳ.

361 2510 511 2580 [Maximus
531 2511 657 2565 confess.
677 2509 768 2565 Schol.
787 2510 816 2564 in
828 2509 944 2579 Dionys.
958 2511 1060 2578 Areop.
1079 2509 1122 2562 De
1141 2510 1266 2566 caelesti
1285 2511 1355 2565 hier·

327 2597 401 2650 arch.
422 2614 445 2654 c.
464 2598 480 2648 2
499 2616 526 2666 p.
547 2598 581 2651 32
599 2596 643 2651 ed.
663 2597 775 2652 Corder.
794 2615 821 2666 p.
843 2597 875 2650 12
895 2596 937 2649 ed.
957 2596 1055 2651 Venet.
1080 2596 1154 2659 1755,
1175 2596 1226 2652 PG
1241 2596 1355 2666 1v‚48.]

728 2739 783 2803 IX.

257 2859 365 2923 Ταῦτά
389 2881 480 2944 φησιν
504 2858 711 2941 αἰνιττόμενος
734 2856 818 2941 οἶμαι
841 2855 966 2920 Παπίαν
988 2858 1042 2919 τόν
1067 2855 1281 2939 Ἱεραπόλεως
1301 2870 1355 2943 τής

168 2963 240 3028 κατ’
256 2963 366 3028 Ἀσίαν
389 2963 459 3025 τότε
481 2962 647 3046 γενόμενον
665 2961 834 3025 ἐπίσκοπον
857 2963 910 3023 καί
934 2961 1185 3043 συνακμάσαντα
1210 2971 1257 3047 τῷ
1274 2965 1354 3048 θείῳ

127 3086 153 3123 20
167 3067 374 3154 εὐαγγελιστή
397 3065 538 3150 Ἰωάννη.
584 3063 674 3140 οὗτος
696 3067 756 3149 γάρ
779 3066 796 3128 ό
820 3063 943 3140 Παπίας
968 3063 1000 3128 ἐν
1023 3072 1067 3147 τῷ
1089 3066 1233 3151 τετάρτῳ
1258 3069 1354 3131 αὐτοῦ

167 3173 276 3260 βιβλίῳ
299 3183 361 3236 τῶν
390 3182 548 3253 κυριακῶν
579 3169 757 3255 ἐξηγήσεων
790 3172 845 3245 τὰς
867 3170 919 3232 διὰ
943 3168 1115 3254 βρωμάτων
1147 3167 1237 3234 εἶπεν
1260 3171 1295 3235 ἐν
1318 3181 1355 3254 τῇ

166 3278 336 3342 ἀναστάσει
360 3275 558 3349 ἀπολαύσεις.
591 3322 598 3335 .
624 3321 631 3335 .
662 3275 715 3335 καί
739 3272 901 3357 Εἰρηναῖος
925 3273 959 3336 δέ
982 3272 1000 3335 ό
1024 3271 1229 3355 Λουγδοόνου
1253 3275 1288 3339 ἐν
1311 3283 1354 3358 τῷ

166 3383 249 3444 κατὰ
272 3380 421 3464 αἱρέσεων
443 3378 573 3462 πέμπτῳ
597 3378 682 3462 λόγῳ
705 3380 741 3441 τό
764 3378 840 3441 αὐτό
865 3399 939 3463 φησι
971 3378 1024 3439 καί
1046 3376 1183 3460 παράγει
1210 3379 1355 3462 μάρτυρα

166 3493 228 3549 τῶν
251 3483 304 3547 ὑπ’
327 3485 422 3546 αὐτοῦ
445 3481 613 3566 εἰρημένων
635 3483 688 3545 τόν
712 3480 872 3564 λεχθέντα
894 3479 1054 3544 Hernica·

359 3601 508 3672 [Maximus
522 3602 602 3656 Gens.
615 3602 633 3654 l.
647 3617 669 3655 c.
688 3600 730 3655 De
750 3604 845 3655 eccles.
867 3601 1026 3655 hierarchia
1046 3617 1069 3653 c.
1083 3602 1098 3655 ‘i
1111 3617 1140 3668 p.
1154 3601 1210 3655 422
1230 3602 1275 3656 est
1290 3603 1355 3658 Cor-

324 3689 380 3744 der.
402 3706 428 3757 p.
447 3689 481 3742 86
499 3706 540 3758 sq.
559 3689 601 3742 esi
620 3689 728 3752 Venet,
747 3688 795 3743 PG
813 3689 859 3753 lv,
881 3690 948 3759 176]

202 3812 248 3866 VI.
268 3812 387 3864 'sextum
400 3811 483 3863 huius
497 3809 649 3880 fragmenti
662 3826 741 3878 grae·
753 3813 756 3879 Ῑ
769 3812 887 3881 Papiam
905 3811 957 3864 etc.
985 3813 1124 3876 tanquam
1152 3815 1356 3869 antecessores

167 3915 229 3951 cum
242 3899 348 3966 primus
361 3896 489 3966 vulgavit
502 3897 623 3959 Halicix‚
637 3895 740 3950 Illustr.
753 3882 756 3935 ί
769 3903 797 3952 et
809 3899 962 3967 magistros
982 3901 1194 3952 commemorat
1220 3931 1256 3940 -
1282 3906 1356 3960 Παν-

168 3984 233 4037 ευοί.
253 3983 359 4038 Orient.
386 3984 481 4052 script.
502 3983 535 4046 ΙΙ,
555 3985 614 4038 851.
642 3982 741 4037 Emen·
753 3971 756 4073 β
768 3985 873 4053 raison]
894 3984 935 4038 Cf.
956 3983 1018 4037 Eus.
1032 3984 1065 4036 Η.
1082 3983 1112 4038 E.
1127 3984 1161 4047 V,
1179 3987 1230 4050 10;
1249 3987 1300 4053 VI,
1316 3990 1355 4044 19.

167 4069 306 4123 datiorem
320 4079 383 4122 eum
396 4069 485 4123 edidit
497 4069 583 4131 Pitra,
601 4070 742 4125 Analecta
753 4078 755 4117 ἐ
767 4103 802 4110 -
819 4071 993 4140 Ἀμμωνίου)
1012 4070 1054 4124 cf.
1066 4071 1129 4125 Eue.
1145 4072 1180 4125 Η.
1194 4073 1228 4129 Ε.
1250 4076 1301 4141 VI,
1317 4078 1356 4141 19,

167 4170 248 4207 sacra
266 4157 292 4208 11
310 4157 406 4224 (1884),
428 4155 484 4208 160.
508 4187 543 4194 -
565 4158 698 4229 λαβόντες
716 4179 739 4213 τ.
768 4158 817 4211 ubi
835 4157 961 4226 legimus,
975 4157 1157 4212 Ammonium
1175 4163 1357 4234 cumplures

168 4234 227 4308 ἂρ]
242 4241 416 4304 Anastasius,
430 4245 551 4309 exegeta
563 4240 739 4312 allegoricus,
767 4243 853 4298 libros
872 4244 1017 4313 scripsisse
1034 4249 1096 4299 tum
1115 4262 1222 4313 unum,
1243 4251 1299 4318 qui
1317 4252 1357 4306 in·
