2834 5018
484 660 854 727 ermes-suane.
1194 669 1258 734 523

81 839 249 924 accepistis
266 862 286 903 a
308 839 376 918 deo,
393 839 426 903 in
448 839 602 904 eiusmodi
617 862 713 925 agros
736 842 909 926 domusque
924 843 1105 927 impendite.
1151 842 1181 906 9.
1208 842 1258 909 Ob

81 945 143 1009 hoc
165 945 249 1009 enim
270 945 415 1010 dominus
430 946 521 1011 vobis
544 946 670 1010 divitias
687 947 780 1024 dedit,
805 951 842 1011 ut
862 947 942 1012 haec
957 948 987 1012 ei
1007 948 1183 1013 ministeria
1197 949 1258 1013 im-

80 1048 214 1134 9191119)
237 1049 338 1114 multo
361 1049 474 1114 melius
498 1055 546 1115 est
569 1051 722 1115 eiusmodi
744 1072 839 1135 agros
862 1072 965 1116 emere
992 1056 1024 1116 91
1044 1052 1259 1135 possessiones

82 1159 115 1218 91
137 1154 264 1231 domos,
299 1175 378 1239 quas
400 1154 539 1218 invenies
561 1155 594 1218 in
614 1155 742 1219 civitate
764 1159 838 1233 tua,
863 1176 934 1219 cum
957 1154 1133 1219 consederis
1155 1155 1189 1220 in
1212 1177 1257 1220 91

83 1259 134 1323 10.
152 1258 214 1323 Hic
229 1263 374 1342 sumptos
389 1260 490 1323 bonus
506 1263 597 1323 estet
611 1264 748 1337 sanctus,
758 1259 921 1324 tristitiam
935 1280 999 1324 non
1009 1259 1143 1324 afferens
1158 1281 1287 1344 nequer

82 1369 220 1440 metum,
253 1364 409 1448 praebens
440 1367 545 1428 autem
573 1364 732 1448 gaudium.
786 1363 956 1448 Sumptum
985 1386 1063 1451 ergo
1093 1365 1261 1450 gentilium

81 1468 181 1534 nolite
204 1468 325 1545 facere;
359 1468 571 1553 perniciosum
604 1473 653 1532 est
683 1468 767 1532 enim
787 1468 877 1533 vobis
906 1469 1005 1533 servis
1028 1470 1095 1546 dei3
1132 1471 1182 1535 11.
1206 1469 1262 1533 sed

85 1578 248 1657 sumptum
278 1574 368 1638 vobis
398 1573 633 1637 convenientem
663 1572 778 1650 facite,
810 1574 844 1638 in
868 1595 929 1658 quo
952 1575 1104 1659 gaudium
1131 1574 1261 1659 possitis

84 1677 253 1761 consequi;
287 1681 318 1741 et
340 1676 439 1742 nolite
468 1678 615 1742 fraudare
636 1699 738 1762 neque
762 1677 900 1742 alienum
923 1679 1078 1763 attingere
1104 1700 1260 1744 1999911-

85 1783 246 1866 cupiscere
274 1780 373 1857 illud;
403 1781 524 1845 malum
554 1787 603 1846 est
632 1783 716 1847 enim
747 1783 850 1848 aliena
881 1786 1111 1869 concupiscere.
1157 1785 1262 1850 Tuum
1276 1805 1301 1842 1⁰

83 1908 157 1951 vero
180 1885 233 1951 119
255 1908 344 1969 opus,
369 1890 402 1949 et
424 1885 530 1951 salvus
552 1885 618 1951 fies.

530 2055 732 2125 'Similitudo
755 2060 796 2125 11.

173 2198 252 2264 Cum
281 2199 475 2265 ambularem
497 2199 531 2263 in
558 2221 671 2285 agrum
697 2204 730 2264 91
752 2200 983 2266 considerarem
1015 2201 1137 2265 ulmum
1159 2205 1192 2265 91
1212 2200 1261 2264 vi·

84 2309 150 2369 tem
180 2326 217 2369 ac
250 2305 424 2390 cogitarem
456 2305 493 2368 de
522 2304 562 2368 iis
593 2308 626 2368 91
658 2304 814 2370 fructibus
843 2328 968 2383 earum,
1004 2306 1153 2390 apparuit
1184 2305 1263 2370 mihi

84 2414 195 2494 pastor
224 2414 256 2474 et
285 2410 361 2473 dicit
390 2409 482 2474 mihi:
521 2409 604 2486 Quid
634 2413 670 2472 tu
699 2410 784 2474 intra
811 2414 843 2474 19
874 2410 1024 2475 scrutaris
1056 2410 1094 2475 de
1122 2409 1209 2474 ulmo
1231 2414 1264 2474 91
1277 2427 1303 2467 1³

86 2515 173 2578 vite?
197 2512 338 2592 scrutor,
363 2514 511 2599 inquam,
537 2513 681 2591 domine,
707 2515 790 2597 quod
813 2517 888 2578 sunt
909 2513 1011 2579 altera
1033 2513 1126 2578 alteri
1148 2512 1262 2578 decori.

86 2620 116 2682 2.
141 2618 211 2683 Hae
235 2618 316 2682 duae
338 2618 475 2697 arbores,
500 2617 614 2702 inquit,
638 2617 818 2701 exemplum
839 2619 964 2702 positae
987 2622 1061 2683 sunt
1083 2618 1180 2682 servis
1204 2617 1262 2682 dei

87 2722 253 2800 Volebam,
277 2723 423 2807 inquam,
453 2742 642 2807 cognoscere
665 2723 843 2807 exemplum
866 2724 980 2789 harum
1003 2724 1160 2802 arborum,
1185 2745 1264 2807 quas

88 2827 174 2892 dicis.
219 2827 327 2905 Vides,
351 2827 463 2911 inquit,
488 2826 610 2892 ulmum
633 2831 665 2891 91
685 2827 805 2892 vitem?
832 2828 943 2905 Video,
967 2827 1105 2913 inquam,
1130 2827 1263 2892 domine.

88 2933 118 2996 3.
143 2931 226 2997 Vitis
249 2932 343 3010 haec,
376 2931 496 3015 inquit,
529 2931 667 2996 fructum
690 2932 769 3012 1911,
799 2933 904 2998 ulmus
937 2938 1042 2998 autem
1073 2933 1196 3018 lignum
1218 2935 1305 2997 99111

88 3038 214 3112 sterile;
247 3038 302 3101 sed
323 3036 402 3101 haec
430 3036 504 3100 vitis
526 3036 590 3100 nisi
620 3036 783 3121 applicata
815 3038 911 3102 fuerit
942 3037 1042 3115 ulmo,
1075 3058 1139 3101 non
1160 3039 1268 3121 potest

88 3143 224 3209 multum
247 3141 386 3206 fructum
408 3140 491 3205 ferre
512 3141 619 3205 iacens
641 3141 676 3204 in
698 3146 792 3220 terra,
817 3146 850 3206 et
871 3143 898 3206 si
922 3163 1015 3227 quem
1039 3142 1178 3206 fructum
1193 3141 1266 3219 fert,

88 3250 322 3331 putrescentem
344 3244 408 3309 1911
431 3266 494 3309 non
517 3265 670 3328 suspensa
686 3266 788 3329 super
801 3244 931 3309 ulmum.
978 3244 1057 3310 Cum
1079 3245 1179 3329 igitur
1193 3242 1267 3307 vitis

89 3351 212 3416 adiecta
233 3349 331 3414 fuerit
353 3349 449 3426 ulmo,
475 3348 615 3413 fructum
637 3347 701 3413 fert
723 3353 756 3413 91
778 3370 816 3413 91
839 3371 872 3412 99
895 3353 988 3414 etex
1011 3349 1106 3414 ulmo.
1152 3350 1183 3412 4.
1207 3347 1266 3412 Vi-

89 3457 144 3520 des
166 3476 259 3540 ergo,
293 3454 389 3518 etiam
418 3453 540 3518 ulmum
570 3452 707 3517 multum
740 3454 814 3518 dare
841 3452 996 3532 fructum,
1026 3476 1090 3519 non
1112 3453 1266 3517 minorem
1279 3472 1305 3512 ss

89 3661 144 3715 div.
164 3677 187 3714 9.
208 3663 240 3716 31
260 3676 288 3728 p.
307 3659 366 3713 953.
692 3658 725 3711 12
734 3676 755 3711 9.
765 3658 784 3710 f.
804 3658 960 3727 (chrysost.
970 3674 1033 3727 opp.
1045 3655 1086 3710 ed
1097 3654 1200 3709 Bened
1214 3654 1263 3719 VI,

126 3749 166 3802 ll.
183 3747 252 3818 μηδὲ
270 3767 293 3803 r·
307 3744 498 3819 9111999111]
519 3742 663 3800 911111.
690 3745 738 3800 Pe
748 3747 789 3810 56,
801 3745 862 3814 701)
881 3744 998 3799 adhibet
1007 3745 1162 3810 atqnetam
1174 3757 1264 3811 prope

89 3832 476 3897 22,17;1101911.5,6.7.
692 3831 729 3886 ad
747 3833 868 3886 Hamae
892 3831 980 3885 verba
1003 3828 1127 3893 accedit,
1155 3833 1188 3884 ut
1206 3829 1266 3883 eius

125 3920 394 3983 1111919191-10,
419 3923 534 3989 praeter
551 3917 665 3972 initium
692 3920 862 3988 scripturam
888 3917 918 3971 in
946 3920 1039 3971 mente
1066 3915 1200 3971 habuisse
1217 3933 1267 3986 pu·

89 4025 185 4062 versus
205 4011 229 4071 7,
248 4010 277 4061 91
294 4007 378 4076 plura
394 4005 481 4060 verba
499 4003 665 4060 Similitudi-
691 4006 796 4061 tandus
820 4007 865 4061 sit.
902 4006 944 4061 01.
970 4004 1096 4059 eiusdem
1123 4003 1269 4058 homiliam

90 4095 134 4148 nis
146 4093 185 4148 IV
196 4094 348 4148 traduntur
360 4092 430 4146 folio
443 4108 602 4161 papyraceo
617 4110 665 4146 nu·
692 4094 727 4148 46
745 4094 780 4148 de
807 4092 894 4148 divite
921 4097 951 4147 et
976 4108 1101 4162 paupere
1128 4095 1267 4161 agentem.

90 4198 141 4250 per
158 4197 176 4234 1
192 4179 290 4235 Museo
309 4178 484 4234 Berolinensi
503 4181 666 4247 comparato
694 4179 911 4235 Commodianus
929 4179 1061 4234 11911191.
1081 4180 1101 4243 1,
1118 4178 1208 4243 3016
1227 4178 1267 4231 di-

91 4270 139 4335 (es.
168 4267 388 4338 Prolegomena).
435 4265 539 4320 Versus
562 4263 579 4317 3
604 4266 668 4319 914
694 4269 767 4322 vites
781 4267 957 4329 adhortatur,
971 4269 1002 4320 11
1012 4265 1131 4336 pusillos
1143 4265 1188 4320 vel
1200 4281 1268 4334 pau-

90 4353 284 4423 transscripsit
309 4353 447 4423 Origenes
471 4352 504 4406 In
521 4351 573 4405 Ios.
592 4353 666 4407 hom.
695 4370 776 4424 peres
796 4355 891 4406 ament
901 4352 975 4406 sient
984 4351 1075 4407 ulmus
1084 4352 1179 4407 vitem.
1200 4351 1268 4407 019-

92 4442 125 4496 10
146 4458 168 4495 9.
190 4443 203 4495 1
231 4441 286 4510 (ed.
306 4439 407 4493 Bened.
426 4437 461 4502 11,
480 4439 551 4509 423).
597 4439 668 4492 Ima·
696 4439 785 4493 sarius
803 4438 977 4492 Arelatensis
996 4439 1076 4493 Hom.
1096 4438 1130 4493 24
1153 4438 1209 4509 (Pla
1226 4438 1268 4500 50,

92 4529 186 4600 ginem
205 4528 271 4582 vitis
299 4531 328 4583 91
353 4525 423 4580 ulmi
449 4530 549 4582 auctor
567 4527 668 4598 Operis
694 4526 760 4590 858;
783 4526 825 4590 67,
847 4526 924 4591 1000)
951 4524 1081 4581 similiter
1099 4542 1132 4580 ac
1150 4526 1269 4580 Hermas

90 4617 251 4688 imperfecti
268 4617 299 4672 in
310 4616 488 4672 Metthoeum
501 4616 525 4677 5,
540 4615 573 4670 41
593 4614 667 4668 hom
695 4633 720 4668 v.
738 4612 806 4666 5-7
833 4613 869 4666 de
887 4610 975 4667 divite
1002 4629 1035 4667 ac
1051 4628 1176 4683 paupere
1201 4609 1270 4682 agit.
