2834 5018
181 288 244 352 540
615 277 769 334 Ηυυαλυ
787 276 929 332 rrsroa

270 458 305 526 6.
330 458 458 539 Ἄκουε,
482 459 589 543 φησίν·
613 459 656 534 είς
679 457 793 521 δούλου
814 456 927 538 τρόπον
952 455 1020 542 [οὐ]
1055 465 1168 519 κεῖται
1195 457 1215 520 ὁ
1240 457 1308 534 υἱός
1328 469 1375 521 τοῦ

181 566 270 643 θεοῦ,
293 562 366 627 ἀλλ’
390 565 432 640 εἰς
455 563 596 641 ἐξουσίαν
620 561 760 647 μεγάλην
776 570 874 625 κεῖται
896 562 951 623 καί
967 561 1161 645 κυριότητα.
1188 560 1281 641 Πῶς,
1298 563 1374 647 φημί,

180 667 276 749 κόριε,
300 669 337 730 οὐ
360 676 432 731 νοῶ.
478 673 507 733 2.
531 667 620 747 Ὅτι,
645 667 755 752 φησίν,
787 668 903 741 stag
924 668 979 728 τόν
1003 666 1193 749 ἀμπελῶνα
1218 667 1375 751 ἐφύτευσε,

181 771 265 835 τοῦτ’
289 773 354 835 ἔστι
377 774 430 836 τόν
461 772 538 837 λαόν
565 774 670 836 ἔκτισε
693 774 749 835 καί
770 770 934 853 παρέδωκε
957 778 1002 853 τῷ
1026 770 1088 853 υἱῷ
1112 772 1243 835 αὐτοῦ·
1289 772 1374 834 καίό

141 904 154 942 s
181 876 245 951 υίὸς
267 876 443 961 κατέστησε
465 880 536 951 τοὺς
565 874 718 961 ἀγγέλους
740 875 791 939 ἐπ’
821 878 932 951 αὐτοὺς
954 883 1010 938 τοῦ
1038 885 1219 961 συντηρεῖν
1250 877 1373 951 αὐτοός·

180 982 234 1044 καί
257 982 349 1056 αὐτός
371 983 427 1055 τὰς
459 980 609 1062 ἁμαρτίας
641 982 744 1045 αὐτῶν
779 979 954 1061 ἐκαθάρισε
984 978 1095 1042 πολλὰ
1126 982 1302 1058 κοπιάσας
1328 983 1373 1044 καί

179 1083 316 1159 πολλοὺς
346 1084 463 1158 κόπους
491 1082 669 1167 ἠντληκώς·
702 1084 804 1159 οὐδεὶς
833 1085 893 1168 γὰρ
922 1083 1106 1169 [ἀμπελὼν]
1137 1085 1281 1149 δύναται
1305 1107 1372 1149 σκα-

181 1199 274 1272 φηναι
314 1192 387 1270 ἀτερ
416 1190 518 1252 κόπου
557 1189 578 1272 ί)
612 1189 748 1272 μόχθου.
809 1193 839 1256 3.
872 1190 964 1263 αὐτὸς
999 1189 1055 1251 οὖν
1091 1191 1294 1272 καθαρίσας
1326 1192 1371 1264 τὰς

180 1292 330 1373 ἁμαρτίας
352 1302 406 1354 τοῦ
430 1291 508 1355 λαοῦ
531 1292 644 1369 ἔδειξεν
668 1295 771 1369 αὐτοῖς
792 1295 849 1368 τὰς
870 1291 993 1377 τρίβους
1015 1301 1072 1376 τῆς
1098 1293 1204 1378 ζωῆς,
1230 1295 1307 1370 δοὺς
1327 1295 1371 1357 αλ

143 1421 167 1458 ιο
181 1405 245 1470 τοῖς
267 1397 320 1460 τὸν
343 1396 454 1478 νόμον,
487 1398 521 1461 όν
545 1397 640 1483 ἔλαβε
662 1400 746 1479 παρὰ
768 1408 823 1460 τοῦ
846 1398 961 1478 πατρός
985 1398 1096 1461 αὐτοῦ.
1147 1403 1183 1464 4.
1221 1398 1370 1484 [βλὲκες,

181 1499 291 1584 φησίν,
323 1503 370 1563 ότι
399 1502 491 1576 αὐτός
520 1502 624 1583 κύριός
652 1502 716 1565 ἐστι
746 1511 801 1565 τοῦ
831 1502 926 1581 λαοῦ,
950 1500 1098 1578 ἐξουσίαν
1122 1512 1243 1568 πᾶσαν
1275 1503 1370 1589 λαβὼν

180 1607 265 1687 παρὰ
287 1615 342 1668 τοῦ
365 1607 481 1686 πατρός
503 1607 626 1692 αὐτοῦ)
672 1609 718 1669 ότι
741 1607 775 1670 δὲ
805 1607 822 1669 ό
851 1608 955 1690 κύριος
988 1605 1178 1691 σύμβουλον
1205 1609 1307 1695 ἔλαβε
1326 1611 1370 1671 τόν

180 1709 246 1773 υίόν
281 1711 376 1773 αὐτοῦ
407 1713 462 1773 καί
496 1714 568 1786 τοὺς
603 1711 743 1788 ἐνδόξους
780 1709 933 1794 ἀγγέλους
960 1711 1030 1792 περί
1064 1721 1124 1795 της
1160 1712 1369 1799 κληρονομίας

180 1823 235 1877 τοῦ
259 1814 382 1893 δούλου,
407 1817 523 1878 ἄκουε·
571 1819 600 1880 5.
624 1817 660 1878 τό
682 1825 803 1897 πνεῦμα
826 1816 862 1876 τό
884 1816 972 1896 ἅγιον
995 1816 1033 1876 τό
1055 1816 1175 1896 προόν,
1208 1820 1247 1881 τό
1270 1819 1369 1882 κτίσαν

143 1940 168 1977 ιο
182 1927 286 1982 πᾶσαν
319 1921 374 2002 τὴν
401 1918 519 1997 κτίσιν,
551 1917 727 2002 κατῴκισεν
760 1920 876 1994 esea
905 1919 948 1993 εἰς
976 1919 1100 2000 σάρκα,
1132 1921 1176 2004 ἣν
1213 1923 1368 2009 ἠβούλετο.

181 2026 259 2107 αότη
284 2022 337 2087 οὖν
359 2022 380 2106 ν)
403 2022 496 2105 σάρξ,
521 2023 553 2087 ἐν
576 2022 596 2108 γ)
617 2022 787 2110 κατῴκησε
809 2026 845 2087 τό
866 2032 989 2105 πνεῦμα
1011 2025 1047 2085 τό
1071 2025 1184 2107 ἅγιον,
1210 2026 1368 2092 ἐδούλευσε

182 2134 225 2209 τῷ
248 2128 399 2210 πνεύματι
430 2127 537 2202 καλῶς
565 2128 597 2192 ἐν
629 2129 793 2213 σεμνότητι
816 2130 870 2191 καί
892 2126 1001 2211 ἁγνείᾳ
1025 2132 1255 2211 πορευθεῖσα,
1283 2132 1367 2216 μηδὲν

181 2231 263 2306 όλευς
286 2233 423 2314 μιοίνασα
453 2235 488 2295 τό
515 2244 645 2316 πνεῦμα.
692 2238 722 2300 6.
752 2231 1017 2316 πολιτευσαμὲνην
1046 2229 1104 2296 οὖν
1137 2237 1247 2320 αὐτὴν
1272 2236 1366 2308 καλῶς

253 2412 553 2484 Ιτρόαονττόπονό
591 2413 594 2482 ί
629 2411 662 2469 οὐ
686 2413 800 2480 LA:>
819 2413 843 2467 G
864 2414 869 2483 Ι
891 2413 907 2466 6
926 2411 1019 2468 αὐτῶν
1037 2410 1059 2463 L
1079 2412 1365 2486 ίΑ);ὴμῶν(ὶ)ί.3

181 2496 314 2566 eruerer
332 2504 354 2555 ό.
373 2513 512 2571 σκαφηναι
529 2499 607 2568 Ltt)
621 2518 627 2553 ε
640 2500 752 2556 δύναται
771 2513 909 2572 σκαφῆσαι
928 2499 952 2554 G
977 2505 982 2568 Ι
1008 2498 1090 2564 10s12
1108 2501 1277 2574 βλέπεις-
1289 2502 1363 2559 αὐτοῦ

182 2584 270 2652 L:>
289 2585 338 2639 (ΞΑ
357 2584 393 2639 ob
412 2587 552 2640 homoeot.
570 2587 573 2657 )
592 2587 624 2642 13
641 2592 705 2661 περὶ
724 2604 768 2641 em
782 2606 788 2639 :
800 2588 877 2662 παρὰ
895 2587 920 2642 G
941 2587 1042 2656 114115
1064 2588 1100 2644 τό
1119 2588 1363 2662 πνεῦμα-ἡβῶ

182 2676 246 2729 teto
266 2672 337 2741 G(A)
350 2692 356 2726 z
370 2674 501 2742 spiritum
528 2672 764 2738 inmutandum,
788 2675 838 2741 qui
857 2675 967 2728 creatus
995 2677 1040 2727 est
1068 2676 1208 2731 omnium
1239 2675 1361 2749 purusii

180 2759 311 2829 primus),
332 2760 362 2812 in
380 2776 503 2828 corpore,
522 2759 552 2813 in
571 2776 626 2827 quo
646 2760 801 2825 habitaret,
821 2762 889 2815 deus
908 2759 1044 2814 fundavit
1061 2765 1155 2829 atque
1176 2766 1287 2820 statuit
1304 2762 1363 2817 elec

180 2850 241 2900 tum
261 2864 369 2916 eorpus,
387 2846 464 2916 quod
483 2848 508 2901 ei
527 2846 639 2915 placuit
656 2847 769 2918 L²(L¹)1

215 3022 242 3085 ό,
264 3024 285 3076 1.
303 3022 342 3089 εἰς
360 3023 460 3079 δούλου
477 3043 518 3094 τρ.
532 3021 565 3080 oi
581 3031 669 3079 κεῖται
685 3023 755 3092 κτλ]
783 3022 935 3089 adnotavi).
987 3020 1130 3085 Accedit,
1164 3025 1249 3091 quod
1276 3023 1361 3078 mora

180 3108 198 3160 i.
218 3125 241 3161 e.
260 3125 431 3176 quamquam
449 3109 479 3161 in
504 3109 595 3178 figura
612 3110 685 3162 servi
707 3126 755 3177 ap·
783 3109 956 3178 expiatorias
975 3108 1084 3162 Christi
1115 3126 1272 3178 nunquam
1297 3126 1360 3164 mer·

180 3197 283 3264 paruit,
301 3213 400 3251 revera
417 3213 473 3250 non
491 3213 587 3250 servus
606 3199 680 3258 erat,
706 3195 755 3249 sed
781 3196 888 3250 tionem
907 3193 976 3249 fecit
995 3193 1169 3265 (Hamack).

180 3299 285 3352 magna
301 3285 445 3352 potestate
464 3282 621 3351 praeditus,
650 3282 755 3351 quippe
816 3285 840 3337 3.
860 3303 882 3339 τ.
912 3284 1021 3354 τρίβους
1048 3301 1072 3337 τ.
1098 3283 1186 3355 ζωης]
1216 3283 1260 3339 De
1286 3281 1359 3336 tertie

181 3368 226 3421 cui
245 3369 321 3422 Deus
339 3370 477 3438 populum
505 3388 586 3424 suum
605 3371 755 3424 tradiderit
782 3369 855 3422 servi
882 3384 966 3437 opere
993 3367 1039 3419 vel
1058 3366 1154 3423 altero
1185 3383 1360 3441 supererogv

180 3460 232 3510 etc.
252 3457 287 3525 (v.
307 3458 394 3524 2-4).
780 3456 854 3511 torio
867 3456 984 3509 Hermas
997 3454 1044 3507 hic
1057 3455 1203 3523 loquitur.
1226 3459 1270 3514 cf.
1279 3475 1300 3512 c.
1311 3455 1360 3517 dd

215 3544 240 3595 2.
259 3541 305 3612 ἃμ.
324 3542 416 3599 αὐτῶν
433 3541 594 3616 ἐκαθάρευε]
615 3545 657 3599 cf.
670 3544 755 3598 Hebr.
815 3543 840 3596 4.
859 3541 942 3609 αὐτὸς
954 3540 1050 3613 κύριος
1061 3543 1137 3612 κτλ]
1158 3542 1204 3598 cf.
1217 3545 1285 3600 Sint
1296 3539 1358 3601 VIII·

183 3629 382 3692 1,3.-πολλὰ
399 3629 536 3697 κοπιάσας
552 3631 622 3700 κτλ]
642 3630 753 3694 Errant,
781 3629 806 3690 3,
825 3631 849 3683 3.
877 3659 913 3668 -
938 3628 954 3685 ό
977 3627 1084 3701 κύριος]
1114 3631 1215 3686 adhuc
1242 3632 1360 3687 domina

180 3717 229 3783 qui
247 3717 418 3785 putaverint
432 3717 564 3770 Hermam
576 3716 622 3771 hic
634 3721 754 3771 mortem
781 3717 862 3770 fundi
880 3717 926 3784 (cf.
946 3731 969 3768 c.
989 3716 1013 3778 5,
1032 3715 1061 3785 2)
1081 3732 1148 3770 esse
1166 3718 1291 3774 videtur.
1315 3715 1360 3771 Sed

179 3802 242 3855 Iesu
262 3802 367 3858 Christi
384 3802 430 3857 vel
448 3803 538 3856 solum
563 3819 634 3872 opus
652 3804 682 3856 in
699 3807 754 3858 ter·
780 3802 838 3856 iam
857 3802 891 3857 de
910 3801 1035 3870 imagine
1048 3802 1086 3855 ad
1104 3820 1168 3858 rem
1181 3808 1298 3870 transit,
1310 3805 1359 3858 filie

179 3888 218 3941 ris
252 3894 398 3958 peractum
433 3889 579 3958 respicere.
634 3891 753 3944 Hermas
780 3909 837 3945 non
854 3891 919 3958 τοὺς
936 3893 1034 3962 φίλους
1060 3889 1110 3955 (ef.
1133 3909 1157 3946 a
1177 3894 1204 3957 2,
1225 3896 1253 3949 6.
1274 3896 1317 3955 ll;
1339 3907 1358 3943 c

179 3974 286 4028 nullum
314 3976 463 4030 discrimen
489 3976 559 4030 facit
586 3977 661 4031 inter
683 3994 753 4046 opus
780 3979 804 4040 5,
824 3978 864 4045 3),
884 3976 934 4030 sed
952 3976 1017 4042 τοὺς
1034 3972 1092 4032 ivd·
1111 3976 1258 4052 ἀγγέλους
1278 3979 1324 4053 (σί.
1338 3994 1358 4029 v.

181 4058 300 4125 Christi,
329 4066 404 4132 quod
427 4067 458 4118 in
480 4065 561 4119 terris
585 4064 704 4132 peregit,
724 4065 754 4116 et
780 4066 808 4131 7)
828 4064 991 4134 adiungens.
1028 4061 1135 4129 Itaque
1149 4069 1256 4133 quaeri
1267 4067 1358 4139 potest

180 4145 258 4210 illud,
278 4151 354 4215 quod
372 4167 482 4220 semper
494 4151 524 4204 in
542 4149 673 4204 cordibus
686 4149 752 4202 fide·
780 4151 844 4217 quis
873 4150 910 4203 sit
936 4149 962 4200 ir
981 4148 1000 4200 l.
1028 4146 1045 4204 ό
1073 4147 1137 4219 υίὸς
1162 4153 1270 4220 αὐτοῦ,
1296 4152 1358 4208 filius

180 4230 249 4286 lium
266 4237 378 4303 perficit
396 4239 443 4306 (cf.
463 4254 536 4305 quae
549 4236 586 4290 ad
605 4252 628 4288 c.
641 4236 750 4298 atris
778 4235 995 4307 patrisfamilias
1028 4250 1066 4287 an
1100 4235 1181 4293 filius
1212 4241 1290 4297 Dei?
1316 4237 1359 4294 ΙΙΙΔ
