2834 5018
157 314 230 380 clv
603 307 885 365 rsonueonruu

154 490 312 556 Eusebius
335 511 406 554 cnm
428 489 616 571 scripturam
639 488 765 552 nonnisi
788 510 888 572 usque
910 488 950 552 ad
972 488 1057 565 19‚1
1082 490 1258 573 respiceret,
1284 491 1328 553 si·

156 599 209 660 cut
223 598 347 678 partem
369 593 524 678 reliquam
540 597 641 655 totam
663 592 709 655 ita
732 591 826 656 facile
841 591 929 655 illam
951 592 1143 675 particulam
1157 593 1329 678 neglegere

153 700 268 784 potuit,
293 720 392 784 eoque
415 699 540 783 potius,
573 698 696 762 cumei
719 697 884 782 catalogus
906 697 1131 782 proconsulum
1153 696 1250 762 Asiae
1273 699 1328 761 de-

155 804 252 869 fuisse
275 805 426 880 rideatur,
452 823 514 886 quo
537 801 679 867 adhibito
704 803 741 866 de
764 806 906 887 tempore
927 803 1072 886 martyrii
1094 803 1207 866 certior
1229 803 1328 868 fieret.

154 909 315 974 Particula
337 914 386 973 tot
407 908 523 972 indicia
544 907 695 972 historica
718 929 817 992 eaque
838 908 1001 972 verissima
1024 909 1179 986 continet,
1203 913 1240 972 ut
1262 909 1329 972 viro

153 1014 297 1098 martyrii
327 1012 516 1096 gnarissimo
547 1012 747 1077 attribuenda
776 1013 835 1090 sit,
867 1017 963 1096 atquc
991 1013 1075 1078 huno
1106 1014 1238 1077 eundem
1261 1035 1330 1077 esse

154 1141 225 1184 cum
248 1122 375 1183 auctore
392 1119 565 1201 scripturae
581 1118 652 1182 inde
668 1118 735 1182 iure
751 1117 939 1201 colligimus,
958 1118 1042 1201 quod
1057 1117 1215 1201 particula
1230 1140 1330 1203 aeque

98 1220 104 1238 '
155 1246 191 1288 ac
214 1223 378 1306 inscriptio
401 1221 545 1304 Martyrii
574 1222 614 1286 ad
643 1222 881 1286 similitudinem
903 1221 1073 1287 Clementis
1102 1223 1258 1306 epistulae
1290 1225 1331 1288 ad

154 1326 334 1392 Corinthios
356 1327 478 1390 reddita
500 1330 556 1389 est.

244 1430 407 1495 Particula
429 1431 480 1507 22,
501 1430 517 1490 1
542 1431 702 1495 codicibus
717 1453 813 1495 unam
829 1431 984 1496 familiam
1000 1433 1210 1497 efficientibus
1227 1431 1331 1497 solum

154 1537 307 1609 traditur,
338 1537 370 1599 in
393 1535 499 1599 codiee
523 1535 705 1617 Mosquensi
736 1557 810 1599 vero
833 1540 866 1599 et
887 1536 921 1599 in
944 1536 1085 1600 versione
1108 1536 1208 1599 latina
1231 1535 1328 1599 deest.

154 1639 266 1725 ltaque
289 1639 459 1723 quaeritur,
482 1662 559 1704 num
582 1641 621 1704 ab
644 1639 708 1702 illis
731 1639 865 1703 testibus
887 1639 1007 1704 inserta
1036 1663 1076 1704 an
1099 1641 1139 1704 ab
1161 1639 1211 1703 his
1234 1661 1329 1722 prae·

155 1747 250 1811 terite
272 1745 376 1809 fuerit.
423 1744 486 1809 Res
510 1744 648 1809 difficilis
672 1745 782 1808 estad
805 1744 1024 1808 definiendum.
1071 1743 1150 1809 Cum
1173 1742 1332 1827 particula

155 1873 175 1914 a
197 1850 308 1914 duobis
331 1849 464 1914 testibus
486 1848 691 1933 neglegatur,
723 1849 763 1911 ab
785 1870 848 1912 uno
872 1848 975 1912 solum
998 1854 1204 1934 agnoscatur,
1239 1848 1329 1912 addi-

155 1960 330 2019 tamentum
361 1953 540 2018 habendum
563 1974 630 2017 esse
661 1953 792 2016 videtur.
839 1952 952 2018 Altera
974 1976 1012 2017 ex
1044 1959 1133 2036 parte
1164 1975 1234 2017 eam
1256 1958 1329 2016 tan·

156 2081 250 2143 quam
280 2058 471 2142 superfluam
499 2056 650 2121 facillime
680 2055 784 2119 omitti
813 2056 954 2140 potuisse
985 2056 1099 2141 liquet,
1133 2079 1204 2120 cnm
1233 2057 1331 2121 verba

159 2163 274 2227 similia
303 2168 335 2227 et
363 2162 553 2245 praecedant
582 2165 614 2224 et
645 2165 826 2244 sequantur.
871 2159 1038 2243 Lightfoot
1069 2183 1140 2225 eam
1169 2184 1188 2224 a
1216 2159 1330 2224 Philo-

155 2266 356 2330 meliensibus
380 2265 567 2348 scripturam
590 2265 761 2328 secundum
775 2266 959 2328 mandatum
982 2265 1069 2342 20,1
1094 2265 1165 2329 aliis
1188 2264 1331 2329 ecclesiis

155 2370 354 2435 mittentibus
370 2370 525 2434 adiectam
548 2369 645 2433 fuisse
661 2373 774 2433 censet.
820 2368 907 2433 Num
930 2374 1037 2433 antem
1056 2370 1133 2433 haec
1156 2369 1222 2432 eius
1238 2369 1331 2452 origo

155 2475 205 2549 sit,
230 2474 302 2538 inde
324 2473 509 2557 praesertim
532 2473 698 2555 dependet,
730 2478 803 2537 utra
826 2473 995 2556 doxologia
1022 2473 1160 2559 genuina
1182 2473 1232 2549 sit,
1257 2475 1330 2537 brc-

156 2579 224 2642 vior
247 2577 366 2661 (codice
388 2602 409 2662 p
433 2576 563 2659 tradita)
596 2601 636 2641 an
666 2578 793 2663 longior
816 2576 916 2660 (codd.
941 2576 1022 2660 bp).
1069 2577 1245 2662 hightfoot,
1280 2577 1332 2641 cui

156 2686 262 2747 autem
285 2684 382 2747 codex
404 2682 426 2746 h
449 2683 588 2746 nondum
609 2683 756 2766 cognitus
779 2687 855 2760 erat,
880 2682 969 2746 illam
983 2682 1045 2747 fide
1069 2682 1247 2766 digniorem
1262 2703 1332 2745 esse

154 2787 314 2852 iudicavit.
361 2786 441 2851 Mihi
463 2809 527 2851 non
550 2787 652 2850 solum
674 2792 781 2863 testes,
805 2788 859 2851 sed
882 2787 976 2850 etiam
992 2786 1117 2850 initium
1140 2785 1332 2869 doxologiae

158 2886 246 2973 (μεθ’
268 2889 316 2972 οὐ)
340 2891 516 2975 longiorem
545 2890 680 2955 formam
703 2891 840 2956 auctoris
863 2913 930 2956 esse
960 2892 1095 2975 probare
1118 2891 1274 2965 videntur,
1300 2895 1333 2954 et

156 2996 183 3059 si
205 3000 289 3059 recte
311 2995 423 3074 iudico,
447 2994 604 3078 particula
632 3017 695 3059 non
717 2996 805 3059 brevi
835 3001 1006 3079 postquam
1028 2995 1219 3078 Martyrium
1241 3016 1331 3059 com·

155 3099 294 3182 positum
318 3103 380 3175 est,
412 3099 467 3163 sed
490 3121 583 3184 aegre
614 3105 687 3164 ante
718 3100 879 3164 saeculum
901 3099 948 3164 IV
980 3104 1089 3163 exorta
1119 3120 1187 3163 esse
1210 3100 1332 3164 censeri

156 3206 271 3287 potest.

243 3305 423 3370 Particulae
451 3313 617 3392 sequentes
645 3308 696 3372 vel
718 3311 769 3386 22,
787 3309 871 3371 2-3
894 3329 956 3370 non
986 3311 1053 3371 tam
1075 3308 1116 3371 ad
1143 3308 1332 3391 martyrium

155 3410 323 3493 pertinent,
349 3412 496 3494 quamde
520 3412 653 3476 historia
667 3412 814 3494 Martyrii
836 3432 891 3474 seu
914 3410 1068 3492 epistulae
1086 3409 1332 3493 Smyrnaeorum

157 3519 265 3599 agunt.
312 3513 447 3578 Versum
463 3520 636 3579 extremum
652 3515 781 3580 Pionius
798 3514 926 3598 quidam
942 3536 975 3578 se
998 3514 1162 3598 scripsisse
1178 3515 1330 3593 declarat,

156 3618 175 3681 i.
200 3641 225 3682 e.
250 3621 377 3695 auctor,
402 3620 453 3683 eui
479 3619 588 3683 Vitam
614 3620 800 3703 Polycarpi,
832 3620 865 3682 in
886 3618 1044 3681 volumine
1071 3618 1203 3683 Patrum
1227 3625 1330 3703 apost.

156 3722 256 3786 altero
279 3746 298 3786 a
319 3744 369 3787 me
400 3723 611 3806 publicatam,
647 3724 803 3787 debemus.
850 3719 897 3785 cf.
930 3726 1007 3785 nota
1038 3722 1078 3785 ad
1104 3723 1155 3798 22,
1180 3723 1210 3785 3.
1251 3722 1331 3786 Par-

157 3830 221 3890 tem
243 3849 350 3891 versus
374 3829 393 3890 2
417 3828 549 3892 alteram
572 3827 717 3892 Socrates
741 3825 921 3890 Corinthius
955 3825 1080 3909 quidem
1103 3846 1136 3888 sc
1166 3826 1332 3909 scripsisse

156 3930 329 4013 profitetur.
375 3930 447 3995 Nisi
478 3935 584 3995 autem
606 3932 713 3995 omnia
734 3930 870 4007 fallunt,
903 3929 1034 3993 Pionius
1057 3929 1139 3993 sicut
1161 3952 1287 3994 versum
1312 3932 1331 3995 3

156 4034 203 4097 ita
225 4034 320 4096 etiam
343 4056 467 4098 versum
490 4037 509 4098 2
533 4035 673 4098 exaravit
695 4034 804 4114 idque,
836 4038 872 4096 ut
894 4033 1122 4096 successionem
1152 4033 1332 4117 scripturae

158 4137 315 4221 quandam
331 4160 349 4200 a
364 4138 540 4221 Polycarpo
556 4139 595 4201 ad
611 4158 644 4201 se
661 4136 899 4201 descendentem
918 4136 1060 4219 fingeret.
1108 4137 1241 4201 Pionius
1256 4159 1331 4201 vero

157 4245 248 4325 parte
270 4241 388 4305 saeculi
403 4241 449 4306 IV
471 4242 571 4306 altera
586 4242 673 4317 vixit,
697 4262 829 4324 cumque
845 4261 952 4303 versus
970 4242 986 4302 1
1003 4240 1141 4305 eiusdem
1164 4242 1232 4305 fere
1249 4246 1330 4306 tem-
