2834 5018
518 613 586 668 sur.
606 615 652 680 rx,
672 616 696 678 r,
714 614 791 680 4-8,
810 617 835 670 4.
1199 625 1260 690 591

83 790 177 855 bati?
200 789 406 873 Respondeas
429 791 509 856 mihi
532 792 623 856 dicit:
648 792 795 867 Videsne,
819 794 931 878 inquit,
956 795 1014 860 hos
1037 796 1181 881 lapides?
1203 799 1262 863 Vi·

84 896 152 972 deo,
176 895 315 979 inquam,
341 894 475 959 domine.
522 897 603 980 Ego,
627 897 747 980 inquit,
779 899 950 963 maximam
979 900 1120 984 lapidum
1148 903 1262 969 horum

82 1005 207 1083 partem
222 999 443 1065 circumcidam
467 1005 499 1065 et
515 1002 648 1066 adiciam
670 1002 704 1065 in
719 1007 918 1080 stmcturam,
942 1008 974 1067 et
989 1007 1175 1071 convenient
1190 1029 1261 1074 cum

83 1103 212 1186 reliquis
241 1103 409 1186 lapidibus.
457 1106 485 1169 5.
518 1105 697 1183 Quomodo,
728 1108 876 1191 inquam,
909 1108 1049 1185 domine,
1084 1111 1260 1177 circumcisi

83 1209 215 1273 eundem
236 1214 371 1290 possunt
402 1209 528 1293 explere
558 1209 688 1274 locum?
721 1210 928 1294 Respondens
951 1213 1027 1277 dicit
1048 1215 1145 1279 milii:
1181 1216 1286 1292 Qui-⁶

83 1335 216 1397 cumque
238 1314 330 1397 parvi
353 1313 471 1378 luerint
493 1314 624 1397 reperti,
647 1314 681 1378 in
703 1315 839 1379 mediam
861 1320 1052 1382 structuram
1074 1319 1257 1398 adicientur,

83 1418 270 1502 quicumque
292 1439 366 1481 vero
381 1418 525 1495 maiores,
552 1419 722 1483 exteriores
736 1425 894 1502 ponentur
916 1425 947 1484 et
970 1422 1175 1488 continebunt
1195 1447 1257 1489 eos.

83 1524 111 1587 6.
135 1521 224 1586 Haec
247 1544 318 1586 cum
340 1522 419 1586 mihi
441 1521 566 1587 locutus
590 1529 681 1602 esset,
702 1524 747 1589 ait
768 1525 864 1589 mihi:
889 1526 1009 1591 Eamus
1032 1531 1064 1592 et
1086 1533 1159 1612 post
1181 1531 1259 1594 duos

82 1627 146 1691 dies
167 1626 329 1690 veniamus
361 1648 398 1690 ac
424 1628 611 1692 mundemus
641 1628 700 1692 hos
733 1628 854 1712 lapides
884 1636 916 1695 et
946 1631 1118 1697 adiciamus
1150 1655 1203 1699 eos
1224 1635 1258 1698 in

81 1735 287 1805 structuram
312 1753 517 1816 quaecunque
533 1732 617 1796 enim
632 1732 715 1796 circa
737 1733 849 1797 turrim
864 1739 946 1812 sunt,
971 1756 1008 1798 ea
1023 1740 1150 1820 oportet
1164 1760 1256 1801 mun·
1272 1755 1297 1792 1⁰

81 1836 156 1912 dari,
180 1857 219 1900 ne
243 1834 325 1898 forte
356 1836 502 1900 dominus
525 1837 631 1901 subito
661 1837 767 1900 veniat
798 1841 830 1901 et
852 1859 906 1913 ea,
939 1861 1018 1922 quae
1041 1841 1125 1905 circa
1146 1842 1258 1906 turrim

80 1945 161 2015 sunt,
186 1939 348 2004 immunda
370 1939 511 2004 inveniat
533 1944 565 2003 et
586 1940 753 2017 irascatur,
787 1944 819 2004 et
841 1941 876 2004 hi
898 1941 1018 2025 lapides
1041 1965 1105 2007 non
1128 1950 1202 2009 eant
1223 1945 1257 2008 in

79 2049 269 2110 structuram
292 2044 391 2108 birris
413 2049 445 2108 et
467 2065 528 2129 ego
551 2043 723 2128 neglegens
753 2064 820 2106 esse
842 2044 949 2108 videar
976 2048 1060 2130 apud
1085 2048 1254 2112 dominum.

81 2149 108 2212 7.
131 2150 175 2213 Et
196 2153 270 2233 post
296 2149 427 2214 biduum
442 2147 583 2212 venimus
607 2147 646 2211 ad
668 2147 780 2211 turrim
803 2152 835 2212 et
857 2149 933 2213 dicit
948 2151 1044 2214 mihi:
1069 2150 1255 2217 Considere-

79 2277 147 2318 mus
170 2253 291 2338 lapides
313 2274 432 2327 omnes,
457 2257 489 2316 et
511 2251 672 2316 videamus
695 2273 765 2326 eos,
799 2251 853 2333 qui
874 2253 999 2335 possint
1027 2255 1071 2318 ire
1094 2255 1127 2318 iu
1150 2260 1295 2320 struo-1⁶

78 2363 190 2422 turam.
237 2358 317 2422 Dico
340 2358 387 2422 ei:
411 2355 557 2432 Domine,
582 2355 822 2419 consideremus.

165 2459 202 2527 8.
226 2461 367 2545 Cumque
402 2459 633 2542 coepissemus,
668 2460 805 2542 primum
838 2460 946 2544 nigros
981 2462 1254 2529 considerabamus

77 2565 207 2650 lapides.
253 2567 297 2630 Et
320 2565 429 2650 quales
453 2565 491 2629 de
514 2568 673 2629 structura
695 2564 831 2648 depositi
853 2571 936 2641 sunt,
960 2565 1041 2629 tales
1063 2568 1159 2633 etiam
1181 2573 1255 2633 sunt

76 2672 204 2754 reperti.
249 2671 294 2735 nt
315 2670 407 2734 iussit
433 2690 488 2732 eos
518 2673 628 2752 pastor
651 2691 670 2733 a
691 2668 771 2733 turri
800 2668 871 2733 tolli
895 2691 931 2734 ac
962 2692 1103 2736 seorsum
1133 2674 1252 2756 reponi.

76 2776 105 2839 2.
130 2774 251 2839 Deinde
275 2774 482 2838 consideravit
498 2774 668 2850 scabiosos,
692 2777 724 2837 et
747 2774 870 2856 accepit
886 2775 1143 2860 circumciditque
1166 2778 1250 2842 mul·
1267 2795 1293 2832 ²⁰

75 2885 125 2944 tos
149 2901 188 2944 ex
210 2880 249 2944 iis
272 2884 304 2943 et
325 2878 422 2942 iussit
436 2878 574 2963 virgines
597 2899 650 2942 eos
665 2878 777 2942 tollere
801 2883 833 2942 et
855 2879 1098 2944 instructuram
1121 2882 1251 2946 adicere.

74 2984 118 3048 Et
140 2984 336 3049 sustulerunt
369 3004 423 3046 eos
455 2982 593 3067 virgines
621 2986 653 3046 et
678 2986 851 3065 posuenmt
881 2983 1000 3047 medios
1032 2984 1065 3048 in
1096 2989 1254 3051 structura

74 3089 179 3153 turris.
225 3088 378 3172 Reliquos
397 3090 502 3150 autem
525 3086 617 3149 iussit
632 3107 703 3149 cum
725 3087 825 3170 nigris
841 3088 966 3170 reponi;
991 3089 1107 3152 etenim
1122 3088 1156 3151 hi
1172 3112 1251 3172 quo·

75 3215 136 3276 que
166 3193 251 3277 nigri
277 3192 396 3277 reperti
429 3195 510 3256 sunt.
557 3191 586 3253 3.
611 3189 732 3254 Deinde
756 3190 964 3254 consideravit
988 3212 1060 3263 eos,
1095 3192 1149 3274 qui
1171 3194 1250 3256 scis·

74 3319 163 3361 suras
185 3297 363 3371 habebant;
388 3300 419 3360 et
442 3318 481 3360 ex
503 3294 553 3358 his
575 3292 692 3357 multos
715 3293 909 3358 circumcidit
931 3294 1085 3378 iussitque
1107 3317 1163 3378 per
1186 3298 1249 3360 vir·
1264 3318 1289 3355 aa

74 3401 164 3484 gines
187 3402 220 3465 in
243 3405 436 3465 structuram
459 3398 593 3471 auferri;
626 3396 703 3460 foris
727 3402 831 3461 autem
854 3398 952 3481 positi
974 3403 1067 3474 sunt,
1102 3401 1250 3483 quoniam

74 3507 212 3570 saniores
234 3505 354 3569 inventi
377 3509 460 3568 sunt.
506 3502 634 3585 Reliqui
656 3522 729 3564 vero
751 3506 883 3584 propter
912 3502 1147 3568 multitudinem
1170 3505 1247 3569 scis-

73 3631 216 3674 surarum
231 3631 294 3673 non
310 3612 458 3693 poterant
473 3605 665 3680 circumcidi;
688 3610 822 3688 propter
835 3606 917 3671 hanc
932 3628 1007 3692 ergo
1029 3631 1156 3673 causam
1171 3632 1247 3693 pro·

73 3713 145 3778 iecti
176 3716 249 3778 sunt
279 3712 319 3776 ab
350 3711 565 3777 aedificatione
596 3709 700 3773 turris.
746 3710 776 3772 4.
801 3709 922 3775 Deinde
954 3713 1173 3779 considerabat
1195 3735 1246 3778 ro·

71 3817 196 3892 tundos,
226 3816 373 3881 etmulti
395 3838 432 3880 ex
455 3816 494 3879 iis
516 3814 637 3878 inventi
659 3818 733 3877 sunt
754 3813 855 3897 nigri,
888 3815 941 3879 alii
964 3822 1069 3882 autem
1092 3819 1245 3882 scissuras
1261 3838 1287 3876 ao

71 3942 204 4005 magnas
226 3920 395 3995 habentes;
431 3925 463 3984 et
485 3919 577 3983 iussit
599 3918 657 3983 hos
681 3939 806 4001 quoque
829 3920 937 4003 reponi
961 3943 1030 3984 cum
1058 3923 1245 4006 reprobatis.

71 4025 224 4109 Reliquos
247 4029 353 4088 autem
376 4046 485 4088 eorum
507 4023 674 4087 mundatos
698 4047 734 4088 ac
749 4025 948 4089 circumcisos
971 4027 1063 4092 iussit
1084 4028 1118 4092 in
1140 4033 1243 4093 struc-

70 4134 143 4193 tura
164 4130 259 4213 poni;
291 4130 429 4214 virgines
453 4134 557 4193 autem
581 4150 635 4192 eos
658 4128 854 4193 sustulerunt
881 4134 913 4193 et
935 4130 968 4193 in
990 4132 1124 4194 mediam
1147 4133 1242 4196 turris

69 4307 145 4380 παρὰ
164 4308 186 4362 G
204 4309 208 4378 Ι
226 4307 258 4361 12
277 4312 460 4379 προσοχθήσῃ
478 4308 503 4364 G
519 4310 522 4379 Ι
539 4308 573 4362 20
590 4307 682 4382 λαβὼν
700 4308 855 4366 Azaaabv
873 4310 904 4373 G,
918 4310 986 4377 >L
1002 4311 1006 4380 Ι
1027 4311 1060 4365 23
1077 4310 1180 4379 μέσους
1200 4311 1245 4366 G:

68 4394 156 4465 μέσην
172 4395 211 4464 (l)
230 4395 275 4447 LA
290 4396 296 4463 Ι
311 4394 345 4448 28
362 4400 472 4465 πλῆθος
490 4396 632 4468 Ῑιῑπάχος
650 4397 682 4459 G,
702 4397 755 4448 ’ΞΑ

105 4559 128 4612 5.
147 4558 185 4626 εἰς
202 4558 288 4629 μέσην
307 4579 330 4614 τ.
349 4558 412 4630 ola]
432 4558 474 4613 cf.
494 4576 515 4613 c.
527 4561 551 4625 8,
565 4562 704 4631 2-6q—
722 4560 865 4636 ἐξώτεροι]
885 4562 928 4617 cf.
947 4579 969 4616 o.
989 4564 1012 4627 8,
1032 4565 1056 4617 5.
1077 4565 1100 4618 7.
