2834 5018
192 330 232 394 78
683 322 880 377 BARNABAE

190 499 268 575 θείς.
316 497 381 562 ἐπεί
406 496 459 562 οὖν
482 496 648 582 μέλλουσιν
673 497 784 583 λέγειν,
809 502 855 563 ὅτι
880 499 1049 584 ὁΧριστὸς
1072 503 1136 579 υἱός
1160 503 1242 569 ἐστιν
1259 505 1365 584 Δαυίδ,

189 606 282 679 αὐτὸς
304 602 490 688 προφητεύει
514 602 628 682 Δαυίδ,
655 603 846 689 φοβούμενος
869 607 923 668 καί
947 607 1060 672 συνίων
1084 611 1139 692 τὴν
1163 609 1284 694 πλάνην
1307 619 1369 674 τῶν

190 707 405 792 ἁμαρτωλῶν·
428 709 539 773 Είπεν
560 711 578 772 δ
602 713 716 795 κύριος
739 717 786 793 τῷ
811 714 917 796 κυρίῳ
933 733 1016 792 μου·
1042 712 1169 778 Κάθου
1193 716 1231 779 ἐκ
1247 713 1368 794 δεξιῶν

188 837 266 895 μου,
290 815 354 894 ἕως
370 814 415 876 ἂν
437 811 493 876 θῶ
509 815 587 894 τοὺς
610 812 756 899 ἐχθρούς
773 837 835 880 σου
857 816 1051 881 ὑποπόδιον
1066 823 1137 881 τῶν
1159 819 1278 883 ποδῶν
1295 841 1366 884 σου.

162 923 240 984 ι11.
265 919 319 981 καί
348 916 442 981 πάλιν
464 916 549 1001 λέγει
579 920 677 992 οὕτως
700 916 849 994 Ἡσαΐας·
884 920 994 985 Εἶπεν
1018 925 1132 1006 κύριος
1156 929 1203 1006 τῷ
1227 922 1367 1008 Χριστῷ

188 1045 256 1104 μου
272 1025 388 1108 κυρίῳ,
412 1023 452 1086 ού
475 1023 645 1108 ἐκράτησα
660 1030 719 1108 τῆς
743 1023 854 1105 δεξιᾶς
869 1027 985 1106 αὐτοῦ,
1009 1027 1198 1090 ἐπακούσαι
1218 1029 1367 1111 ἔμπροσ-

188 1126 254 1192 θεν
284 1129 388 1191 αὐτοῦ
421 1125 527 1211 ἔθνη,
560 1130 615 1192 καὶ
648 1131 747 1210 ἰσχύν
778 1128 948 1213 βασιλέων
982 1128 1160 1218 διαρρηξω.
1207 1130 1268 1210 ἴδε,
1302 1139 1367 1205 πῶς

188 1229 291 1295 Δαυὶδ
314 1230 402 1313 λέγει
426 1231 532 1296 αὐτὸν
554 1236 682 1318 κύριον,
706 1234 759 1295 καί
783 1232 849 1296 υἱὸν
872 1235 907 1296 οὐ
931 1232 1024 1317 λέγει.

276 1336 363 1401 XIII.
387 1334 518 1420 Ἴδυμεν
541 1335 589 1416 δέ,
622 1337 649 1399 εί
675 1335 764 1413 οὗτος
787 1338 804 1400 ὁ
827 1337 903 1412 λαὸς
932 1337 1118 1422 κληρονομεῖ
1146 1341 1206 1422 ῆὸ
1235 1349 1365 1422 πρῶτος,

151 1465 175 1503 ιι
188 1441 241 1502 καί
272 1440 298 1503 εἰ
327 1439 347 1522 ἡ
378 1440 516 1525 διαθήκη
547 1441 589 1516 είς
620 1441 701 1525 ἡμᾶς
728 1444 749 1526 η
780 1444 823 1518 είς
855 1442 1001 1519 ἐκείνους.
1053 1449 1082 1511 2.
1108 1444 1283 1509 Ἀκούσατε
1313 1443 1366 1508 οὖν

188 1549 256 1629 περί
280 1559 334 1612 τοῦ
350 1547 429 1612 λαοῦ
453 1549 481 1612 τί
503 1547 586 1632 λέγει
609 1548 764 1633 ηγραφὴ·
789 1550 921 1614 Ἐδεῖτο
945 1551 982 1614 δὲ
997 1550 1114 1614 Ἰσαὰκ
1137 1551 1215 1635 περὶ
1230 1549 1365 1634 Ῥεβέκ-

188 1676 249 1734 κας
273 1660 330 1736 τῆς
354 1653 512 1736 γυναικὸς
536 1655 651 1732 αὐτοῦ,
675 1655 725 1717 ὅτι
749 1661 863 1739 στεῖρα
886 1656 943 1737 ἦν’
969 1655 1024 1717 καί
1049 1653 1245 1737 συνέλαβεν.
1283 1652 1364 1716 είτα·

188 1757 258 1821 Καὶ
275 1755 422 1841 ἐξῆλθεν
438 1756 602 1842 Ῥεβέκκα
618 1757 796 1822 πυθέσθαι
812 1759 906 1843 παρὰ
922 1761 1051 1843 κυρίου,
1067 1759 1123 1821 καὶ
1139 1758 1236 1821 εἶπεν
1251 1762 1365 1844 κύριος

188 1862 273 1945 πρὸς
297 1865 417 1945 αὐτὴν·
450 1859 516 1924 Δύο
540 1861 627 1946 ἔθνη
651 1862 688 1926 ἐν
711 1866 752 1947 τῇ
774 1865 894 1946 γαστρί
916 1883 978 1924 σου
1001 1860 1141 1924 καὶδύο
1165 1860 1241 1924 λαοὶ
1265 1862 1304 1926 ἐν
1326 1866 1365 1946 τῇ

150 1987 173 2024 ιι
187 1964 298 2051 κοιλίᾳ
322 1988 401 2046 σου,
433 1967 489 2030 καί
513 1964 594 2046 λαός
617 1964 703 2030 λαοῦ
726 1963 880 2049 ὑπερέξει
912 1966 967 2029 καὶ
991 1968 1010 2029 ὁ
1033 1966 1161 2046 μείζων
1191 1966 1365 2030 δουλεύσει

187 2077 235 2154 τῷ
259 2069 428 2135 ἐλάσσονι.
469 2073 497 2136 3.
523 2069 737 2135 αἰσθάνεσθαι
761 2068 918 2151 ὀφείλετε,
951 2069 994 2145 τίς
1020 2070 1037 2132 ὁ
1062 2069 1173 2133 Ἰσαὰκ
1201 2071 1254 2132 καί
1278 2069 1363 2150 τίςη

189 2175 352 2262 Ῥεβέκκα,
375 2178 428 2238 καί
452 2174 501 2237 ἐπί
525 2174 615 2238 τίνων
633 2173 780 2257 δέδειχεν,
805 2177 850 2236 ὅτι
867 2174 980 2256 μείζων
1003 2175 1020 2237 ὁ
1046 2173 1122 2248 λαὸς
1138 2173 1227 2248 οὗτος
1251 2174 1364 2257 ηέκεῐ-

188 2303 248 2356 νος.
294 2286 324 2347 4.
348 2282 401 2343 καί
425 2279 458 2342 ἐν
480 2277 562 2362 ἄλλη
577 2278 750 2362 προφητείᾳ
772 2277 856 2362 λέγει
873 2278 1087 2361 φανερώτερον
1111 2279 1128 2341 ὁ
1152 2277 1267 2364 Ἰακὼβ
1289 2281 1365 2361 πρὸς

188 2384 306 2468 Ἰωσὴφ
328 2387 381 2447 τὸν
404 2385 469 2448 υἱὸν
493 2385 598 2463 αὐτοῦ,
622 2383 738 2467 λέγων·
770 2383 868 2462 Ἰδού,
893 2386 955 2447 οὐκ
980 2385 1162 2469 ίστέρησέν
1183 2406 1227 2464 με
1250 2388 1363 2469 κύριος

147 2507 172 2545 2⁰
187 2497 247 2554 τοῦ
270 2493 459 2575 προσώπου
483 2511 561 2555 σου·
586 2493 780 2578 προσάγαγέ
803 2514 861 2572 μοι
885 2494 962 2572 τοὺς
980 2495 1074 2572 υἱούς
1100 2515 1172 2571 σου,
1196 2495 1253 2556 ίνιι
1269 2492 1363 2556 εὐίο-

186 2598 280 2679 γησω
310 2598 442 2676 αὐτούς.
489 2598 595 2662 5.καί
627 2595 824 2680 προσήγαγεν
858 2595 992 2679 Ἐφραίμ
1024 2598 1077 2658 καὶ
1108 2595 1279 2679 Μανασσῆ,
1312 2597 1363 2657 τὸν

186 2700 341 2784 Μανασσῆ
364 2698 469 2763 θέλων
484 2702 536 2763 ἵνα
559 2699 730 2783 εὐλογηύη,
756 2703 801 2763 ὅτι
817 2701 1022 2786 πρεσβύτερος
1047 2699 1103 2785 ἧν·
1127 2701 1143 2764 ὁ
1166 2703 1227 2783 γὰρ
1244 2699 1360 2781 Ἰωσὴφ

185 2805 383 2890 προσήγαγεν
413 2806 456 2881 εἰς
486 2809 540 2889 την
573 2804 675 2882 δεξιὰν
706 2815 795 2888 χεῖρα
825 2815 879 2868 τοῦ
908 2808 1023 2888 πατρὸς
1054 2803 1180 2889 Ἰακὼβ.
1226 2803 1306 2867 είδεν
1329 2804 1362 2866 δέ

187 2909 302 2995 Ἰακὼβ
325 2910 421 2975 τύπον
445 2918 488 2992 τῷ
520 2909 671 2992 πνεύματι
694 2920 748 2973 τοῦ
772 2909 851 2973 λαοῦ
874 2920 928 2973 τοῦ
961 2908 1085 2993 μεταξύ,
1132 2911 1184 2971 καί
1209 2908 1237 2970 τί
1260 2907 1360 2992 λέγει;

147 3032 173 3069 2⁶
188 3015 258 3080 Καὶ
282 3016 444 3100 ἐποίησεν
465 3015 593 3099 Ἰακὼβ
609 3012 758 3094 ἐναλλὰξ
780 3015 839 3095 τὰς
862 3021 974 3099 χεῖρας
991 3017 1096 3078 αὐτοῦ
1119 3016 1175 3077 καὶ
1192 3012 1363 3096 ἐπέθηκεν

119 3149 121 3152 >
186 3121 249 3202 τὴν
272 3117 387 3198 δεξιὰν
410 3120 466 3183 ἐπὶ
489 3121 552 3202 την
574 3116 728 3200 κεραίην
750 3117 913 3201 Ἐφραίμ,
937 3125 996 3181 τοῦ
1016 3117 1173 3203 δευτέρου
1197 3119 1253 3181 καὶ
1278 3139 1361 3181 νεω-

186 3225 294 3309 τέρου,
317 3226 373 3288 καὶ
397 3223 581 3308 εὐλόγησεν
604 3225 717 3287 αὐτόν.
757 3224 813 3286 καί
837 3223 932 3287 είπεν
955 3221 1088 3305 Ἰωσὴφ
1112 3222 1197 3306 πρὸς
1220 3221 1361 3304 Ἰακώβ·

186 3327 347 3409 Μετάθες
365 3350 427 3392 σου
450 3331 512 3412 τὴν
529 3326 643 3408 δεξιὰν
667 3328 723 3391 ἐπὶ
738 3329 802 3412 τὴν
825 3326 979 3411 κεραίην
992 3326 1178 3411 Μανασσῆ,
1201 3328 1252 3391 ὅτι
1268 3347 1361 3411 πρω-

256 3506 269 3559 1
290 3503 341 3570 δ>
360 3503 377 3556 S
393 3503 397 3571 Ι
414 3500 489 3558 ἐστιν
510 3501 550 3566 (in
568 3501 586 3555 S
606 3504 673 3569 post
685 3501 781 3568 Δαυίδ)
793 3500 828 3571 -1-
841 3509 891 3557 τοῦ
904 3499 930 3552 Η
945 3502 949 3567 Ι
966 3502 982 3554 2
1002 3499 1086 3566 αὐτὸς
1100 3499 1269 3573 προφητεύει
1290 3498 1361 3571 (φὸ

184 3593 221 3661 Η)
242 3589 489 3656 ΔαυίδδΗι>λί
505 3590 508 3657 1
525 3588 541 3640 3
560 3586 902 3660 ἁμαρτωλῶνη-λέγειλί
918 3589 922 3658 λ
938 3587 1018 3655 ὁ>8
1034 3589 1038 3654 Ι
1055 3588 1070 3640 5
1089 3581 1208 3654 ούτοςλί
1224 3588 1227 3656 Ι
1245 3588 1362 3660 δεητῷ

185 3684 298 3754 Χριστῷ
315 3698 371 3747 μου
392 3680 478 3751 κυρίῳ
503 3673 588 3748 (κύριρ
608 3672 887 3750 178**)Ἧτ8**ιτῴ
905 3677 990 3749 κυρίῳ
1009 3695 1065 3744 μου
1084 3674 1144 3728 8*Η
1166 3674 1169 3744 ί
1190 3674 1206 3727 6
1225 3672 1362 3746 ἐκράτησα

184 3766 232 3821 VL
246 3785 252 3818 :
266 3765 416 3839 ἐκράτησεν
433 3763 478 3817 SH
500 3762 504 3830 Ι
527 3760 596 3819 8οὐ
614 3760 662 3814 HL
679 3762 747 3832 (non
765 3763 907 3830 tantun1):
922 3767 993 3819 θεοῦ
1011 3760 1056 3814 SV
1079 3762 1082 3831 1
1105 3761 1214 3833 λέγει)
1233 3762 1258 3816 V
1274 3769 1279 3826 Ι
1294 3762 1311 3814 9
1329 3758 1361 3816 ἴδ.

183 3854 212 3910 δέ
226 3872 231 3905 :
247 3852 305 3910 ἀλλ’
325 3849 427 3921 ἴδωμεν
444 3848 469 3901 V
493 3852 497 3917 Ι
521 3855 691 3923 κληρονομεῖ
706 3848 747 3902 SL
763 3866 769 3899 ι
783 3849 881 3915 νόμος
898 3847 951 3902 HV
975 3848 979 3912 Ι
1003 3847 1019 3904 ὁ
1038 3855 1151 3919 πρῶτος
1166 3865 1172 3898 :
1186 3845 1291 3915 ἐκεῖνος
1309 3847 1335 3899 Η
1355 3847 1359 3915 ί

185 3942 217 3997 10
235 3942 294 4008 εί)
313 3940 330 3994 S
347 3943 350 4005 Ι
367 3934 553 4007 ούνινῦνλίλ
571 3939 603 3991 12
622 3934 837 4008 συνίλαβενῑού
855 3955 879 3991 a.
896 3934 942 4000 ΗΙ
960 3937 991 3990 13
1009 3937 1053 3990 καὶ
1072 3937 1154 4003 pr>
1176 3933 1362 4003 81162a1>

183 4028 207 4080 V
223 4030 227 4096 Ι
245 4028 277 4083 18
294 4027 366 4099 πρὸς
378 4026 413 4097 -ί-
426 4027 476 4083 τὸν
493 4023 518 4076 V
540 4024 544 4094 ι
566 4024 598 4078 21
617 4026 664 4079 καί
684 4026 756 4078 Mar.
776 4023 826 4077 τόν
838 4039 844 4072 :
858 4024 904 4076 καί
927 4020 1039 4089 punctis
1065 4021 1191 4075 deletum
1217 4025 1245 4076 et
1263 4037 1359 4090 supra·

184 4115 318 4184 scriptum
337 4114 387 4169 τὸν
405 4112 431 4165 V
457 4113 461 4181 Ι
487 4112 518 4166 21
539 4128 579 4177 sq.
600 4110 650 4166 τὸν
671 4113 741 4165 Mar.
762 4106 854 4164 θέλων
874 4106 925 4158 HV
941 4126 946 4158 :
961 4114 988 4164 3.
1010 4129 1033 4163 τ.
1054 4128 1157 4183 εφραιμ
1178 4109 1195 4163 S
1212 4111 1216 4178 Ι
1233 4110 1267 4162 22
1285 4115 1361 4165 ευλο·

183 4203 278 4276 γησηὸ
294 4205 298 4265 Ι
315 4203 349 4256 26
368 4206 417 4272 τὴν
428 4200 520 4268 δεξιὰν
529 4198 569 4252 SL
583 4216 590 4249 ι
602 4197 637 4268 -Ι-
649 4194 736 4253 αύτοῦ
747 4195 850 4261 H,>v
865 4199 869 4259 1
885 4198 1007 4269 Ἐφραίμ
1022 4212 1028 4246 :
1042 4196 1198 4266 μανασσηὸ
1215 4197 1219 4265 Ι
1236 4196 1268 4250 27
1284 4194 1360 4266 ηύλύ

182 4310 267 4364 γησεν
287 4287 309 4340 V
326 4288 330 4358 1
347 4287 381 4340 28
401 4290 473 4343 Μαν.
487 4303 493 4336 2
508 4304 612 4359 εφραιμ
632 4283 649 4338 S
