2834 5018
188 320 230 383 96
682 309 879 366 BARNABAE

189 492 233 553 ἔτι
257 489 362 572 ἐρωτῶ
387 490 482 572 ύμᾱς·
516 488 637 552 ἑαυτῶν
663 487 793 572 γίνεσθε
815 487 985 571 νομοθέται
1010 487 1147 571 ἀγαθοί,
1171 487 1292 551 ἑαυτῶν
1318 486 1369 569 μί-

189 616 257 658 νετε
280 593 448 679 σύμβουλοι
471 595 583 673 πιστοί,
607 595 703 676 ἄρατε
726 592 759 670 ἐξ
782 592 868 676 ύμῶν
890 602 995 656 πᾶσαν
1019 592 1188 675 ὑπόκρισιν.
1239 596 1269 658 5.
1295 591 1312 654 ό
1336 592 1369 655 δὲ

190 700 277 777 θεός,
300 699 317 762 ό
340 709 394 762 τοῦ
417 700 532 774 παντός
556 699 677 781 κόσμου
699 697 869 780 κυριεύων,
903 696 969 781 διύη
992 698 1062 780 ύμῖν
1086 696 1209 779 σοφίαν,
1235 695 1368 775 σύνεσιν,

191 803 372 888 ἐπιστήμην,
395 814 511 888 γνῶσιν
526 814 588 867 τῶν
613 802 833 885 δικαιωμάτων
848 803 954 882 αύτοῠ,
978 801 1146 884 ὑπομονήν.
1192 805 1222 867 6.
1239 801 1370 884 γίνεσθε

165 910 224 972 ιδὲ
247 909 465 989 θεοδίδακτοι,
498 908 713 992 ἐκζητούντες,
743 907 771 970 τί
794 907 880 991 ζητεῖ
900 906 1005 989 κύριος
1028 905 1084 988 ἀφ’
1107 906 1203 990 ύμῶν,
1225 907 1279 968 καί
1303 927 1370 969 ποι-

190 1023 261 1093 εῖτε,
284 1015 336 1076 ἵνα
359 1013 511 1096 εὑρεθῆτε
535 1012 568 1075 ἐν
591 1011 691 1095 ἡμέρᾳ
713 1011 854 1094 κρίσεως.
902 1015 931 1078 7.
956 1012 983 1075 εἰ
1005 1012 1039 1075 δέ
1062 1011 1106 1087 τίς
1136 1011 1218 1074 ἐστιν
1243 1012 1369 1094 ἀγαθοῦ

190 1118 295 1202 μνεία,
328 1117 535 1203 μνημονεύετέ
565 1139 625 1201 μου
654 1117 842 1201 μελετῶντες
871 1126 986 1196 ταῦτα,
1019 1119 1070 1180 ἵνα
1099 1119 1152 1179 καί
1174 1115 1195 1199 ἡ
1218 1114 1370 1198 ἐπιθυμία

190 1224 243 1284 καί
266 1222 286 1305 V
309 1221 462 1306 ἀγρυπνία
495 1223 537 1298 είς
560 1242 588 1284 τι
612 1223 737 1306 ἀγαθόν
767 1221 906 1306 χωρήση.
953 1221 1057 1303 ἐρωτῶ
1082 1221 1177 1305 ὑμᾶς,
1209 1221 1300 1304 χάριν
1324 1220 1370 1283 αἰ-

191 1326 347 1410 τούμενος.
394 1331 423 1394 8.
448 1329 507 1401 ἕως
530 1328 575 1390 ἐτι
598 1330 633 1390 τό
657 1327 756 1390 καλόν
780 1327 891 1402 σκεῦός
914 1326 996 1390 ἐστιν
1018 1327 1092 1409 μεθ’
1117 1327 1220 1409 ύμῶν,
1250 1328 1293 1409 μὴ
1317 1324 1369 1387 ἐλ-

153 1461 178 1497 10
191 1430 318 1515 λείπητε
341 1432 447 1515 μηδενί
470 1432 606 1513 ἑαυτῶν,
638 1431 722 1495 ἀλλὰ
745 1442 884 1514 συνεχῶς
912 1431 1069 1516 ἐκζητεῖτε
1096 1440 1195 1494 ταῦτα
1217 1432 1270 1493 καὶ
1295 1432 1369 1494 ἀνα-

112 1563 114 1569 ’
191 1534 346 1619 πληροῦτε
368 1546 473 1600 πᾶσαν
497 1536 639 1620 ἐντολήν·
675 1538 758 1600 ἐστιν
780 1540 841 1620 γὰρ
864 1536 945 1614 ἀξια.
989 1539 1019 1602 θ.
1044 1536 1091 1599 διδ
1115 1535 1235 1619 μᾶλλον
1259 1535 1370 1598 ἐσπού-

192 1639 275 1702 δασα
296 1640 415 1723 γράψαι
438 1639 494 1723 ἀφ’
517 1639 561 1705 ὧν
584 1641 763 1727 ἠδυνήθην,
792 1642 835 1717 είς
858 1643 893 1704 τό
916 1643 1065 1725 εύηρᾶναι
1089 1641 1177 1723 ύμᾶς.
1214 1639 1369 1718 σώζεσθε,

192 1742 316 1827 ἀγάπης
338 1743 433 1808 τέκνα
455 1745 509 1807 καί
534 1745 664 1831 εἰρήνης.
700 1747 717 1808 ό
739 1746 844 1827 κύριος
867 1756 922 1830 τῆς
944 1745 1034 1829 δόξης
1050 1747 1103 1808 καί
1127 1745 1229 1829 πάσης
1245 1745 1371 1827 χάριτος

191 1849 269 1929 μετὰ
293 1858 346 1911 τού
369 1848 542 1931 πνεύματος
565 1849 661 1933 ὑμῶν.

156 2062 180 2098 15
608 2039 776 2124 Ἐπιστολὴ
799 2040 958 2127 Βαρνάβα.

265 2213 277 2265 l
297 2218 415 2285 αγαθων
433 2212 451 2267 S
476 2214 480 2283 Ι
505 2214 521 2267 3
540 2223 591 2272 τοῦ
608 2216 714 2283 παντός
733 2216 750 2269 S
771 2216 848 2271 Clem
861 2235 867 2268 ι
881 2217 987 2283 παντός
1005 2224 1055 2273 τοῦ
1073 2216 1110 2279 V,
1135 2215 1298 2284 σύμπαντος
1324 2221 1372 2269 τοτ’·

194 2298 220 2350 Η
236 2301 240 2366 Ι
256 2298 323 2366 3sq.
334 2298 485 2371 ἐπιστήμην
493 2302 638 2359 σύνεσινθ
653 2301 658 2371 Ι
673 2300 865 2373 4ἐνύπομονῇ
875 2304 900 2356 V
916 2303 920 2372 Ι
937 2303 1067 2370 5δὲ>Η
1082 2302 1086 2370 Ι
1104 2301 1352 2369 θεοδίδακτοι>θ
1367 2300 1370 2366 Ι

194 2385 210 2436 6
230 2383 364 2457 εὑρεθῆτε
383 2384 530 2461 θιεύρητε
549 2389 582 2452 Η,
602 2395 714 2459 σωθῆτε
732 2389 758 2441 V
773 2390 777 2459 Ι
795 2392 854 2456 τίςι
868 2410 893 2446 τι
914 2388 931 2442 S
947 2391 951 2459 Ι
974 2390 990 2441 9
1009 2384 1061 2456 ἕως
1073 2408 1079 2441 ι
1092 2385 1131 2456 ὼς
1149 2389 1174 2441 V
1200 2388 1203 2457 Ι
1230 2389 1263 2442 10
1281 2391 1373 2445 αὐτῶν

195 2473 220 2525 V
236 2473 239 2541 Ι
258 2473 287 2525 ll
309 2473 362 2547 γὰρ
380 2482 406 2536 -Ι-
422 2484 509 2532 ταῦτα
522 2476 548 2529 V
564 2477 567 2546 Ι
586 2477 618 2531 12
637 2493 678 2543 sq.
697 2473 736 2543 είς
747 2477 780 2533 τό
792 2507 827 2514 -
839 2476 989 2550 είρὴνης>
1001 2478 1028 2530 Η
1043 2480 1048 2542 Ι
1065 2474 1189 2546 14ύμῦυν
1201 2476 1236 2548 -Ι-
1248 2474 1355 2548 άμὶγυλί

196 2560 228 2612 15
248 2557 309 2616 Ἐκ.
329 2563 462 2635 Βαρνάβα
481 2563 498 2616 S
514 2565 569 2633 :†
582 2572 632 2620 τοῦ
650 2562 809 2621 ἀποστόλου
827 2567 998 2634 συνεκδημου
1012 2563 1123 2620 Παύλου
1142 2571 1193 2619 τοῦ
1210 2561 1293 2636 ἁγίου
1305 2562 1372 2621 άπο·

194 2647 297 2703 στόλου
314 2645 346 2710 V,
360 2651 395 2714 >
408 2647 435 2701 Η

228 2785 305 2839 5-6.
334 2785 654 2853 clem.A1.St.r0m.11,
679 2792 716 2854 18,
736 2790 771 2844 84
797 2807 818 2843 e.
839 2790 886 2851 293
907 2789 1007 2843 Athen.
1027 2791 1091 2861 Leg.
1112 2808 1135 2844 ο.
1156 2790 1264 2854 11.3‘2;
1285 2791 1373 2845 Clem.

194 2888 220 2940 p.
240 2871 298 2925 472.
796 2877 840 2934 Al.
858 2876 982 2946 Paedag.
1001 2878 1019 2941 1,
1040 2879 1063 2942 6,
1084 2878 1116 2931 37
1135 2896 1162 2947 p.
1184 2879 1248 2940 120;
1273 2877 1372 2932 Strom.

231 2959 254 3010 6.
292 2961 477 3031 θεοδίδακτοι]
507 2962 547 3017 Cf.
576 2965 627 3016 les.
646 2963 693 3026 54,
721 2963 769 3023 13;
797 2965 816 3023 Ι,
836 2965 877 3026 20,
896 2964 929 3017 98
948 2982 973 3032 p.
994 2964 1052 3017 376.
1072 2995 1107 3003 -
1125 2963 1271 3036 εὑρεθῆτε]
1292 2964 1370 3023 CM,

195 3043 207 3096 Ι
225 3044 320 3098 These.
339 3047 363 3110 4,
383 3047 412 3109 9;
433 3050 528 3102 Ioann.
541 3050 565 3114 6,
579 3051 621 3103 45.
646 3049 709 3106 Tat.
723 3049 768 3103 Or.
798 3052 844 3112 14;
864 3050 923 3119 Ign.
944 3050 1027 3104 TralL
1047 3050 1071 3113 2,
1091 3053 1115 3105 2.
