2834 5018
175 349 239 413 266
597 343 737 400 IGNATII
754 344 933 400 EPISTULA

174 522 230 594 τὰς
252 519 556 596 κακοδιδασκαλίας·
590 523 669 584 ὅπου
693 521 727 584 δὲ
749 520 766 583 ό
789 520 903 604 ποιμήν
926 520 1025 599 ἐστιν,
1059 520 1124 585 ἐκεῖ
1147 522 1189 598 ὡς
1211 519 1354 606 πρόβατα

175 625 392 706 ἀκολουθεῖτε,
438 630 468 692 2.
492 625 603 689 πολλοὶ
637 627 699 709 γὰρ
727 624 816 688 λόκοι
850 625 1021 702 ἀξιόπιστοι
1050 625 1147 710 ἡδονῇ
1176 636 1262 710 κακῇ
1285 626 1353 709 αἰχ-

175 729 402 814 μαλωτίζουσιν
425 735 496 806 τοὺς
513 731 719 815 θεοδρόμους·
744 729 816 793 ἀλλ’
840 729 872 794 ἐν
888 740 926 814 τη
949 731 1068 816 ἑνότητι
1084 732 1170 815 ὑμῶν
1193 733 1254 813 οὐχ
1269 730 1354 810 ἕξου-

177 857 224 899 σιν
247 835 352 899 τόπον.

148 961 161 999 ⁶
261 941 318 1008 ΙΙΙ.
344 940 527 1024 Ἀπὲχεσθε
549 949 612 1005 τῶν
634 949 743 1005 κακῶν
768 941 918 1027 βοτανῶν,
943 943 1069 1016 ἅστινας
1092 943 1127 1005 οὐ
1150 952 1284 1028 γεωργεῖ
1295 941 1354 1028 Ἰη-

176 1057 248 1121 σοῦς
272 1047 423 1128 Χριστός,
455 1046 563 1109 διὰτὸ
592 1048 633 1129 μὴ
656 1043 734 1109 εἶναι
766 1048 878 1122 αὐτοὺς
902 1046 1028 1128 φυτείαν
1057 1046 1190 1128 πατρός·
1225 1049 1285 1130 οὐχ
1308 1050 1354 1110 ότι

175 1149 247 1232 παρ’
269 1151 339 1234 ὑμῖν
362 1151 509 1234 μερισμόν
532 1147 638 1231 εὗρον,
672 1148 744 1211 ἀλλ’
767 1149 1000 1234 ἀποδιϋλισμόν.
1047 1153 1076 1215 2.
1101 1152 1169 1213 δσοι
1190 1153 1253 1234 γὰρ
1275 1155 1354 1217 θεοῦ

176 1254 251 1318 εἰσιν
273 1257 327 1318 καί
351 1254 456 1340 Ἰησοῦ
479 1256 631 1337 Χριστοῦ,
655 1252 739 1317 οὗτοι
773 1257 851 1337 μετὰ
886 1263 941 1317 τοῦ
974 1254 1146 1317 ἐπισκόπου
1174 1254 1270 1319 εἰσίν·
1300 1257 1354 1318 καί

177 1359 244 1421 όσοι
268 1360 306 1422 ἂν
329 1359 575 1444 μετανοήσαντες
607 1358 746 1425 ἔλθωσιν
775 1358 825 1422 ἐπὶ
849 1362 904 1443 τὴν
935 1359 1066 1443 ἑνότητα
1089 1370 1143 1444 της
1173 1359 1353 1446 ἐκκλησίας,

138 1482 163 1519 ιο
176 1464 229 1525 καί
253 1461 336 1527 οὑτοι
361 1466 439 1530 θεοῦ
469 1465 611 1546 ἔσονται,
642 1466 694 1528 ἵνα
718 1462 792 1528 ὦσιν
822 1467 904 1527 κατὰ
928 1464 1050 1549 Ἰησοῦν
1073 1466 1207 1547 Χριστόν
1230 1466 1353 1543 ζῶντες.

175 1570 205 1635 3.
229 1569 277 1652 μὴ
300 1567 493 1648 πλανᾶσθε,
517 1567 648 1650 ἀδελφοί
670 1587 747 1652 μου·
781 1569 875 1644 εἴτις
898 1567 1234 1650 σχίζοντιάκολουθεῐ,
1259 1571 1355 1654 βασι-

175 1672 272 1738 λείαν
294 1671 379 1738 θεοῦ
403 1676 443 1738 οὐ
466 1673 688 1759 κληρονομεῖ·
714 1675 807 1748 εἴτις
831 1672 864 1736 ἐν
880 1672 1029 1758 ἀλλοτρίᾳ
1051 1673 1161 1758 γνώμη
1182 1681 1353 1756 περιπατεῖ,

175 1775 264 1853 οὗτος
287 1784 331 1859 τῷ
353 1778 452 1845 πάθει
475 1779 511 1841 οὐ
535 1777 809 1862 συγκατατίθεται.

263 1884 317 1949 IV.
341 1881 548 1947 Σπουδάσατε
570 1879 624 1947 οὖν
647 1892 702 1967 μιᾷ
726 1882 907 1967 εὐχαριστίᾳ
930 1884 1088 1967 χρῆσθαι·
1118 1881 1174 1966 μία
1195 1882 1257 1964 γὰρ
1280 1877 1355 1961 σὰρξ

137 2011 164 2049 ιι
176 1996 231 2050 τοῦ
254 1986 361 2069 κυρίου
384 1986 472 2070 ἡμῶν
496 1985 600 2070 Ἰησοῦ
624 1988 759 2069 Χριστοῦ
791 1989 844 2050 καὶ
868 1987 901 2050 ἓν
931 1986 1076 2070 ποτήριον
1100 1986 1143 2061 εἰς
1166 1987 1278 2050 ἕνωσιν
1301 1991 1354 2047 τοῦ

177 2093 307 2175 αἵματος
331 2093 436 2171 αὐτοῦ,
460 2091 493 2154 ἓν
516 2091 759 2176 θυσιαστήριον,
783 2091 826 2168 ὡς
848 2089 891 2167 εἰς
915 2090 1085 2166 ἐπίσκοπος
1107 2092 1173 2173 ἅμα
1195 2097 1240 2173 τῷ
1263 2109 1353 2172 πρεσ-

177 2194 305 2280 βυτερίιρ
328 2197 381 2258 καί
405 2196 569 2274 διακόνοις,
593 2205 656 2271 τοῖς
680 2195 859 2272 συνδούλοις
879 2217 956 2280 μου·
978 2199 1040 2275 ἵνα,
1065 2197 1081 2258 ό
1106 2195 1160 2259 ἐὰν
1183 2195 1351 2279 προίσοητε,

177 2301 260 2363 κατὰ
283 2301 360 2366 θεόν
382 2301 552 2385 πράσοητε.

266 2407 305 2470 V.
329 2403 478 2489 Ἀδελφοί
500 2427 578 2489 μου,
612 2405 682 2470 λίαν
713 2403 885 2488 ἐκκέχυμαι
918 2406 1050 2488 ἀγαπῶν
1073 2403 1153 2486 ὑμᾶς
1184 2404 1239 2466 καί
1262 2403 1354 2484 ὑπερ-

139 2528 164 2567 20
178 2507 391 2593 αγαλλόμενος
420 2509 633 2593 ἀσφαλίζομαι
662 2510 757 2593 ὑμᾶς·
790 2511 849 2572 οὐκ
878 2508 940 2593 ἐγὼ
968 2508 1019 2588 δέ,
1049 2506 1120 2570 ἀλλ’
1141 2506 1262 2591 Ἰησοῦς
1284 2508 1354 2588 Χρι-

179 2613 259 2694 στός,
285 2613 317 2677 ἐν
341 2612 366 2698 ᾧ
388 2614 551 2699 δεδεμένος
574 2613 728 2699 φοβοῦμαι
751 2613 888 2697 μᾶλλον,
912 2614 954 2689 ὡς
977 2614 1021 2677 ἔτι
1045 2612 1088 2675 ὢν
1112 2612 1354 2694 ἀναπάρτιστος·

180 2717 252 2782 ἀλλ’
273 2718 294 2804 ἡ
316 2723 474 2804 προσευχὴ
509 2720 595 2804 ὑμῶν
618 2719 662 2794 εἰς
692 2720 769 2784 θεόν
792 2739 831 2802 με
861 2715 1037 2798 ἀπαρτίσει,
1068 2717 1121 2780 ἵνα
1144 2715 1176 2778 ἐν
1201 2711 1227 2799 ᾤ
1249 2712 1354 2796 κλήρῳ

248 2875 292 2940 3s4
310 2869 419 2944 ἕξουσιν
437 2875 481 2946 Gg
493 2894 499 2928 ι
513 2870 623 2948 ἔχουσιν
641 2875 711 2943 Lm)
728 2874 732 2943 Ι
749 2876 764 2928 7
784 2872 986 2941 ἀποόιΰλασμόν
1004 2869 1169 2940 θυομένου
1188 2869 1213 2924 G
1230 2869 1234 2939 Ι
1258 2870 1290 2924 13
1307 2868 1355 2925 πά·

178 2966 224 3018 θει
235 2964 267 3025 -Ι-
278 2962 383 3016 Christi
402 2963 468 3016 sz
492 2963 496 3033 Ι
522 2962 553 3016 16
571 2958 626 3029 ing:
638 2963 667 3015 et
684 2960 706 3013 L
728 2960 732 3030 Ι
758 2961 789 3015 21
811 2958 999 3033 ἀναπάριστος
1015 2955 1290 3030 ΙιΑςιάνάρπαστος
1308 2954 1331 3010 G
1350 2954 1354 3023 Ι

179 3049 213 3103 22
231 3048 271 3116 εἰς
288 3049 359 3106 θεόν
377 3049 421 3118 Gg
431 3068 437 3102 :
447 3051 482 3116 >
492 3049 561 3116 Lm)

177 3173 293 3243 proprie.
312 3174 364 3226 est.
385 3171 645 3241 Lightt'ootvocem
658 3169 754 3241 φωτός
817 3166 863 3229 ΠΙ,
884 3169 906 3220 1.
925 3167 1021 3220 Ioann.
1041 3166 1123 3220 Dam.
1142 3165 1168 3219 S.
1182 3165 1212 3218 P.
1233 3164 1357 3232 Lequien

177 3258 381 3328 interpolatam
399 3274 461 3312 esse
480 3257 618 3328 opinatur.
780 3253 814 3316 ΙΙ,
834 3254 899 3316 773;
927 3252 994 3309 ΗοΙΙ
1011 3272 1037 3324 p.
1057 3252 1091 3307 23
1115 3253 1162 3321 (—-
1179 3255 1306 3327 πατρός).
1323 3280 1358 3290 -

213 3348 236 3401 2.
258 3345 346 3415 λύκοι]
376 3344 418 3398 cf.
444 3345 545 3400 Matth.
565 3345 594 3408 Ι,
615 3346 655 3400 15.
692 3344 754 3398 Act.
780 3362 804 3398 κ.
811 3341 949 3414 βοτανῶν]
958 3357 994 3394 ιο.
1006 3339 1220 3393 haereticorum.
1235 3340 1279 3394 cf.
1288 3338 1356 3409 npn

178 3433 219 3496 20,
239 3431 280 3485 29.
308 3462 343 3470 -
369 3429 535 3502 ἀξιόπιστοι]
563 3431 630 3485 sunt
654 3434 683 3485 et
706 3430 756 3498 qui
783 3427 823 3490 10,
843 3429 872 3489 33
900 3428 986 3485 Trall.
1005 3428 1036 3490 63
1064 3426 1165 3480 Matth.
1187 3427 1296 3490 15,13.
1325 3454 1357 3466 —

178 3518 234 3573 fide
252 3518 334 3589 digni
352 3521 418 3572 sunt
437 3519 528 3584 (Prov.
548 3519 589 3582 27,
603 3519 634 3580 6;
652 3517 694 3581 23,
711 3518 756 3587 20)
782 3514 832 3586 οόχ
850 3511 903 3585 δτι]
933 3514 974 3570 cf.
994 3516 1088 3584 Magn.
1109 3514 1154 3577 11;
1186 3511 1315 3576 Troili&
1335 3512 1357 3565 1.

180 3607 209 3660 et
221 3604 351 3673 quiteles
363 3605 495 3659 videntur
509 3605 666 3660 simulando
680 3604 755 3659 aliie·
782 3603 841 3672 ign.
862 3601 996 3656 hocloco
1021 3606 1049 3656 et
1068 3601 1098 3654 in
1118 3616 1197 3670 capp.
1218 3597 1358 3654 vi-vm

180 3710 234 3760 que
253 3692 380 3747 artificiis
399 3692 483 3746 fidem
500 3695 675 3762 usurpantes.
695 3691 754 3745 Sui·
782 3687 903 3752 indicet,
923 3705 1027 3743 senon
1050 3691 1164 3743 tantum
1183 3685 1297 3741 Troade
1313 3686 1358 3740 de-

180 3780 230 3834 das
248 3779 326 3833 illam
340 3778 487 3833 notionem
499 3779 689 3846 antiquiorem
707 3795 754 3832 vo·
782 3776 896 3845 gentem
914 3792 965 3844 per
983 3776 1093 3845 legatos
1112 3773 1249 3828 ecclesiae
1266 3773 1359 3829 Philo·

180 3870 236 3921 eat.
255 3868 314 3936 lgn
327 3882 426 3921 vocem
445 3882 528 3920 sensu
539 3865 614 3919 malo
631 3864 754 3919 adhibet
782 3862 979 3932 delphensinm
998 3861 1147 3916 certiorem
1160 3860 1271 3915 fectum
1291 3875 1359 3922 esee,

180 3952 314 4007 Similiter
331 3951 421 4022 Epist.
440 3953 476 4006 ad
494 3951 596 4021 Diogn.
613 3952 683 4016 3,2;
702 3951 755 4004 Τπ
783 3949 923 4016 quomodo
936 3965 980 4002 res
998 3949 1028 4002 in
1041 3946 1133 4002 illese
1146 3947 1294 4012 haberent,
1311 3945 1361 4001 sed

178 4038 247 4091 tion.
268 4039 296 4094 0.
316 4038 413 4095 Graec.
433 4056 455 4093 ο.
476 4041 506 4102 2;
534 4038 598 4093 Eue.
616 4037 651 4090 Η.
670 4036 701 4091 Ε.
721 4037 754 4100 V,
782 4036 874 4106 ipsum
910 4052 1001 4105 nuper
1030 4033 1261 4104 Philadelphiam
1299 4049 1360 4104 per-

182 4125 248 4187 18‚5
261 4128 312 4179 ete.
333 4156 368 4164 -
385 4123 640 4197 αἰχμαλωτίζουσιν]
667 4122 708 4177 ΟΙ.
730 4124 756 4176 ΙΙ
781 4139 898 4177 measse.

182 4210 251 4264 Tim.
271 4214 300 4276 3,
320 4214 345 4266 6.
374 4242 409 4250 -
434 4210 619 4286 θεοόρόμους]
640 4209 682 4264 ΟΙ.
702 4209 754 4264 Ρο-
817 4210 915 4264 2-1v.
936 4209 1045 4278 Fragm.
1070 4223 1124 4275 syr.
1145 4206 1210 4262 Cur.
1231 4206 1290 4272 199,
1309 4206 1361 4261 233

179 4295 232 4364 15⁰·
250 4298 274 4359 7,
293 4299 318 4351 2·
783 4299 829 4364 (-·-
845 4292 964 4365 αἵματος
980 4294 1083 4362 αὐτοῦ).
