2834 5018
395 652 445 706 AD
464 651 693 709 TRALLIANOS
712 653 747 719 Π,
769 654 867 719 l-IV‚
886 652 909 707 2.
1173 662 1237 726 245

47 826 226 893 Christum
248 830 368 908 vivere,
402 831 456 915 qui
478 832 609 916 propter
629 853 688 897 noe
709 836 851 898 mortuus
874 838 937 912 est,
962 839 998 899 ut
1021 835 1183 900 credentes
1203 836 1238 899 in

64 938 200 999 mortem
229 935 329 1018 ipsius
357 940 492 1001 mortem
523 937 693 1023 effugiatis.
738 939 768 1002 2.
793 938 1016 1003 Necessarium
1048 939 1157 1024 itaque
1179 944 1236 1017 est,

66 1040 329 1123 quemadmodum
346 1040 461 1119 facitis,
487 1045 523 1105 ut
544 1042 612 1106 sine
627 1043 775 1127 episcopo
789 1043 870 1107 nihil
887 1043 999 1126 agatis,
1023 1044 1079 1108 sed
1101 1048 1133 1108 et
1147 1066 1237 1128 pres-

62 1144 187 1226 byterio
211 1145 329 1211 subditi
360 1145 429 1209 sitia
450 1149 488 1209 ut
509 1146 662 1229 apostolis
683 1146 754 1211 lesu
777 1145 912 1223 Christi,
948 1148 1016 1232 spei
1037 1151 1180 1226 nostrae,
1204 1149 1238 1213 in

64 1270 127 1335 quo
158 1253 378 1315 conversantes
408 1249 611 1315 inveniemur.
656 1253 686 1316 3.
711 1251 847 1336 Oportet
877 1255 983 1317 autem
1013 1257 1046 1317 et
1079 1254 1265 1332 diaconos,a

65 1355 120 1440 qui
143 1360 217 1419 sunt
238 1355 375 1421 ministri
403 1356 625 1438 mysteriorum
646 1355 718 1420 Iesu
741 1354 875 1432 Christi,
905 1357 989 1421 omni
1015 1358 1109 1422 modo
1138 1357 1239 1422 omni·

62 1460 124 1525 bus
146 1459 281 1543 placere.
328 1459 402 1524 Non
425 1460 509 1525 enim
536 1460 677 1524 ciborum
699 1465 732 1525 et
752 1465 887 1545 potuum
917 1461 1042 1526 diaconi
1064 1467 1152 1539 sunt,
1184 1462 1239 1526 aed

64 1564 216 1629 ecclesiae
239 1564 289 1628 dei
310 1564 456 1629 ministri.
504 1564 640 1649 Oportet
661 1564 769 1649 igitur,
793 1569 830 1629 ut
852 1565 913 1630 sibi
936 1570 1068 1631 caveant
1090 1588 1110 1631 a
1132 1565 1238 1630 crimi-

63 1668 158 1732 nibus
181 1672 333 1753 tanquam
356 1670 397 1733 ab
419 1669 503 1752 igne.

152 1771 210 1836 III.
235 1770 346 1838 Cuncti
379 1772 524 1837 similiter
552 1776 753 1837 revereantur
785 1773 932 1838 diaconos
962 1779 999 1839 ut
1021 1774 1125 1840 Iesum
1148 1773 1279 1839 Chri-10

65 1882 161 1951 stum,
185 1877 267 1941 sicut
290 1880 322 1940 et
344 1877 537 1961 episcopum,
562 1878 616 1962 qui
639 1882 688 1942 est
709 1881 806 1963 typus
821 1877 931 1961 patris,
955 1879 1157 1962 presbyteros
1181 1902 1238 1944 au-

63 1986 129 2047 tem
152 1985 188 2045 ut
211 1985 358 2069 senatum
382 1982 432 2047 dei
456 1985 487 2045 et
510 1982 679 2047 concilium
693 1981 921 2066 apostolorum
968 1981 1042 2047 Sine
1065 1983 1115 2047 hia
1137 1983 1239 2048 eccle-

64 2087 112 2150 sia
134 2108 199 2149 non
226 2090 366 2151 vocatur.
412 2086 441 2150 2.
466 2086 515 2150 De
538 2086 588 2150 his
618 2108 674 2151 vos
696 2086 742 2151 ita
764 2086 880 2152 sentire
911 2107 1097 2170 persuasum
1126 2086 1238 2152 habeo.

63 2190 240 2274 Exemplar
266 2190 350 2256 enim
372 2190 514 2255 caritatis
536 2194 659 2255 vestrae
682 2190 789 2275 accepi
812 2194 844 2254 et
858 2211 982 2255 mecum
996 2190 1099 2255 habeo
1121 2190 1155 2254 in
1171 2190 1239 2274 epi·

67 2316 165 2379 scopo
187 2299 302 2371 vestro,
327 2297 415 2359 cuius
437 2296 506 2380 ipse
530 2295 658 2360 habitus
681 2316 799 2379 magna
821 2294 989 2379 disciplina
1010 2298 1067 2370 eat,
1090 2315 1238 2359 mansue-
1253 2316 1279 2355 ra

63 2401 143 2464 tudo
168 2422 242 2464 vero
265 2401 331 2465 eius
353 2401 513 2484 potentia,
551 2423 658 2486 quem,
688 2404 726 2465 ut
747 2400 913 2477 existimo,
938 2402 970 2462 ct
992 2398 1082 2482 impii
1104 2398 1167 2482 ipsi
1188 2418 1239 2460 re-

64 2510 224 2570 verentur.
270 2507 299 2569 3.
324 2504 479 2582 Quoniam
502 2511 609 2571 autem
631 2528 791 2582 rosamo,
814 2527 921 2590 parco,
945 2504 1089 2590 quamvis
1111 2526 1169 2588 pro
1184 2502 1241 2567 illo

64 2611 204 2675 severius
228 2611 364 2674 seribere
391 2632 528 2695 possem.
573 2610 648 2676 Non
670 2611 704 2674 in
732 2615 856 2675 tantam
884 2609 946 2674 mei
977 2608 1242 2673 existimationem

65 2714 187 2791 deveni,
200 2719 236 2779 ut
248 2715 391 2798 quamvis
403 2716 626 2792 condemnatus
638 2716 726 2780 velut
738 2714 899 2799 apostolus
911 2714 1001 2778 vobis
1016 2713 1239 2799 praeciperem.

154 2817 209 2882 IV.
234 2819 353 2903 Magna
383 2819 472 2903 sapio
499 2820 533 2883 in
563 2821 639 2898 deo,
675 2820 730 2885 sed
751 2819 832 2884 mihi
857 2819 919 2902 ipsi
940 2819 1068 2882 modum
1095 2816 1240 2893 adhibeo,
1254 2835 1280 2875 ro

63 2945 106 2989 ne
128 2923 295 3007 gloriando
317 2945 455 3007 peream.
500 2923 596 2988 Nunc
617 2924 701 2989 enim
722 2923 796 3008 plus
818 2923 897 2987 mibi
918 2922 1093 2986 timendum
1116 2926 1243 2986 estnec

66 3048 158 3092 aures
188 3026 253 3092 illis
276 3031 351 3091 eunt
381 3028 596 3110 praebendae,
630 3029 684 3113 qui
713 3049 764 3092 me
792 3028 912 3092 inflant.
959 3024 1021 3102 Qui
1050 3026 1133 3090 enim
1163 3025 1243 3090 talia

64 3131 144 3194 mihi
167 3131 288 3208 dicunt,
321 3131 487 3216 flagellant
515 3154 574 3197 me.
620 3134 651 3196 2.
676 3132 760 3198 Nam
784 3132 882 3217 diligo
914 3130 1039 3215 quidem
1070 3129 1153 3213 pati,
1188 3129 1242 3193 sed
1306 3175 1308 3180 -

67 3318 85 3355 a
110 3300 169 3355 Deo
198 3302 345 3356 constituti
372 3318 429 3356 non
456 3304 642 3373 reperiuntur,
671 3303 710 3358 12.
732 3301 772 3355 13.
799 3333 834 3341 -
861 3298 1000 3372 λέγοντες]
1028 3315 1065 3352 sc.
1084 3314 1128 3350 res
1148 3296 1242 3350 adula-

67 3391 108 3444 ibi
126 3407 183 3444 non
202 3391 246 3442 est
263 3388 389 3443 ecclesia.
668 3389 767 3453 corias,
785 3391 862 3441 utex
880 3401 948 3440 voce
959 3394 1105 3457 φυσιοῦσιν
1115 3385 1242 3453 apparet,

101 3496 126 3549 2.
146 3492 256 3564 ἑαυτοῦ]
275 3515 311 3541 =
331 3491 459 3563 ἐμαυτοῦ.
495 3494 569 3549 Illud
591 3511 643 3563 pro
671 3478 699 3531 et
717 3474 908 3529 verisimiliter
927 3473 963 3526 ad
981 3471 1146 3541 martyrium
1166 3486 1242 3539 spec-

66 3582 122 3635 boc
134 3586 163 3635 et
175 3582 342 3650 pronomine
355 3582 494 3635 secundae
505 3596 642 3650 personae
669 3565 771 3618 11111193·
808 3562 947 3617 Videntur
960 3561 986 3613 ei
1003 3559 1119 3613 di¹l⁸⁸0²
1137 3557 1244 3631 μάρτυς

67 3668 144 3738 apud
171 3669 294 3724 Graecos
323 3669 353 3722 in
379 3669 509 3723 omnibus
534 3667 643 3720 caribus
670 3646 720 3723 laq
746 3649 792 3704 vel
818 3647 835 3706 ‘l
861 3649 975 3720 μάρτυς·
1013 3647 1054 3702 Cf·
1074 3645 1138 3699 Effl-
1158 3644 1191 3698 Η·
1210 3642 1241 3697 Ε

66 3756 274 3811 emanaturum
288 3759 338 3811 est.
369 3756 411 3811 cr.
424 3755 525 3810 naun
540 3754 581 3816 ac,
597 3754 643 3816 11;
669 3736 702 3799 v,
715 3738 739 3800 2,
752 3738 783 3790 2³
802 3731 861 3792 οὔτ’
879 3732 958 3790 αὐτοὶ
969 3733 1112 3804 μάρτυρας
1128 3729 1244 3798 ἑαυτοὺς

65 3844 79 3897 1
99 3844 196 3898 mess.
215 3845 248 3908 e,
276 3844 309 3906 a;
337 3844 364 3897 11
382 3844 477 3897 Thess.
496 3842 529 3906 a,
557 3842 581 3896 e.
609 3872 644 3880 -
670 3821 872 3896 dardano,
897 3816 961 3879 οὔτε
979 3824 1034 3891 μὴν
1051 3821 1115 3889 ἡμῖν
1133 3815 1244 3890 aava·

67 3931 134 3998 τοὺς
151 3930 265 4001 ἀθέους]
286 3931 304 3985 i.
318 3931 483 4001 agentius.
504 3930 546 3984 cr.
559 3929 643 3982 uara.
669 3929 725 3967 πον
743 3909 833 3983 τούτῳ
845 3915 885 3982 τῷ
898 3907 1016 3977 ὀνόματι
1026 3904 1245 3980 προσαγορεύειν

66 4017 160 4085 Polyc„
180 4018 205 4080 9,
224 4018 247 4070 2,
670 3995 783 4063 αὐτούς·
802 3993 863 4052 ἀλλ’
876 3991 971 4051 εἴποτέ
988 4014 1030 4059 τις
1042 3995 1119 4062 ἡμῶν
1137 3994 1171 4047 δι’
1189 3988 1244 4047 ἐπι-

103 4140 128 4192 3.
148 4138 289 4212 φείδομαι]
319 4136 360 4190 cf.
380 4135 407 4190 Π
426 4136 487 4191 Gor.
508 4137 548 4201 12,
567 4137 590 4190 6.
609 4167 645 4176 -
671 4089 771 4152 στολῆς
788 4083 805 4152 ἢ
821 4080 866 4138 διὰ
883 4081 970 4152 λόγου
986 4078 1170 4152 μάρτυρας
1192 4075 1245 4134 αὖ·

66 4225 106 4292 εἷς
124 4234 209 4282 τοῦτο
227 4224 333 4299 didon]
354 4222 518 4277 Versionem
543 4222 644 4293 recepi,
671 4190 756 4331 mcc
781 4185 994 4242 προσείπω
1012 4163 1185 4234 ἐπέπλησσον
1202 4184 1244 4221 πι-

68 4327 153 4379 quam
171 4311 295 4365 Pearson
313 4310 447 4364 exhibuit
706 4344 730 4397 2
750 4341 846 4396 Ioann-
870 4339 949 4393 Dam.
968 4339 993 4395 S.
1012 4338 1042 4392 P.
1068 4338 1194 4406 Loquien
1211 4336 1245 4401 Π,

103 4431 150 4495 IV.
172 4434 193 4487 1.
213 4432 310 4487 loann.
331 4432 410 4486 Dam
430 4431 456 4487 S.
470 4432 501 4485 P.
521 4429 645 4498 bequien
671 4427 817 4493 650,H011
845 4445 871 4498 p.
890 4427 931 4483 21.
958 4426 1061 4482 Anton.
1085 4422 1245 4481 MelissaII

67 4523 102 4585 Π.
122 4521 189 4584 566;
208 4519 275 4575 Holl
293 4539 319 4589 p.
330 4520 362 4576 21
377 4522 422 4589 (—
431 4518 598 4588 ἀπόλωμαι).
610 4546 646 4557 -
673 4533 754 4570 serm.
773 4514 808 4568 84
825 4513 927 4586 (χρῄζω
944 4517 1015 4581 κτλ.)
1035 4513 1188 4568 secundum
1204 4512 1245 4566 in·

68 4607 128 4667 ἄλλ’
149 4607 193 4679 ἐμ.
211 4616 307 4682 μετρῶ
323 4605 646 4677 mr.]cf.ncor.10,
672 4601 889 4672 terpolatorem,
917 4601 967 4668 qui
993 4600 1024 4655 in
1049 4599 1105 4655 line
1133 4595 1246 4655 addito
