2834 5018
565 666 634 721 sm.
653 667 699 730 vr,
718 668 743 731 2,
763 668 837 722 1—7.
1224 671 1285 735 547

205 841 242 911 2.
266 847 309 910 Et
333 846 407 910 dicit
429 845 523 910 mihi:
547 844 686 910 Videsne
701 848 861 929 pastorem
883 845 990 909 hunc?
1013 844 1124 923 Video,
1147 846 1286 929 inquam,

112 951 252 1014 domine.
299 950 376 1026 Hic,
400 950 520 1033 inquit,
545 949 676 1033 angelus
698 949 842 1013 luxuriae
865 971 902 1013 ac
924 948 1100 1033 voluptatis
1123 954 1180 1015 est.
1227 950 1288 1014 Hic

115 1055 221 1138 perdit
244 1056 364 1120 animas
387 1076 549 1118 servorum
583 1054 632 1117 dei
655 1076 769 1138 eosque
798 1054 912 1118 avertit
942 1077 961 1117 a
991 1053 1138 1131 veritate,
1174 1055 1289 1120 fallens

114 1182 170 1223 eos
194 1159 455 1245 concupiscentiis
477 1158 585 1235 malis,
616 1159 649 1222 in
673 1159 786 1242 quibus
809 1163 949 1242 pereunt.
997 1161 1027 1223 2.
1053 1159 1290 1226 Obliviscuntur

114 1265 201 1327 enim
232 1264 453 1328 mandatorum
484 1263 620 1327 deiviri
645 1266 677 1326 et
708 1262 873 1327 ambulant
902 1263 934 1326 in
964 1264 1183 1348 voluptatibus
1211 1265 1315 1330 deli-r

115 1370 236 1452 ciisque
259 1369 347 1432 vanis
382 1375 414 1433 et
435 1373 679 1452 corrumpuntur
702 1368 741 1432 ab
765 1367 826 1432 hoc
848 1367 977 1452 angelo,
1008 1368 1107 1452 aliqui
1128 1391 1228 1453 usque
1251 1372 1290 1435 ad

116 1478 267 1549 mortem,
300 1473 400 1556 aliqui
428 1494 527 1557 usque
561 1474 601 1536 ad
623 1473 863 1556 perversionem.
910 1475 939 1537 3.
964 1473 1045 1538 Dico
1068 1474 1113 1538 ei:
1144 1475 1289 1552 Domine,

116 1599 179 1662 ego
202 1600 265 1642 non
286 1577 454 1661 intelleg0,
478 1577 554 1661 quid
576 1577 618 1640 sit
640 1599 739 1660 usque
762 1577 802 1641 ad
824 1582 957 1641 mortem
980 1584 1012 1642 et
1034 1579 1109 1663 quid
1131 1601 1229 1663 usque
1253 1580 1292 1643 ad

117 1683 360 1765 perversionem.
407 1682 509 1758 Audi,
543 1681 662 1765 inquit:
692 1702 778 1759 ovea,
813 1704 891 1765 quas
912 1683 1019 1747 uidisti
1043 1683 1160 1748 hilares
1183 1690 1215 1750 et
1238 1705 1292 1748 ex·

118 1786 286 1864 sultantes,
311 1786 334 1850 ii
356 1791 446 1863 sunt,
477 1786 531 1870 qui
563 1786 596 1850 in
625 1790 814 1869 perpetuum
844 1787 943 1851 adeo
967 1788 1331 1873 discesseruntsequ01⁰

119 1892 317 1956 tradiderunt
340 1891 601 1975 concupiscentiis
631 1889 725 1955 huius
754 1890 882 1955 saeculi.
928 1891 965 1954 In
994 1892 1044 1955 his
1075 1913 1151 1976 ergo
1182 1893 1292 1978 paeni·

119 1997 221 2060 tentia
242 1997 326 2060 vitae
349 2018 412 2060 non
434 2000 491 2071 est,
517 1994 665 2079 quoniam
689 1994 869 2058 adiecerunt
891 1995 1031 2077 peccatis
1046 1996 1111 2059 suis
1127 2003 1159 2061 et
1180 2018 1294 2062 nomen

122 2101 173 2164 dei
195 2101 501 2185 blasphemavenmt.
548 2098 674 2163 Talium
696 2098 795 2182 igitur
817 2119 902 2161 mors
914 2103 970 2162 est.
1017 2101 1047 2163 4.
1074 2099 1155 2165 Oves
1178 2107 1293 2178 autem,

121 2228 202 2288 quas
214 2205 320 2269 vidisti
342 2225 406 2268 non
429 2203 632 2278 exsultantes,
657 2204 712 2267 sed
734 2223 797 2266 uno
819 2203 853 2266 in
876 2202 946 2268 loco
968 2211 1143 2288 pascentes,
1166 2206 1190 2268 ii
1211 2211 1293 2282 sunt,

121 2310 178 2393 qui
202 2310 400 2374 tradiderunt
426 2309 551 2392 quidem
573 2330 641 2372 sese
665 2306 784 2372 deliciis
807 2313 840 2372 et
862 2307 1097 2392 voluptatibus,
1129 2309 1163 2373 in
1195 2310 1295 2373 domi·
1311 2331 1334 2366 u

121 2436 198 2477 num
221 2435 295 2478 vero
318 2413 399 2477 nihil
422 2412 729 2497 blasphemaverunt.
777 2411 821 2476 Hi
854 2433 929 2496 ergo
963 2413 1103 2497 perversi
1133 2418 1220 2487 sunt,
1251 2415 1296 2477 ita

121 2523 159 2581 ut
181 2519 322 2582 veritatis
345 2522 488 2601 expertes
510 2517 591 2592 sint;
614 2517 648 2581 in
669 2517 719 2581 his
750 2538 822 2600 spes
845 2522 893 2581 est
915 2516 1146 2601 paenitentiae,
1179 2518 1297 2602 inqua

122 2627 256 2705 possunt
286 2623 399 2686 vivere.
452 2622 614 2686 Perversio
644 2622 744 2707 igitur
776 2644 864 2705 spem
893 2622 991 2686 habet
1023 2622 1298 2706 redintegrationis

123 2726 267 2802 alicuius,
290 2750 375 2790 mors
398 2733 502 2792 autem
525 2727 688 2791 interitum
709 2726 806 2791 habet
833 2727 1067 2810 sempiternum.
1113 2728 1142 2791 5.
1177 2726 1298 2792 Rursus

122 2831 358 2914 aliquantulum
380 2832 543 2916 progressi
566 2854 683 2908 sumne,
709 2837 741 2895 et
762 2832 899 2895 ostendit
921 2832 999 2895 mihi
1026 2836 1185 2915 pastorem
1207 2854 1298 2917 mag·
1313 2848 1337 2885 ²⁰

124 2958 201 2999 num
224 2936 311 3000 velut
333 2940 490 3021 agrestem
512 2937 623 3020 figura,
649 2936 797 3001 amictum
820 2936 903 3020 pelle
926 2936 999 3000 alba
1022 2937 1159 3020 caprina,
1184 2959 1221 3001 ac
1242 2959 1299 3022 pe·

125 3062 195 3103 ram
219 3041 375 3123 quandam
398 3041 536 3124 gestavit
558 3041 590 3104 in
613 3041 751 3104 humeris
774 3044 806 3105 et
827 3040 949 3124 virgam
967 3041 1168 3105 vehementer
1191 3042 1301 3105 duram

125 3166 163 3207 ac
186 3144 338 3208 nodosam
360 3150 393 3209 et
414 3145 578 3230 flagellum
600 3165 767 3229 magnum3
800 3150 832 3208 et
863 3150 1027 3228 aspectum
1049 3145 1189 3209 habebat
1210 3145 1300 3209 valde

125 3272 279 3327 amarum,
313 3251 358 3313 ita
391 3256 426 3314 ut
459 3273 531 3315 eum
563 3251 722 3324 timerem;
764 3249 918 3313 eiusmodi
951 3248 1091 3313 habebat
1127 3253 1299 3332 aspectum.

126 3355 157 3417 6.
176 3353 237 3418 Hic
252 3355 351 3439 igitur
373 3360 483 3438 pastor
505 3354 680 3438 accipiebat
699 3375 773 3418 oves
788 3376 807 3417 a
821 3358 948 3437 pastore
971 3353 1093 3429 iuvene,
1119 3352 1204 3429 illas,
1222 3374 1301 3434 quae
1315 3367 1340 3405 2⁶

125 3456 357 3521 deliciabantur
379 3480 416 3521 ac
437 3457 688 3534 luxuriabantur,
711 3477 812 3540 neque
835 3478 909 3520 uero
925 3456 1137 3534 exsultabant,
1158 3461 1191 3520 et
1213 3478 1300 3521 com·

126 3560 269 3643 pellebat
292 3583 344 3625 eas
366 3562 399 3625 in
421 3562 525 3625 locum
549 3562 704 3644 quendam
725 3561 929 3645 praecipitem
958 3582 994 3624 ac
1017 3561 1180 3643 spinosum
1203 3561 1301 3626 tribu·

128 3664 231 3747 lisque
254 3665 425 3749 repletum,
458 3666 504 3729 ita
531 3670 568 3729 ut
597 3666 635 3729 de
657 3664 757 3748 spinis
780 3687 816 3728 ac
839 3664 965 3730 tribulis
988 3686 1061 3728 oves
1087 3687 1151 3729 non
1173 3670 1303 3749 possent

127 3791 163 3832 se
187 3769 359 3852 explicare,
392 3771 447 3834 sed
475 3770 713 3852 implicarentur
742 3768 775 3832 in
798 3769 905 3852 spinas
928 3768 1134 3853 tribulosque.
1181 3770 1208 3833 7.
1234 3768 1304 3834 Hae

128 3874 229 3957 igitur
250 3874 461 3957 pascebantur
491 3874 664 3957 implicitae
698 3873 797 3957 spinis
832 3895 868 3937 ac
891 3873 1016 3937 tribulis
1040 3878 1072 3938 et
1096 3895 1208 3959 graves
1231 3896 1302 3938 cru·
1318 3890 1343 3927 ³⁰

166 4009 192 4069 2,
214 4009 236 4061 l.
256 4004 375 4081 ἄγγελος
392 4021 498 4082 τρυφῆς
516 4009 584 4079 κτλ]
603 4008 704 4062 Varios
730 4039 764 4048 —
782 4007 822 4075 εἰς
847 4008 1043 4082 καταφθοράν]
1075 4008 1117 4063 Cf.
1145 4026 1169 4063 v.
1188 4012 1213 4064 4.
1240 4011 1305 4064 Per·

130 4094 247 4164 spiritus
259 4094 417 4149 hominibus
429 4098 562 4150 vacantes
576 4096 706 4165 agnoscit
730 4096 879 4149 vertuntur
905 4095 1019 4163 quidem
1045 4094 1154 4150 deliciis
1179 4113 1240 4151 sese
1259 4098 1304 4151 de·

130 4180 218 4233 etiam
237 4180 450 4235 Testanrentum
468 4181 520 4236 XII
538 4186 610 4252 patr.
630 4183 665 4237 cf.
684 4182 704 4246 1,
732 4181 838 4245 dentes,
857 4181 907 4234 sed
919 4180 1068 4235 Dominum
1081 4200 1138 4237 non
1155 4182 1303 4252 abnegant.

129 4268 155 4321 2.
175 4269 205 4329 3;
226 4269 258 4329 Π,
277 4269 301 4321 4.
321 4268 352 4330 6;
371 4267 416 4331 IV,
435 4269 483 4331 203
502 4268 589 4332 v11,4
607 4274 659 4324 etc.
671 4301 705 4309 -
766 4269 790 4322 3.
810 4267 1033 4342 ἐβλασφήμησαν]
1053 4267 1094 4322 cf.
1107 4287 1132 4321 v.
1145 4270 1176 4331 4;
1195 4269 1253 4323 vis.
1271 4269 1304 4333 ll,

129 4352 233 4425 ἀπάτη]
253 4355 282 4407 in
294 4354 347 4406 hac
360 4353 544 4409 similitudine
557 4373 612 4410 non
628 4358 705 4425 frou·
732 4357 756 4419 2,
775 4357 805 4417 2;
827 4354 892 4409 Sim.
911 4353 984 4417 VHI,
1004 4356 1027 4417 6,
1046 4356 1078 4417 4;
1096 4354 1141 4417 IX.
1164 4355 1202 4419 19,
1222 4358 1246 4411 3.

130 4442 200 4508 (tem,
220 4441 277 4504 sed,
296 4441 403 4495 utiam
425 4445 534 4496 veteres
552 4444 585 4512 (Ι.
594 4444 630 4511 Δ)
647 4459 706 4496 ver·
767 4443 791 4495 4.
810 4438 867 4499 ἀπὸ
887 4462 910 4498 τ.
936 4439 1076 4512 ἀληθείας]
1104 4442 1144 4497 ef.
1166 4442 1223 4496 Vis.
1241 4444 1261 4508 l,
1281 4445 1305 4507 3,

132 4531 237 4591 terunt,
257 4530 417 4597 uoluptatem
435 4528 585 4598 significat.
735 4531 748 4583 1
768 4532 827 4583 not.

169 4617 193 4669 2.
214 4637 237 4672 τ.
257 4622 326 4673 θεοῦ
345 4637 367 4671 τ.
386 4616 419 4685 ζ.]
440 4615 483 4670 cf.
501 4615 559 4670 Vis.
579 4616 625 4678 ΙΠ,
645 4617 669 4681 7,
682 4617 706 4671 2.

1036 4705 1102 4771 35*
