<?xml version="1.0" encoding="UTF-8"?>
<!DOCTYPE html PUBLIC "-//W3C//DTD XHTML 1.0 Transitional//EN"
    "http://www.w3.org/TR/xhtml1/DTD/xhtml1-transitional.dtd">
<html xmlns="http://www.w3.org/1999/xhtml" xml:lang="en" lang="en">
 <head>
  <title>
</title>
<meta http-equiv="Content-Type" content="text/html;charset=utf-8" />
  <meta name='ocr-system' content='tesseract 3.04.00' />
  <meta name='ocr-capabilities' content='ocr_page ocr_carea ocr_par ocr_line ocrx_word'/>
</head>
<body>
  <div class='ocr_page' id='page_1' title='image "./patresapostolic00piongoog_0099.png"; bbox 0 0 2834 5018; ppageno 0'>
   <div class='ocr_carea' id='block_1_1' title="bbox 114 336 841 409">
    <p class='ocr_par' dir='ltr' id='par_1_1' title="bbox 114 336 841 409">
     <span class='ocr_line' id='line_1_1' title="bbox 114 336 841 409; baseline -0.001 -18"><span class='ocrx_word' id='word_1_1' title='bbox 114 342 311 409; x_wconf 78' lang='lat' dir='ltr'>LXXXVIII</span> <span class='ocrx_word' id='word_1_2' title='bbox 558 336 841 394; x_wconf 78' lang='lat' dir='ltr'>ruocnaomrua.</span> 
     </span>
    </p>
   </div>
   <div class='ocr_carea' id='block_1_2' title="bbox 116 512 1289 699">
    <p class='ocr_par' dir='ltr' id='par_1_2' title="bbox 116 512 1289 699">
     <span class='ocr_line' id='line_1_2' title="bbox 202 512 1289 600; baseline 0 -20"><span class='ocrx_word' id='word_1_3' title='bbox 202 515 251 581; x_wconf 92' lang='lat' dir='ltr'>De</span> <span class='ocrx_word' id='word_1_4' title='bbox 273 516 468 581; x_wconf 91' lang='lat' dir='ltr'>doctrina</span> <span class='ocrx_word' id='word_1_5' title='bbox 486 515 605 600; x_wconf 85' lang='lat' dir='ltr'>Ignatii</span> <span class='ocrx_word' id='word_1_6' title='bbox 616 516 857 600; x_wconf 85' lang='lat' dir='ltr'>disputaverunt</span> <span class='ocrx_word' id='word_1_7' title='bbox 871 514 895 578; x_wconf 85' lang='lat' dir='ltr'>L</span> <span class='ocrx_word' id='word_1_8' title='bbox 908 513 1070 591; x_wconf 75' lang='lat' dir='ltr'>Nirschl1,</span> <span class='ocrx_word' id='word_1_9' title='bbox 1087 516 1147 580; x_wconf 81' lang='lat' dir='ltr'>Th.</span> <span class='ocrx_word' id='word_1_10' title='bbox 1164 515 1255 580; x_wconf 85' lang='lat' dir='ltr'>Zalrn</span> <span class='ocrx_word' id='word_1_11' title='bbox 1267 512 1289 593; x_wconf 76' lang='lat'>²,</span> 
     </span>
     <span class='ocr_line' id='line_1_3' title="bbox 116 617 980 699; baseline -0.002 -15"><span class='ocrx_word' id='word_1_12' title='bbox 116 620 175 684; x_wconf 77' lang='lat' dir='ltr'>Th.</span> <span class='ocrx_word' id='word_1_13' title='bbox 199 620 354 699; x_wconf 82' lang='lat' dir='ltr'>Dreher³‚</span> <span class='ocrx_word' id='word_1_14' title='bbox 378 621 416 685; x_wconf 82' lang='grc' dir='ltr'>Ε.</span> <span class='ocrx_word' id='word_1_15' title='bbox 440 641 502 685; x_wconf 89' lang='lat' dir='ltr'>von</span> <span class='ocrx_word' id='word_1_16' title='bbox 524 621 580 684; x_wconf 87' lang='lat' dir='ltr'>dor</span> <span class='ocrx_word' id='word_1_17' title='bbox 602 618 725 695; x_wconf 77' lang='lat' dir='ltr'>Goltz⁴‚</span> <span class='ocrx_word' id='word_1_18' title='bbox 749 619 787 682; x_wconf 86' lang='grc' dir='ltr'>Ε.</span> <span class='ocrx_word' id='word_1_19' title='bbox 811 617 980 683; x_wconf 81' lang='lat' dir='ltr'>Bruston⁵.</span> 
     </span>
    </p>
   </div>
   <div class='ocr_carea' id='block_1_3' title="bbox 218 948 1180 1019">
    <p class='ocr_par' dir='ltr' id='par_1_3' title="bbox 218 948 1180 1019">
     <span class='ocr_line' id='line_1_4' title="bbox 218 948 1180 1019; baseline -0.004 -2"><span class='ocrx_word' id='word_1_20' title='bbox 218 952 250 1017; x_wconf 85' lang='lat' dir='ltr'>S.</span> <span class='ocrx_word' id='word_1_21' title='bbox 273 950 518 1019; x_wconf 79' lang='lat' dir='ltr'>POLYGARPI</span> <span class='ocrx_word' id='word_1_22' title='bbox 539 949 751 1016; x_wconf 80' lang='lat' dir='ltr'>EPISTULA</span> <span class='ocrx_word' id='word_1_23' title='bbox 773 949 835 1014; x_wconf 86' lang='lat' dir='ltr'>AD</span> <span class='ocrx_word' id='word_1_24' title='bbox 857 948 1180 1015; x_wconf 77' lang='lat' dir='ltr'>PHILIPPENSES.</span> 
     </span>
    </p>
   </div>
   <div class='ocr_carea' id='block_1_4' title="bbox 689 1136 713 1200">
    <p class='ocr_par' dir='ltr' id='par_1_4' title="bbox 689 1136 713 1200">
     <span class='ocr_line' id='line_1_5' title="bbox 689 1136 713 1200; baseline 0 0"><span class='ocrx_word' id='word_1_25' title='bbox 689 1136 713 1200; x_wconf 91' lang='lat' dir='ltr'>I.</span> 
     </span>
    </p>
   </div>
   <div class='ocr_carea' id='block_1_5' title="bbox 117 1274 1299 3142">
    <p class='ocr_par' dir='ltr' id='par_1_5' title="bbox 117 1274 1299 3142">
     <span class='ocr_line' id='line_1_6' title="bbox 204 1274 1292 1361; baseline -0.002 -21"><span class='ocrx_word' id='word_1_26' title='bbox 204 1276 252 1341; x_wconf 88' lang='lat' dir='ltr'>De</span> <span class='ocrx_word' id='word_1_27' title='bbox 284 1276 443 1359; x_wconf 84' lang='lat' dir='ltr'>patriast</span> <span class='ocrx_word' id='word_1_28' title='bbox 473 1297 588 1361; x_wconf 85' lang='lat' dir='ltr'>genere</span> <span class='ocrx_word' id='word_1_29' title='bbox 611 1298 634 1340; x_wconf 88' lang='lat' dir='ltr'>s.</span> <span class='ocrx_word' id='word_1_30' title='bbox 659 1274 829 1360; x_wconf 88' lang='lat' dir='ltr'>Polycarpi</span> <span class='ocrx_word' id='word_1_31' title='bbox 860 1276 940 1340; x_wconf 88' lang='lat' dir='ltr'>nihil</span> <span class='ocrx_word' id='word_1_32' title='bbox 966 1279 1163 1358; x_wconf 89' lang='lat' dir='ltr'>compertum</span> <span class='ocrx_word' id='word_1_33' title='bbox 1193 1275 1292 1338; x_wconf 90' lang='lat' dir='ltr'>habe·</span> 
     </span>
     <span class='ocr_line' id='line_1_7' title="bbox 118 1379 1291 1455; baseline -0.002 -10"><span class='ocrx_word' id='word_1_34' title='bbox 118 1402 196 1445; x_wconf 88' lang='lat' dir='ltr'>mus.</span> <span class='ocrx_word' id='word_1_35' title='bbox 243 1379 348 1445; x_wconf 89' lang='lat' dir='ltr'>Natus</span> <span class='ocrx_word' id='word_1_36' title='bbox 380 1384 486 1444; x_wconf 89' lang='lat' dir='ltr'>autem</span> <span class='ocrx_word' id='word_1_37' title='bbox 517 1403 585 1445; x_wconf 88' lang='lat' dir='ltr'>esse</span> <span class='ocrx_word' id='word_1_38' title='bbox 615 1381 739 1445; x_wconf 80' lang='lat' dir='ltr'>videtur</span> <span class='ocrx_word' id='word_1_39' title='bbox 770 1404 797 1444; x_wconf 90' lang='lat' dir='ltr'>a.</span> <span class='ocrx_word' id='word_1_40' title='bbox 823 1382 874 1446; x_wconf 82' lang='lat'>69.</span> <span class='ocrx_word' id='word_1_41' title='bbox 927 1381 1019 1445; x_wconf 87' lang='lat' dir='ltr'>Dixit</span> <span class='ocrx_word' id='word_1_42' title='bbox 1048 1380 1132 1443; x_wconf 89' lang='lat' dir='ltr'>enim</span> <span class='ocrx_word' id='word_1_43' title='bbox 1166 1403 1193 1443; x_wconf 86' lang='lat' dir='ltr'>a.</span> <span class='ocrx_word' id='word_1_44' title='bbox 1220 1380 1291 1455; x_wconf 91' lang='grc'><strong>155,</strong></span> 
     </span>
     <span class='ocr_line' id='line_1_8' title="bbox 119 1479 1292 1570; baseline -0.003 -20"><span class='ocrx_word' id='word_1_45' title='bbox 119 1507 181 1570; x_wconf 89' lang='lat' dir='ltr'>quo</span> <span class='ocrx_word' id='word_1_46' title='bbox 206 1486 391 1568; x_wconf 86' lang='lat' dir='ltr'>martyrium</span> <span class='ocrx_word' id='word_1_47' title='bbox 414 1507 527 1569; x_wconf 90' lang='lat' dir='ltr'>passus</span> <span class='ocrx_word' id='word_1_48' title='bbox 550 1489 598 1549; x_wconf 89' lang='lat' dir='ltr'>est</span> <span class='ocrx_word' id='word_1_49' title='bbox 608 1485 630 1561; x_wconf 83' lang='lat'>⁶,</span> <span class='ocrx_word' id='word_1_50' title='bbox 655 1485 819 1570; x_wconf 79' lang='lat' dir='ltr'>octoginta</span> <span class='ocrx_word' id='word_1_51' title='bbox 834 1506 888 1549; x_wconf 83' lang='lat' dir='ltr'>sex</span> <span class='ocrx_word' id='word_1_52' title='bbox 912 1507 1010 1549; x_wconf 88' lang='lat' dir='ltr'>annos</span> <span class='ocrx_word' id='word_1_53' title='bbox 1033 1506 1066 1548; x_wconf 88' lang='lat' dir='ltr'>se</span> <span class='ocrx_word' id='word_1_54' title='bbox 1082 1479 1209 1549; x_wconf 82' lang='lat' dir='ltr'>Christo</span> <span class='ocrx_word' id='word_1_55' title='bbox 1226 1504 1292 1546; x_wconf 88' lang='lat' dir='ltr'>ser·</span> 
     </span>
     <span class='ocr_line' id='line_1_9' title="bbox 117 1586 1293 1667; baseline -0.003 -13"><span class='ocrx_word' id='word_1_56' title='bbox 117 1591 192 1667; x_wconf 81' lang='lat' dir='ltr'>vire,</span> <span class='ocrx_word' id='word_1_57' title='bbox 216 1589 349 1654; x_wconf 90' lang='lat' dir='ltr'>etmihi</span> <span class='ocrx_word' id='word_1_58' title='bbox 372 1589 473 1654; x_wconf 84' lang='lat' dir='ltr'>dicere</span> <span class='ocrx_word' id='word_1_59' title='bbox 494 1590 627 1665; x_wconf 77' lang='lat' dir='ltr'>videtur,</span> <span class='ocrx_word' id='word_1_60' title='bbox 652 1612 685 1654; x_wconf 86' lang='lat' dir='ltr'>se</span> <span class='ocrx_word' id='word_1_61' title='bbox 706 1589 837 1654; x_wconf 90' lang='lat' dir='ltr'>totidem</span> <span class='ocrx_word' id='word_1_62' title='bbox 862 1612 960 1654; x_wconf 87' lang='lat' dir='ltr'>annos</span> <span class='ocrx_word' id='word_1_63' title='bbox 983 1590 1096 1654; x_wconf 86' lang='lat' dir='ltr'>vivere.</span> <span class='ocrx_word' id='word_1_64' title='bbox 1132 1586 1180 1652; x_wconf 83' lang='lat' dir='ltr'>cf.</span> <span class='ocrx_word' id='word_1_65' title='bbox 1198 1589 1293 1653; x_wconf 85' lang='lat' dir='ltr'>Mart.</span> 
     </span>
     <span class='ocr_line' id='line_1_10' title="bbox 118 1693 1294 1779; baseline -0.003 -21"><span class='ocrx_word' id='word_1_66' title='bbox 118 1694 226 1778; x_wconf 90' lang='lat' dir='ltr'>Polyc.</span> <span class='ocrx_word' id='word_1_67' title='bbox 251 1694 281 1769; x_wconf 85' lang='grc'>9,</span> <span class='ocrx_word' id='word_1_68' title='bbox 299 1696 319 1758; x_wconf 87' lang='lat'><strong>3</strong></span> <span class='ocrx_word' id='word_1_69' title='bbox 340 1699 406 1759; x_wconf 85' lang='lat' dir='ltr'>not.</span> <span class='ocrx_word' id='word_1_70' title='bbox 454 1693 752 1779; x_wconf 85' lang='lat' dir='ltr'>Quomodocumque</span> <span class='ocrx_word' id='word_1_71' title='bbox 783 1698 888 1757; x_wconf 88' lang='lat' dir='ltr'>autem</span> <span class='ocrx_word' id='word_1_72' title='bbox 910 1693 989 1757; x_wconf 89' lang='lat' dir='ltr'>haec</span> <span class='ocrx_word' id='word_1_73' title='bbox 1020 1694 1116 1759; x_wconf 88' lang='lat' dir='ltr'>verba</span> <span class='ocrx_word' id='word_1_74' title='bbox 1137 1694 1294 1776; x_wconf 89' lang='lat' dir='ltr'>interpre-</span> 
     </span>
     <span class='ocr_line' id='line_1_11' title="bbox 119 1799 1294 1882; baseline -0.004 -17"><span class='ocrx_word' id='word_1_75' title='bbox 119 1805 233 1876; x_wconf 85' lang='lat' dir='ltr'>tamur,</span> <span class='ocrx_word' id='word_1_76' title='bbox 258 1800 296 1863; x_wconf 89' lang='lat' dir='ltr'>de</span> <span class='ocrx_word' id='word_1_77' title='bbox 319 1800 409 1863; x_wconf 88' lang='lat' dir='ltr'>annis</span> <span class='ocrx_word' id='word_1_78' title='bbox 431 1800 515 1864; x_wconf 81' lang='lat' dir='ltr'>vitae</span> <span class='ocrx_word' id='word_1_79' title='bbox 539 1803 594 1863; x_wconf 88' lang='lat' dir='ltr'>ant</span> <span class='ocrx_word' id='word_1_80' title='bbox 618 1800 656 1864; x_wconf 89' lang='lat' dir='ltr'>de</span> <span class='ocrx_word' id='word_1_81' title='bbox 677 1805 819 1882; x_wconf 89' lang='lat' dir='ltr'>tempore</span> <span class='ocrx_word' id='word_1_82' title='bbox 841 1799 924 1863; x_wconf 83' lang='lat' dir='ltr'>vitae</span> <span class='ocrx_word' id='word_1_83' title='bbox 940 1799 1129 1863; x_wconf 78' lang='lat' dir='ltr'>christianae</span> <span class='ocrx_word' id='word_1_84' title='bbox 1151 1800 1294 1863; x_wconf 90' lang='lat' dir='ltr'>insensu</span> 
     </span>
     <span class='ocr_line' id='line_1_12' title="bbox 119 1903 1296 1989; baseline -0.003 -20"><span class='ocrx_word' id='word_1_85' title='bbox 119 1904 275 1970; x_wconf 77' lang='lat' dir='ltr'>strictiore</span> <span class='ocrx_word' id='word_1_86' title='bbox 308 1926 363 1968; x_wconf 87' lang='lat' dir='ltr'>seu</span> <span class='ocrx_word' id='word_1_87' title='bbox 385 1909 459 1989; x_wconf 88' lang='lat' dir='ltr'>post</span> <span class='ocrx_word' id='word_1_88' title='bbox 487 1905 682 1988; x_wconf 88' lang='lat' dir='ltr'>baptismum</span> <span class='ocrx_word' id='word_1_89' title='bbox 714 1907 857 1968; x_wconf 87' lang='lat' dir='ltr'>exactae:</span> <span class='ocrx_word' id='word_1_90' title='bbox 893 1904 932 1967; x_wconf 85' lang='lat' dir='ltr'>ab</span> <span class='ocrx_word' id='word_1_91' title='bbox 963 1903 1116 1988; x_wconf 88' lang='lat' dir='ltr'>apostolis</span> <span class='ocrx_word' id='word_1_92' title='bbox 1148 1926 1172 1968; x_wconf 83' lang='lat' dir='ltr'>a.</span> <span class='ocrx_word' id='word_1_93' title='bbox 1204 1908 1296 1987; x_wconf 88' lang='lat' dir='ltr'>pater</span> 
     </span>
     <span class='ocr_line' id='line_1_13' title="bbox 120 2007 1296 2093; baseline -0.002 -21"><span class='ocrx_word' id='word_1_94' title='bbox 120 2009 249 2073; x_wconf 88' lang='lat' dir='ltr'>edoctus</span> <span class='ocrx_word' id='word_1_95' title='bbox 273 2013 304 2072; x_wconf 92' lang='lat' dir='ltr'>et</span> <span class='ocrx_word' id='word_1_96' title='bbox 326 2009 494 2093; x_wconf 88' lang='lat' dir='ltr'>episcopus</span> <span class='ocrx_word' id='word_1_97' title='bbox 517 2009 760 2093; x_wconf 83' lang='lat' dir='ltr'>Smyrnaeorum</span> <span class='ocrx_word' id='word_1_98' title='bbox 783 2009 946 2073; x_wconf 88' lang='lat' dir='ltr'>ordinatus</span> <span class='ocrx_word' id='word_1_99' title='bbox 968 2014 1025 2073; x_wconf 88' lang='lat' dir='ltr'>est.</span> <span class='ocrx_word' id='word_1_100' title='bbox 1070 2007 1190 2073; x_wconf 84' lang='lat' dir='ltr'>Scribit</span> <span class='ocrx_word' id='word_1_101' title='bbox 1212 2008 1296 2072; x_wconf 91' lang='lat' dir='ltr'>enim</span> 
     </span>
     <span class='ocr_line' id='line_1_14' title="bbox 120 2109 1296 2193; baseline -0.004 -17"><span class='ocrx_word' id='word_1_102' title='bbox 120 2111 268 2177; x_wconf 88' lang='lat' dir='ltr'>Irenaeus</span> <span class='ocrx_word' id='word_1_103' title='bbox 292 2112 373 2177; x_wconf 86' lang='lat' dir='ltr'>Adv.</span> <span class='ocrx_word' id='word_1_104' title='bbox 396 2113 483 2179; x_wconf 86' lang='lat' dir='ltr'>haer.</span> <span class='ocrx_word' id='word_1_105' title='bbox 507 2113 564 2192; x_wconf 79' lang='lat' dir='ltr'>Ill,</span> <span class='ocrx_word' id='word_1_106' title='bbox 581 2114 611 2191; x_wconf 92' lang='grc'>3,</span> <span class='ocrx_word' id='word_1_107' title='bbox 628 2116 663 2178; x_wconf 78' lang='lat'>4:</span> <span class='ocrx_word' id='word_1_108' title='bbox 693 2112 746 2174; x_wconf 81' lang='grc' dir='ltr'>καί</span> <span class='ocrx_word' id='word_1_109' title='bbox 769 2109 977 2192; x_wconf 85' lang='grc' dir='ltr'>Πολύκαρπος</span> <span class='ocrx_word' id='word_1_110' title='bbox 1001 2111 1036 2174; x_wconf 84' lang='grc' dir='ltr'>δὲ</span> <span class='ocrx_word' id='word_1_111' title='bbox 1058 2112 1094 2174; x_wconf 81' lang='grc' dir='ltr'>οὐ</span> <span class='ocrx_word' id='word_1_112' title='bbox 1118 2110 1212 2193; x_wconf 92' lang='grc' dir='ltr'>μόνον</span> <span class='ocrx_word' id='word_1_113' title='bbox 1235 2110 1296 2171; x_wconf 85' lang='grc' dir='ltr'>ὑπό</span> 
     </span>
     <span class='ocr_line' id='line_1_15' title="bbox 121 2213 1296 2299; baseline -0.001 -23"><span class='ocrx_word' id='word_1_114' title='bbox 121 2213 307 2277; x_wconf 80' lang='grc' dir='ltr'>ἀποστόλων</span> <span class='ocrx_word' id='word_1_115' title='bbox 341 2217 556 2299; x_wconf 65' lang='grc' dir='ltr'><strong>μαθητευθεὶς</strong></span> <span class='ocrx_word' id='word_1_116' title='bbox 591 2217 645 2279; x_wconf 86' lang='grc' dir='ltr'>καί</span> <span class='ocrx_word' id='word_1_117' title='bbox 685 2217 950 2298; x_wconf 81' lang='grc' dir='ltr'>συναναστραφείς</span> <span class='ocrx_word' id='word_1_118' title='bbox 984 2215 1112 2291; x_wconf 85' lang='grc' dir='ltr'>πολλοῖς</span> <span class='ocrx_word' id='word_1_119' title='bbox 1145 2223 1209 2289; x_wconf 85' lang='grc' dir='ltr'>τοῖς</span> <span class='ocrx_word' id='word_1_120' title='bbox 1244 2215 1296 2276; x_wconf 87' lang='grc' dir='ltr'>τόν</span> 
     </span>
     <span class='ocr_line' id='line_1_16' title="bbox 121 2317 1296 2401; baseline -0.003 -17"><span class='ocrx_word' id='word_1_121' title='bbox 121 2319 254 2400; x_wconf 86' lang='grc' dir='ltr'>Χριστόν</span> <span class='ocrx_word' id='word_1_122' title='bbox 277 2318 459 2401; x_wconf 81' lang='grc' dir='ltr'>ἑωρακόσιν,</span> <span class='ocrx_word' id='word_1_123' title='bbox 483 2320 566 2384; x_wconf 83' lang='grc' dir='ltr'>ἀλλὰ</span> <span class='ocrx_word' id='word_1_124' title='bbox 588 2322 641 2383; x_wconf 84' lang='grc' dir='ltr'>καί</span> <span class='ocrx_word' id='word_1_125' title='bbox 663 2322 724 2383; x_wconf 86' lang='grc' dir='ltr'>ὑπό</span> <span class='ocrx_word' id='word_1_126' title='bbox 746 2319 930 2384; x_wconf 82' lang='grc' dir='ltr'>ἀποστόλων</span> <span class='ocrx_word' id='word_1_127' title='bbox 945 2320 1158 2394; x_wconf 70' lang='grc' dir='ltr'>κατασταθείς</span> <span class='ocrx_word' id='word_1_128' title='bbox 1181 2317 1225 2394; x_wconf 82' lang='grc' dir='ltr'>εἰς</span> <span class='ocrx_word' id='word_1_129' title='bbox 1239 2320 1296 2400; x_wconf 79' lang='grc' dir='ltr'>τὴν</span> 
     </span>
     <span class='ocr_line' id='line_1_17' title="bbox 120 2421 1298 2511; baseline 0.002 -25"><span class='ocrx_word' id='word_1_130' title='bbox 120 2421 249 2502; x_wconf 87' lang='grc' dir='ltr'>Ἀσίαν,</span> <span class='ocrx_word' id='word_1_131' title='bbox 281 2423 314 2487; x_wconf 84' lang='grc' dir='ltr'>ἐν</span> <span class='ocrx_word' id='word_1_132' title='bbox 345 2434 383 2508; x_wconf 78' lang='grc' dir='ltr'>τη</span> <span class='ocrx_word' id='word_1_133' title='bbox 406 2423 439 2488; x_wconf 86' lang='grc' dir='ltr'>ἐν</span> <span class='ocrx_word' id='word_1_134' title='bbox 461 2423 586 2509; x_wconf 82' lang='grc' dir='ltr'>Σμύρνη</span> <span class='ocrx_word' id='word_1_135' title='bbox 616 2424 783 2511; x_wconf 78' lang='grc' dir='ltr'>ἐκκλησίᾳ,</span> <span class='ocrx_word' id='word_1_136' title='bbox 816 2423 998 2503; x_wconf 81' lang='grc' dir='ltr'>ἐπίσκοπος,</span> <span class='ocrx_word' id='word_1_137' title='bbox 1031 2427 1176 2510; x_wconf 88' lang='lat' dir='ltr'>idemque</span> <span class='ocrx_word' id='word_1_138' title='bbox 1198 2426 1298 2489; x_wconf 86' lang='lat' dir='ltr'>tradit</span> 
     </span>
     <span class='ocr_line' id='line_1_18' title="bbox 121 2525 1297 2613; baseline -0.004 -19"><span class='ocrx_word' id='word_1_139' title='bbox 121 2531 278 2595; x_wconf 79' lang='lat' dir='ltr'>Eusebius</span> <span class='ocrx_word' id='word_1_140' title='bbox 294 2530 335 2596; x_wconf 92' lang='lat' dir='ltr'>H.</span> <span class='ocrx_word' id='word_1_141' title='bbox 352 2533 390 2597; x_wconf 88' lang='lat' dir='ltr'>E.</span> <span class='ocrx_word' id='word_1_142' title='bbox 407 2531 464 2610; x_wconf 89' lang='grc' dir='ltr'>ΠΙ,</span> <span class='ocrx_word' id='word_1_143' title='bbox 481 2534 532 2610; x_wconf 89' lang='grc'>36,</span> <span class='ocrx_word' id='word_1_144' title='bbox 552 2535 568 2598; x_wconf 92' lang='grc'><strong>1</strong></span> <span class='ocrx_word' id='word_1_145' title='bbox 594 2533 715 2598; x_wconf 89' lang='lat' dir='ltr'>dicens:</span> <span class='ocrx_word' id='word_1_146' title='bbox 739 2537 801 2592; x_wconf 83' lang='grc' dir='ltr'>τῶν</span> <span class='ocrx_word' id='word_1_147' title='bbox 823 2527 1008 2592; x_wconf 80' lang='grc' dir='ltr'>ἀποστόλων</span> <span class='ocrx_word' id='word_1_148' title='bbox 1031 2527 1179 2613; x_wconf 72' lang='grc' dir='ltr'>ὁμιλητὴς</span> <span class='ocrx_word' id='word_1_149' title='bbox 1193 2525 1297 2591; x_wconf 80' lang='grc' dir='ltr'>Πολύ·</span> 
     </span>
     <span class='ocr_line' id='line_1_19' title="bbox 120 2632 1299 2719; baseline -0.001 -25"><span class='ocrx_word' id='word_1_150' title='bbox 120 2651 259 2714; x_wconf 85' lang='grc' dir='ltr'>καρπος,</span> <span class='ocrx_word' id='word_1_151' title='bbox 287 2643 341 2717; x_wconf 81' lang='grc' dir='ltr'>της</span> <span class='ocrx_word' id='word_1_152' title='bbox 373 2634 455 2697; x_wconf 80' lang='grc' dir='ltr'>κατὰ</span> <span class='ocrx_word' id='word_1_153' title='bbox 481 2634 625 2718; x_wconf 81' lang='grc' dir='ltr'>Σμύρναν</span> <span class='ocrx_word' id='word_1_154' title='bbox 655 2633 826 2719; x_wconf 78' lang='grc' dir='ltr'>ἐκκλησίας</span> <span class='ocrx_word' id='word_1_155' title='bbox 856 2635 931 2715; x_wconf 85' lang='grc' dir='ltr'>πρὸς</span> <span class='ocrx_word' id='word_1_156' title='bbox 962 2640 1025 2697; x_wconf 82' lang='grc' dir='ltr'>τῶν</span> <span class='ocrx_word' id='word_1_157' title='bbox 1057 2634 1221 2696; x_wconf 82' lang='grc' dir='ltr'>αὐτοπτῶν</span> <span class='ocrx_word' id='word_1_158' title='bbox 1244 2632 1299 2693; x_wconf 83' lang='grc' dir='ltr'>καί</span> 
     </span>
     <span class='ocr_line' id='line_1_20' title="bbox 122 2734 1298 2824; baseline 0.003 -25"><span class='ocrx_word' id='word_1_159' title='bbox 122 2736 284 2822; x_wconf 79' lang='grc' dir='ltr'>ὑπηρετῶν</span> <span class='ocrx_word' id='word_1_160' title='bbox 305 2748 360 2802; x_wconf 80' lang='grc' dir='ltr'>τοῦ</span> <span class='ocrx_word' id='word_1_161' title='bbox 383 2739 490 2822; x_wconf 89' lang='grc' dir='ltr'>κυρίου</span> <span class='ocrx_word' id='word_1_162' title='bbox 506 2743 561 2823; x_wconf 73' lang='grc' dir='ltr'>τὴν</span> <span class='ocrx_word' id='word_1_163' title='bbox 585 2740 756 2822; x_wconf 76' lang='grc' dir='ltr'>ἐπισκοπὴν</span> <span class='ocrx_word' id='word_1_164' title='bbox 773 2734 1048 2824; x_wconf 81' lang='grc' dir='ltr'>ἐγκεχειρισμένος.</span> <span class='ocrx_word' id='word_1_165' title='bbox 1092 2738 1179 2802; x_wconf 90' lang='lat' dir='ltr'>lnter</span> <span class='ocrx_word' id='word_1_166' title='bbox 1202 2737 1298 2802; x_wconf 87' lang='lat' dir='ltr'>disci·</span> 
     </span>
     <span class='ocr_line' id='line_1_21' title="bbox 122 2842 1299 2930; baseline -0.003 -22"><span class='ocrx_word' id='word_1_167' title='bbox 122 2844 216 2927; x_wconf 89' lang='lat' dir='ltr'>pulos</span> <span class='ocrx_word' id='word_1_168' title='bbox 238 2844 378 2924; x_wconf 80' lang='lat' dir='ltr'>Domini,</span> <span class='ocrx_word' id='word_1_169' title='bbox 404 2869 538 2930; x_wconf 91' lang='lat' dir='ltr'>quorum</span> <span class='ocrx_word' id='word_1_170' title='bbox 561 2846 784 2911; x_wconf 88' lang='lat' dir='ltr'>consuetudine</span> <span class='ocrx_word' id='word_1_171' title='bbox 807 2844 1002 2928; x_wconf 85' lang='lat' dir='ltr'>Polycarpus</span> <span class='ocrx_word' id='word_1_172' title='bbox 1023 2865 1100 2907; x_wconf 92' lang='lat' dir='ltr'>usus</span> <span class='ocrx_word' id='word_1_173' title='bbox 1130 2846 1207 2918; x_wconf 87' lang='lat' dir='ltr'>erat,</span> <span class='ocrx_word' id='word_1_174' title='bbox 1233 2842 1299 2905; x_wconf 88' lang='lat' dir='ltr'>lre-</span> 
     </span>
     <span class='ocr_line' id='line_1_22' title="bbox 122 2946 1299 3035; baseline -0.004 -21"><span class='ocrx_word' id='word_1_175' title='bbox 122 2972 220 3015; x_wconf 86' lang='lat' dir='ltr'>naeus</span> <span class='ocrx_word' id='word_1_176' title='bbox 244 2951 331 3035; x_wconf 75' lang='lat' dir='ltr'>(llus.</span> <span class='ocrx_word' id='word_1_177' title='bbox 356 2951 397 3016; x_wconf 92' lang='lat' dir='ltr'>H.</span> <span class='ocrx_word' id='word_1_178' title='bbox 414 2953 452 3016; x_wconf 87' lang='lat' dir='ltr'>E.</span> <span class='ocrx_word' id='word_1_179' title='bbox 475 2951 514 3030; x_wconf 83' lang='lat' dir='ltr'>V,</span> <span class='ocrx_word' id='word_1_180' title='bbox 532 2953 583 3030; x_wconf 87' lang='grc'>20,</span> <span class='ocrx_word' id='word_1_181' title='bbox 601 2949 633 3032; x_wconf 86' lang='grc'>6)</span> <span class='ocrx_word' id='word_1_182' title='bbox 656 2953 786 3034; x_wconf 90' lang='lat' dir='ltr'>insuper</span> <span class='ocrx_word' id='word_1_183' title='bbox 806 2946 979 3013; x_wconf 84' lang='lat' dir='ltr'>loannem⁷</span> <span class='ocrx_word' id='word_1_184' title='bbox 1004 2947 1170 3030; x_wconf 84' lang='lat' dir='ltr'>speciatim</span> <span class='ocrx_word' id='word_1_185' title='bbox 1192 2947 1299 3010; x_wconf 90' lang='lat' dir='ltr'>nomi-</span> 
     </span>
     <span class='ocr_line' id='line_1_23' title="bbox 122 3052 1299 3142; baseline -0.001 -25"><span class='ocrx_word' id='word_1_186' title='bbox 122 3058 195 3131; x_wconf 84' lang='lat' dir='ltr'>nat,</span> <span class='ocrx_word' id='word_1_187' title='bbox 228 3059 261 3119; x_wconf 90' lang='lat' dir='ltr'>et</span> <span class='ocrx_word' id='word_1_188' title='bbox 291 3055 508 3122; x_wconf 79' lang='lat' dir='ltr'>Tertullianus</span> <span class='ocrx_word' id='word_1_189' title='bbox 541 3057 591 3121; x_wconf 89' lang='lat' dir='ltr'>De</span> <span class='ocrx_word' id='word_1_190' title='bbox 622 3055 808 3142; x_wconf 87' lang='lat' dir='ltr'>praescript.</span> <span class='ocrx_word' id='word_1_191' title='bbox 833 3076 859 3118; x_wconf 92' lang='lat' dir='ltr'>c.</span> <span class='ocrx_word' id='word_1_192' title='bbox 884 3054 925 3118; x_wconf 85' lang='lat'>32</span> <span class='ocrx_word' id='word_1_193' title='bbox 957 3058 1052 3137; x_wconf 91' lang='lat' dir='ltr'>atque</span> <span class='ocrx_word' id='word_1_194' title='bbox 1084 3052 1299 3135; x_wconf 86' lang='lat' dir='ltr'>Hieronymus</span> 
     </span>
    </p>
   </div>
   <div class='ocr_carea' id='block_1_6' title="bbox 125 3258 1303 4376">
    <p class='ocr_par' dir='ltr' id='par_1_6' title="bbox 195 3258 890 3332">
     <span class='ocr_line' id='line_1_24' title="bbox 195 3258 890 3332; baseline 0.001 -20"><span class='ocrx_word' id='word_1_195' title='bbox 195 3258 283 3313; x_wconf 83' lang='lat' dir='ltr'>lDie</span> <span class='ocrx_word' id='word_1_196' title='bbox 303 3260 440 3330; x_wconf 78' lang='lat' dir='ltr'>llreolopie</span> <span class='ocrx_word' id='word_1_197' title='bbox 454 3263 501 3317; x_wconf 78' lang='lat' dir='ltr'>dea</span> <span class='ocrx_word' id='word_1_198' title='bbox 518 3264 553 3316; x_wconf 78' lang='lat' dir='ltr'>tl.</span> <span class='ocrx_word' id='word_1_199' title='bbox 573 3262 700 3332; x_wconf 77' lang='lat' dir='ltr'>Ipnotius</span> <span class='ocrx_word' id='word_1_200' title='bbox 718 3279 741 3316; x_wconf 89' lang='lat' dir='ltr'>o.</span> <span class='ocrx_word' id='word_1_201' title='bbox 761 3263 794 3315; x_wconf 81' lang='lat' dir='ltr'>A.</span> <span class='ocrx_word' id='word_1_202' title='bbox 816 3260 890 3316; x_wconf 90' lang='grc'><strong>1868.</strong></span> 
     </span>
    </p>

    <p class='ocr_par' dir='ltr' id='par_1_7' title="bbox 194 3345 748 3418">
     <span class='ocr_line' id='line_1_25' title="bbox 194 3345 748 3418; baseline 0.009 -21"><span class='ocrx_word' id='word_1_203' title='bbox 194 3345 211 3398; x_wconf 84' lang='lat'><strong>2</strong></span> <span class='ocrx_word' id='word_1_204' title='bbox 228 3345 357 3414; x_wconf 75' lang='grc' dir='ltr'>Ιρκαίίατ</span> <span class='ocrx_word' id='word_1_205' title='bbox 374 3365 397 3401; x_wconf 86' lang='grc' dir='ltr'>ο.</span> <span class='ocrx_word' id='word_1_206' title='bbox 415 3349 451 3402; x_wconf 78' lang='grc' dir='ltr'>Α.</span> <span class='ocrx_word' id='word_1_207' title='bbox 473 3348 539 3405; x_wconf 86' lang='grc'><strong>1878</strong></span> <span class='ocrx_word' id='word_1_208' title='bbox 557 3367 584 3418; x_wconf 90' lang='lat' dir='ltr'>p.</span> <span class='ocrx_word' id='word_1_209' title='bbox 603 3348 748 3403; x_wconf 82' lang='grc'><strong>422-494.</strong></span> 
     </span>
    </p>

    <p class='ocr_par' dir='ltr' id='par_1_8' title="bbox 194 3430 1059 3505">
     <span class='ocr_line' id='line_1_26' title="bbox 194 3430 1059 3505; baseline -0.002 -20"><span class='ocrx_word' id='word_1_210' title='bbox 194 3431 256 3486; x_wconf 83' lang='grc'>88.</span> <span class='ocrx_word' id='word_1_211' title='bbox 276 3432 382 3502; x_wconf 80' lang='lat' dir='ltr'>Ignatii</span> <span class='ocrx_word' id='word_1_212' title='bbox 401 3451 442 3505; x_wconf 91' lang='lat' dir='ltr'>ep.</span> <span class='ocrx_word' id='word_1_213' title='bbox 462 3437 526 3489; x_wconf 81' lang='lat' dir='ltr'>Ant</span> <span class='ocrx_word' id='word_1_214' title='bbox 546 3436 580 3489; x_wconf 89' lang='lat' dir='ltr'>de</span> <span class='ocrx_word' id='word_1_215' title='bbox 599 3435 710 3490; x_wconf 84' lang='lat' dir='ltr'>Christo</span> <span class='ocrx_word' id='word_1_216' title='bbox 729 3435 789 3490; x_wconf 90' lang='lat' dir='ltr'>Deo</span> <span class='ocrx_word' id='word_1_217' title='bbox 809 3434 946 3488; x_wconf 76' lang='lat' dir='ltr'>doctrina</span> <span class='ocrx_word' id='word_1_218' title='bbox 985 3430 1059 3486; x_wconf 91' lang='grc'><strong>1877.</strong></span> 
     </span>
    </p>

    <p class='ocr_par' dir='ltr' id='par_1_9' title="bbox 125 3518 1301 3767">
     <span class='ocr_line' id='line_1_27' title="bbox 193 3518 1301 3589; baseline 0.003 -17"><span class='ocrx_word' id='word_1_219' title='bbox 193 3519 357 3589; x_wconf 68' lang='lat' dir='ltr'>Hypatius</span> <span class='ocrx_word' id='word_1_220' title='bbox 383 3538 436 3575; x_wconf 81' lang='lat' dir='ltr'>voa</span> <span class='ocrx_word' id='word_1_221' title='bbox 452 3523 615 3578; x_wconf 73' lang='grc' dir='ltr'>Ακίίοολίαι</span> <span class='ocrx_word' id='word_1_222' title='bbox 640 3525 682 3578; x_wconf 82' lang='lat' dir='ltr'>als</span> <span class='ocrx_word' id='word_1_223' title='bbox 703 3522 793 3577; x_wconf 78' lang='lat' dir='ltr'>Christ</span> <span class='ocrx_word' id='word_1_224' title='bbox 811 3523 870 3576; x_wconf 78' lang='lat' dir='ltr'>und</span> <span class='ocrx_word' id='word_1_225' title='bbox 891 3521 1017 3588; x_wconf 78' lang='lat' dir='ltr'>Tlaeolope</span> <span class='ocrx_word' id='word_1_226' title='bbox 1037 3518 1104 3573; x_wconf 83' lang='grc'><strong>1894</strong></span> <span class='ocrx_word' id='word_1_227' title='bbox 1130 3519 1225 3587; x_wconf 72' lang='lat' dir='ltr'>(Teate</span> <span class='ocrx_word' id='word_1_228' title='bbox 1242 3521 1301 3575; x_wconf 83' lang='lat' dir='ltr'>und</span> 
     </span>
     <span class='ocr_line' id='line_1_28' title="bbox 130 3605 1301 3678; baseline 0 -17"><span class='ocrx_word' id='word_1_229' title='bbox 130 3605 368 3678; x_wconf 75' lang='lat' dir='ltr'>Uaterauctunyeo</span> <span class='ocrx_word' id='word_1_230' title='bbox 386 3609 445 3672; x_wconf 79' lang='lat' dir='ltr'><strong>XII,</strong></span> <span class='ocrx_word' id='word_1_231' title='bbox 464 3611 489 3665; x_wconf 82' lang='lat'>3.</span> <span class='ocrx_word' id='word_1_232' title='bbox 535 3609 619 3664; x_wconf 86' lang='lat' dir='ltr'>Liber</span> <span class='ocrx_word' id='word_1_233' title='bbox 645 3610 732 3665; x_wconf 89' lang='lat' dir='ltr'>etiam</span> <span class='ocrx_word' id='word_1_234' title='bbox 759 3606 893 3677; x_wconf 82' lang='lat' dir='ltr'>synopsin</span> <span class='ocrx_word' id='word_1_235' title='bbox 922 3605 1147 3674; x_wconf 82' lang='lat' dir='ltr'>copiosissimam</span> <span class='ocrx_word' id='word_1_236' title='bbox 1174 3605 1301 3661; x_wconf 88' lang='lat' dir='ltr'>locorum</span> 
     </span>
     <span class='ocr_line' id='line_1_29' title="bbox 125 3692 880 3767; baseline 0 -21"><span class='ocrx_word' id='word_1_237' title='bbox 125 3692 324 3761; x_wconf 85' lang='lat' dir='ltr'>parallelorum</span> <span class='ocrx_word' id='word_1_238' title='bbox 341 3695 446 3765; x_wconf 78' lang='lat' dir='ltr'>Ignatii</span> <span class='ocrx_word' id='word_1_239' title='bbox 465 3701 494 3751; x_wconf 90' lang='lat' dir='ltr'>et</span> <span class='ocrx_word' id='word_1_240' title='bbox 512 3696 537 3750; x_wconf 89' lang='lat' dir='ltr'>S.</span> <span class='ocrx_word' id='word_1_241' title='bbox 558 3697 718 3767; x_wconf 84' lang='lat' dir='ltr'>Scripturas</span> <span class='ocrx_word' id='word_1_242' title='bbox 737 3694 880 3763; x_wconf 81' lang='lat' dir='ltr'>continet).</span> 
     </span>
    </p>

    <p class='ocr_par' dir='ltr' id='par_1_10' title="bbox 196 3779 1100 3852">
     <span class='ocr_line' id='line_1_30' title="bbox 196 3779 1100 3852; baseline -0.003 -18"><span class='ocrx_word' id='word_1_243' title='bbox 196 3782 212 3835; x_wconf 92' lang='grc'><strong>5</strong></span> <span class='ocrx_word' id='word_1_244' title='bbox 230 3782 330 3851; x_wconf 73' lang='lat' dir='ltr'>lynceo</span> <span class='ocrx_word' id='word_1_245' title='bbox 346 3784 512 3847; x_wconf 77' lang='lat' dir='ltr'>d’Antioctc,</span> <span class='ocrx_word' id='word_1_246' title='bbox 531 3801 573 3839; x_wconf 82' lang='lat' dir='ltr'>ses</span> <span class='ocrx_word' id='word_1_247' title='bbox 590 3785 694 3852; x_wconf 62' lang='lat' dir='ltr'>&amp;pitres</span> <span class='ocrx_word' id='word_1_248' title='bbox 713 3801 745 3838; x_wconf 87' lang='lat' dir='ltr'>so</span> <span class='ocrx_word' id='word_1_249' title='bbox 762 3783 811 3847; x_wconf 69' lang='lat' dir='ltr'>rae,</span> <span class='ocrx_word' id='word_1_250' title='bbox 829 3797 862 3835; x_wconf 82' lang='lat' dir='ltr'>aa</span> <span class='ocrx_word' id='word_1_251' title='bbox 879 3781 1005 3849; x_wconf 77' lang='lat' dir='ltr'>tte&#39;olopie</span> <span class='ocrx_word' id='word_1_252' title='bbox 1025 3779 1100 3834; x_wconf 86' lang='grc'><strong>1897.</strong></span> 
     </span>
    </p>

    <p class='ocr_par' dir='ltr' id='par_1_11' title="bbox 125 3865 1303 4028">
     <span class='ocr_line' id='line_1_31' title="bbox 196 3865 1303 3941; baseline -0.003 -18"><span class='ocrx_word' id='word_1_253' title='bbox 196 3870 214 3923; x_wconf 87' lang='grc'><strong>6</strong></span> <span class='ocrx_word' id='word_1_254' title='bbox 233 3870 275 3924; x_wconf 75' lang='grc'><strong>01.</strong></span> <span class='ocrx_word' id='word_1_255' title='bbox 295 3888 368 3938; x_wconf 87' lang='lat' dir='ltr'>quae</span> <span class='ocrx_word' id='word_1_256' title='bbox 394 3870 425 3924; x_wconf 92' lang='lat' dir='ltr'>in</span> <span class='ocrx_word' id='word_1_257' title='bbox 443 3870 653 3941; x_wconf 78' lang='lat' dir='ltr'>Prolegomenis</span> <span class='ocrx_word' id='word_1_258' title='bbox 681 3869 718 3923; x_wconf 88' lang='lat' dir='ltr'>ad</span> <span class='ocrx_word' id='word_1_259' title='bbox 736 3867 903 3936; x_wconf 79' lang='lat' dir='ltr'>Martyrium</span> <span class='ocrx_word' id='word_1_260' title='bbox 920 3865 1070 3935; x_wconf 89' lang='lat' dir='ltr'>Polycarpi</span> <span class='ocrx_word' id='word_1_261' title='bbox 1098 3865 1239 3920; x_wconf 87' lang='lat' dir='ltr'>adfinem</span> <span class='ocrx_word' id='word_1_262' title='bbox 1258 3882 1303 3920; x_wconf 85' lang='lat' dir='ltr'>oa·</span> 
     </span>
     <span class='ocr_line' id='line_1_32' title="bbox 125 3956 473 4028; baseline -0.003 -16"><span class='ocrx_word' id='word_1_263' title='bbox 125 3958 195 4028; x_wconf 92' lang='lat' dir='ltr'>pitis</span> <span class='ocrx_word' id='word_1_264' title='bbox 213 3957 227 4010; x_wconf 95' lang='lat' dir='ltr'>I</span> <span class='ocrx_word' id='word_1_265' title='bbox 246 3956 382 4011; x_wconf 83' lang='lat' dir='ltr'>adnotata</span> <span class='ocrx_word' id='word_1_266' title='bbox 400 3960 473 4012; x_wconf 86' lang='lat' dir='ltr'>sunt.</span> 
     </span>
    </p>

    <p class='ocr_par' dir='ltr' id='par_1_12' title="bbox 126 4039 1302 4376">
     <span class='ocr_line' id='line_1_33' title="bbox 197 4039 1302 4110; baseline -0.005 -10"><span class='ocrx_word' id='word_1_267' title='bbox 197 4045 328 4108; x_wconf 78' lang='grc' dir='ltr'>7Κείπι,</span> <span class='ocrx_word' id='word_1_268' title='bbox 358 4045 512 4100; x_wconf 73' lang='lat' dir='ltr'>Gcsclcichte</span> <span class='ocrx_word' id='word_1_269' title='bbox 530 4043 595 4099; x_wconf 78' lang='lat' dir='ltr'>Iesu</span> <span class='ocrx_word' id='word_1_270' title='bbox 623 4059 673 4097; x_wconf 84' lang='lat' dir='ltr'>oon</span> <span class='ocrx_word' id='word_1_271' title='bbox 695 4042 811 4096; x_wconf 76' lang='lat' dir='ltr'>Noaara</span> <span class='ocrx_word' id='word_1_272' title='bbox 831 4040 897 4095; x_wconf 91' lang='grc'><strong>1867</strong></span> <span class='ocrx_word' id='word_1_273' title='bbox 916 4041 936 4101; x_wconf 83' lang='grc' dir='ltr'>Ι,</span> <span class='ocrx_word' id='word_1_274' title='bbox 957 4039 1007 4094; x_wconf 86' lang='grc'><strong>162</strong></span> <span class='ocrx_word' id='word_1_275' title='bbox 1026 4056 1083 4107; x_wconf 90' lang='lat' dir='ltr'>sq.‚</span> <span class='ocrx_word' id='word_1_276' title='bbox 1112 4040 1302 4110; x_wconf 88' lang='lat' dir='ltr'>Polycarpum</span> 
     </span>
     <span class='ocr_line' id='line_1_34' title="bbox 128 4127 1302 4201; baseline -0.003 -16"><span class='ocrx_word' id='word_1_277' title='bbox 128 4132 298 4201; x_wconf 89' lang='lat' dir='ltr'>discipulum</span> <span class='ocrx_word' id='word_1_278' title='bbox 315 4132 429 4186; x_wconf 89' lang='lat' dir='ltr'>Ioannis</span> <span class='ocrx_word' id='word_1_279' title='bbox 447 4146 505 4185; x_wconf 91' lang='lat' dir='ltr'>non</span> <span class='ocrx_word' id='word_1_280' title='bbox 523 4128 653 4199; x_wconf 87' lang='lat' dir='ltr'>apostoli,</span> <span class='ocrx_word' id='word_1_281' title='bbox 673 4129 722 4183; x_wconf 89' lang='lat' dir='ltr'>sed</span> <span class='ocrx_word' id='word_1_282' title='bbox 739 4128 898 4196; x_wconf 86' lang='lat' dir='ltr'>presbyteri</span> <span class='ocrx_word' id='word_1_283' title='bbox 916 4143 1000 4194; x_wconf 91' lang='lat' dir='ltr'>quem</span> <span class='ocrx_word' id='word_1_284' title='bbox 1013 4127 1110 4181; x_wconf 90' lang='lat' dir='ltr'>dicunt</span> <span class='ocrx_word' id='word_1_285' title='bbox 1128 4127 1217 4182; x_wconf 87' lang='lat' dir='ltr'>fuisse</span> <span class='ocrx_word' id='word_1_286' title='bbox 1238 4144 1302 4183; x_wconf 92' lang='lat' dir='ltr'>con-</span> 
     </span>
     <span class='ocr_line' id='line_1_35' title="bbox 127 4213 1302 4290; baseline -0.005 -15"><span class='ocrx_word' id='word_1_287' title='bbox 127 4221 226 4275; x_wconf 75' lang='lat' dir='ltr'>tendit.</span> <span class='ocrx_word' id='word_1_288' title='bbox 264 4220 318 4275; x_wconf 81' lang='lat' dir='ltr'>Sed</span> <span class='ocrx_word' id='word_1_289' title='bbox 336 4220 519 4290; x_wconf 81' lang='lat' dir='ltr'>argumenta,</span> <span class='ocrx_word' id='word_1_290' title='bbox 546 4234 619 4286; x_wconf 89' lang='lat' dir='ltr'>quae</span> <span class='ocrx_word' id='word_1_291' title='bbox 646 4217 781 4286; x_wconf 84' lang='lat' dir='ltr'>protulit,</span> <span class='ocrx_word' id='word_1_292' title='bbox 809 4229 866 4267; x_wconf 89' lang='lat' dir='ltr'>non</span> <span class='ocrx_word' id='word_1_293' title='bbox 885 4213 972 4284; x_wconf 79' lang='lat' dir='ltr'>digna</span> <span class='ocrx_word' id='word_1_294' title='bbox 997 4217 1078 4275; x_wconf 85' lang='lat' dir='ltr'>sunt,</span> <span class='ocrx_word' id='word_1_295' title='bbox 1107 4230 1181 4281; x_wconf 85' lang='lat' dir='ltr'>quae</span> <span class='ocrx_word' id='word_1_296' title='bbox 1199 4216 1230 4268; x_wconf 91' lang='lat' dir='ltr'>in</span> <span class='ocrx_word' id='word_1_297' title='bbox 1248 4217 1302 4270; x_wconf 90' lang='lat' dir='ltr'>hoc</span> 
     </span>
     <span class='ocr_line' id='line_1_36' title="bbox 126 4300 1301 4376; baseline -0.004 -14"><span class='ocrx_word' id='word_1_298' title='bbox 126 4308 200 4363; x_wconf 89' lang='lat' dir='ltr'>libro</span> <span class='ocrx_word' id='word_1_299' title='bbox 211 4308 376 4363; x_wconf 84' lang='lat' dir='ltr'>refutentur.</span> <span class='ocrx_word' id='word_1_300' title='bbox 397 4306 440 4362; x_wconf 81' lang='lat' dir='ltr'>cf.</span> <span class='ocrx_word' id='word_1_301' title='bbox 450 4304 620 4376; x_wconf 80' lang='lat' dir='ltr'>Hilgenfeld,</span> <span class='ocrx_word' id='word_1_302' title='bbox 631 4304 787 4370; x_wconf 63' lang='lat' dir='ltr'>Zeitsctrffl</span> <span class='ocrx_word' id='word_1_303' title='bbox 796 4303 817 4370; x_wconf 83' lang='lat' dir='ltr'>f.</span> <span class='ocrx_word' id='word_1_304' title='bbox 829 4302 901 4355; x_wconf 75' lang='lat' dir='ltr'>roias.</span> <span class='ocrx_word' id='word_1_305' title='bbox 915 4301 1052 4370; x_wconf 76' lang='lat' dir='ltr'>llceolopie</span> <span class='ocrx_word' id='word_1_306' title='bbox 1063 4300 1130 4356; x_wconf 80' lang='lat'>1874</span> <span class='ocrx_word' id='word_1_307' title='bbox 1138 4319 1166 4369; x_wconf 88' lang='lat' dir='ltr'>p.</span> <span class='ocrx_word' id='word_1_308' title='bbox 1177 4302 1230 4357; x_wconf 80' lang='lat'>310</span> <span class='ocrx_word' id='word_1_309' title='bbox 1239 4320 1301 4370; x_wconf 88' lang='lat' dir='ltr'>sqq.</span> 
     </span>
    </p>
   </div>
   <div class='ocr_carea' id='block_1_7' title="bbox 0 0 1436 5018">
    <p class='ocr_par' dir='ltr' id='par_1_13' title="bbox 0 0 1436 5018">
     <span class='ocr_line' id='line_1_37' title="bbox 0 0 1436 5018; baseline 0 0"><span class='ocrx_word' id='word_1_310' title='bbox 0 0 1436 5018; x_wconf 95' lang='lat' dir='ltr'> </span> 
     </span>
    </p>
   </div>
  </div>
 </body>
</html>
