2834 5018
451 623 501 677 AD
523 624 603 678 COR.
623 622 669 687 XI,
691 623 814 686 7-Χ111,
838 627 860 679 1.
1177 631 1239 696 199

68 804 220 886 cipiemus
235 806 469 887 promissiones,
494 827 576 888 prcus
599 813 774 871 01013000
797 808 923 870 uindicet
937 827 997 870 nce
1018 809 1240 887 anelontem,

67 929 214 989 0000000
237 915 271 972 in
295 930 353 974 cor
374 913 518 975 totietate
540 932 605 975 non
628 914 856 975 asceteriorum.

151 1014 223 1078 XII.
247 1013 350 1098 Igitur
378 1015 412 1078 in
443 1015 536 1078 horas
566 1035 699 1098 regnum
722 1015 773 1078 dei
803 1018 1018 1098 exspectemus
1046 1015 1079 1078 in
1109 1015 1239 1079 caritate

65 1123 97 1182 et
119 1119 249 1195 iustitia,
275 1120 527 1203 quandoquidem
549 1119 704 1183 nescimus
727 1120 809 1184 diem
831 1121 984 1184 adventus
1000 1120 1057 1183 dei.
1089 1121 1119 1182 2.
1135 1119 1238 1182 lnter·

64 1228 196 1308 rogatus
219 1224 303 1287 enim
326 1247 345 1287 a
368 1224 505 1307 quodam
528 1224 597 1307 ipse
620 1224 778 1301 dominus,
814 1225 939 1306 quando
968 1228 1135 1289 venturum
1156 1228 1265 1288 esset⁶

64 1349 198 1411 regnum
220 1329 330 1412 ipsius,
355 1329 451 1392 dixit:
488 1330 566 1394 (100
589 1331 653 1392 duo
677 1337 774 1392 emant
795 1349 907 1407 urium,
930 1337 963 1393 et
985 1331 1072 1409 quod
1089 1332 1181 1408 forts
1202 1338 1240 1392 ut

67 1435 113 1511 id,
137 1436 226 1513 quod
246 1440 354 1513 intus,
385 1443 418 1497 el
440 1437 623 1498 audaculum
645 1454 718 1498 curn
737 1437 885 1513 faniau,
915 1454 1019 1514 neqrte
1041 1454 1113 1498 mas
1135 1453 1240 1514 nepotc

62 1539 204 1615 seiteina.
252 1540 281 1602 3.
307 1541 379 1602 Duo
403 1545 509 1601 autem
532 1545 605 1602 sunt
627 1559 746 1618 unum,
778 1539 902 1621 quando
934 1539 1014 1602 alter
1044 1539 1083 1602 ad
1106 1536 1240 1601 alterum

64 1640 233 1724 loquamur
256 1643 421 1706 veritatem
444 1644 530 1707 etin
553 1644 675 1707 duobus
700 1644 885 1727 corporibus
915 1643 1034 1707 sincere
1057 1647 1089 1706 et
1120 1643 1239 1725 absque

67 1746 271 1810 simulatione
301 1747 399 1811 fuerit
421 1771 485 1811 una
517 1749 630 1812 anima.
676 1750 706 1811 4.
730 1751 773 1812 El
795 1751 883 1829 qnod
907 1750 1000 1826 soris
1022 1756 1073 1811 est
1094 1756 1132 1811 ut
1154 1748 1242 1827 quod
1253 1763 1278 1801 1⁰

65 1856 168 1930 laetus,
191 1850 252 1915 hoc
268 1852 330 1916 ait:
355 1853 492 1916 animam
508 1857 600 1916 vocat
622 1855 710 1933 quod
722 1859 828 1931 efretum
850 1858 882 1916 et
898 1874 1011 1936 corpus
1035 1854 1123 1932 quod
1136 1853 1238 1929 soris.

65 1953 231 2030 Quomodo
253 1957 353 2042 igitur
376 1979 490 2041 corpus
512 1964 603 2021 tuum
625 1958 828 2040 conspicuum
850 1960 907 2032 est,
931 1957 977 2020 ita
999 1961 1031 2019 et
1053 1955 1158 2017 anima
1183 1958 1240 2017 tua

63 2060 236 2124 manifesta
258 2062 299 2124 sit
323 2056 355 2125 in
377 2063 469 2126 bonis
485 2063 643 2145 operibus.
690 2064 719 2125 5.
743 2065 786 2126 Ee
808 2065 989 2126 masnadam
1012 2080 1084 2123 cum
1097 2062 1239 2138 fenino,

65 2185 172 2245 neque
194 2186 267 2229 socc
289 2186 394 2247 neque
419 2170 561 2248 femina,
583 2167 644 2231 hoc
666 2168 755 2232 dicit:
791 2172 826 2230 ut
848 2167 948 2230 frater
968 2165 1076 2229 videns
1099 2183 1238 2227 sororem

60 2269 142 2332 nihil
174 2269 337 2336 muliebris
367 2273 405 2335 de
435 2294 472 2335 ea
503 2272 634 2356 cogitet,
665 2293 742 2336 neve
774 2293 862 2335 soror
891 2271 928 2334 de
951 2291 987 2334 eo
1017 2269 1134 2353 cogitet
1163 2266 1239 2350 quid
1253 2284 1278 2323 1³

62 2375 174 2437 virilis.
222 2376 251 2439 6.
276 2376 416 2452 Quodsi
440 2377 555 2450 facitis,
581 2378 665 2451 dicit,
689 2377 794 2441 veniet
816 2397 950 2460 regnum
970 2373 1071 2458 patris
1093 2372 1164 2436 mei.

151 2478 238 2542 XIII.
263 2479 329 2543 Iam
352 2481 469 2564 igitur,
494 2481 628 2558 fratres,
653 2482 879 2565 paenitentiam
902 2502 1047 2564 agamus
1071 2477 1238 2560 resipisca-

63 2605 135 2646 mus
158 2583 192 2646 in
214 2585 350 2658 bonum3
385 2586 472 2669 pleni
495 2586 578 2650 enim
607 2608 715 2650 sumus
737 2587 838 2650 multa
868 2585 1025 2649 dementia
1048 2588 1080 2647 et
1106 2579 1237 2645 malitia.

64 2686 299 2771 Abstergamus
323 2712 342 2752 a
363 2690 455 2753 nobis
478 2690 584 2772 priora
612 2695 743 2773 peccata
766 2695 858 2754 etex
881 2690 985 2753 animo
1013 2685 1239 2771 paenitentiam

136 2859 304 2921 11001·.2‚
324 2860 466 2913 9.-6‘.>

62 3013 97 3069 τὰ
116 3014 164 3070 δύο
183 3011 214 3069 ἓν
231 3015 302 3084 κτλ]
330 3014 400 3084 Eph.
419 3017 450 3077 2,
472 3016 517 3069 14:
545 3015 638 3072 ὁποι·
664 3019 767 3084 κτίσις,
794 3017 889 3084 καινὸς
915 3013 1083 3089 ἄνθρωπος,
1110 3010 1141 3079 ὃς
1164 3009 1240 3068 ἐστιν

61 3106 130 3172 icae
150 3101 183 3157 τὰ
201 3101 348 3174 ἀμφότερα
367 3099 403 3159 ἓν.
440 3103 472 3155 11
482 3103 561 3156 Actis
574 3101 638 3155 Phi·
665 3103 863 3178 ἀρσενόθηλυς.

61 3188 135 3257 lippi
154 3205 175 3242 c.
191 3188 225 3241 34
242 3188 296 3242 hoc
317 3188 432 3243 effatum
445 3188 560 3243 Domini
572 3188 638 3242 alle·
701 3190 724 3243 3.
743 3188 861 3262 ἑαυτοῖς]
874 3213 909 3239 =
922 3189 1049 3261 ἀλλήλοις
1067 3188 1101 3240 ct‘.
1121 3186 1133 3239 1
1152 3185 1239 3240 clem.

61 3279 160 3344 gatar:
191 3274 260 3331 Ἐὰν
285 3279 324 3346 μὴ
349 3279 481 3347 ποιήσητε
507 3273 586 3345 ὑμῶν
603 3275 639 3332 τὰ
666 3278 706 3340 14,
727 3281 752 3333 3.

65 3362 143 3417 κάτω
162 3361 201 3428 εἰς
219 3363 255 3419 τὰ
269 3357 328 3419 ἄνω
339 3366 385 3418 καὶ
402 3362 438 3419 τὰ
455 3361 587 3436 ἀριστερὰ
600 3362 639 3429 εἰς
700 3367 724 3420 5.
744 3365 786 3420 cf.
806 3366 819 3419 1
837 3365 898 3419 Cor.
918 3367 941 3427 7,
961 3364 1002 3418 29.
1023 3363 1083 3417 Gal.
1103 3360 1126 3423 3,
1146 3359 1188 3413 28.

62 3448 97 3504 τὰ
123 3449 215 3517 δεξιά,
243 3448 277 3507 οὐ
299 3455 337 3520 μὴ
363 3449 506 3520 εἰσέλθητε
532 3449 571 3517 εἰς
588 3454 639 3520 τὴν
699 3452 724 3505 6.
743 3450 836 3522 φησίν]
856 3451 873 3505 'a
893 3469 915 3505 e.
936 3450 1042 3505 dictum
1060 3446 1131 3500 illud
1157 3447 1192 3514 (v.
1212 3446 1235 3499 2.

61 3539 204 3608 βασιλείαν
221 3557 277 3605 μου
286 3538 371 3601 (Acta
384 3540 473 3605 apost.
487 3552 580 3604 apocr.
595 3536 637 3589 ed.
665 3539 692 3607 3)
712 3537 860 3607 significat.
897 3537 1003 3591 Auctor
1013 3535 1101 3604 igitur
1117 3549 1174 3586 non
1188 3530 1237 3584 ali-

62 3622 254 3676 Tischendorf
271 3623 337 3677 1851
367 3641 394 3691 p.
412 3623 465 3692 90).
503 3623 639 3677 Similiter
666 3643 713 3678 um
726 3619 1237 3691 locumlaudatsedprolatuminter·

61 3710 204 3764 Ps.·Linus
232 3710 261 3762 in
289 3709 423 3777 Martyrio
449 3710 527 3764 Petri
546 3728 567 3763 c.
588 3711 637 3763 14:
665 3711 800 3780 pretatur.
838 3710 879 3765 cf.
899 3711 980 3764 Bana
1002 3711 1041 3769 10,
1061 3710 1077 3763 3
1095 3723 1156 3774 sqq.

63 3797 145 3851 Unde
159 3797 296 3851 Dominus
314 3799 343 3850 in
362 3798 495 3865 mysterio
515 3798 638 3851 dixerat:
700 3797 773 3859 XIII,
794 3800 815 3853 1.
835 3793 894 3866 οὖν]
913 3796 1063 3865 Lightlcot
1085 3791 1237 3855 contendit,

61 3884 167 3938 Sinon
187 3885 312 3938 feceritis
339 3884 484 3938 dexteram
511 3885 585 3937 sicut
602 3884 638 3937 ei·
664 3885 738 3938 hano
749 3884 918 3953 particulam
930 3885 997 3952 post
1009 3881 1168 3936 vocativum
1181 3895 1238 3931 non

61 3971 182 4025 nistram
194 3976 223 4026 et
242 3972 386 4025 sinistram
396 3972 469 4026 sicut
486 3971 637 4034 dexteram,
665 3989 748 4039 posse
760 3971 883 4034 tolerari,
902 3985 1021 4037 eamque
1032 3984 1082 4037 pei·
1093 3964 1239 4019 librarium

62 4064 92 4113 et
112 4076 184 4125 quae
204 4076 314 4112 sursum
333 4063 398 4113 sunt
417 4058 490 4112 sicut
509 4058 639 4113 deorsum
665 4057 862 4128 neglegentem
889 4058 952 4111 voci
977 4076 1033 4125 μου
1057 4052 1240 4107 substitutam

61 4151 91 4199 et
111 4162 183 4212 quae
203 4148 269 4198 ante
287 4144 361 4198 sicut
382 4162 453 4211 quae
472 4148 561 4209 retro,
580 4161 638 4198 non
665 4144 754 4198 fuisse
776 4144 886 4199 conicit.
924 4144 979 4198 Sed
994 4139 1134 4211 particula
1151 4138 1182 4192 in
1194 4155 1238 4192 eo-

60 4234 239 4304 cognoscetis
251 4250 369 4301 regnum
384 4231 436 4286 Dei
449 4233 534 4299 (Acta
547 4235 637 4300 apost.
665 4232 729 4285 dem
748 4231 810 4286 loco
835 4232 940 4300 legItur
962 4231 1022 4300 Igu.
1040 4226 1150 4282 Philad.
1170 4227 1194 4285 2,
1215 4224 1237 4278 l.

61 4338 154 4391 apocr.
176 4321 238 4374 edd.
252 4320 364 4389 Lipsius
384 4324 412 4373 st
425 4320 535 4374 Bonnet
550 4319 570 4384 I,
585 4321 637 4387 17).
665 4318 706 4373 cf.
735 4319 856 4373 Testem
885 4317 936 4370 XII
963 4314 1112 4386 patriarch.
1142 4312 1237 4374 11‚4;

59 4407 232 4478 Hippolytus
245 4408 349 4461 Philos.
363 4408 396 4470 V,
416 4409 431 4460 7
452 4407 493 4461 ed.
507 4406 638 4460 Dunclrer
664 4406 709 4470 VI,
728 4407 752 4460 6.
771 4406 803 4468 8;
822 4404 854 4468 X,
874 4406 906 4467 3;
930 4403 976 4468 XI,
998 4407 1036 4459 11.
1058 4404 1097 4458 17.
1119 4400 1159 4454 18.
1179 4398 1237 4461 XII,

59 4514 88 4565 p.
110 4495 167 4556 138,
187 4495 234 4549 59:
264 4492 347 4559 ὅπου,
372 4497 469 4565 φησίν,
494 4493 545 4551 οὐκ
563 4489 639 4550 ἔστιν
664 4494 688 4546 3.
698 4494 722 4547 8.
736 4492 768 4548 10
786 4493 843 4561 (καὶ
860 4486 1099 4562 inficetissime
1117 4488 1192 4558 μου).
1203 4518 1239 4527 -

59 4581 127 4641 οὔτε
153 4589 226 4652 θῆλυ
252 4579 316 4639 οὔτε
343 4577 445 4655 ἄρσεν,
473 4578 543 4637 ἀλλὰ
559 4585 638 4651 κοινὴ
663 4583 880 4651 μετανοήσωμεν
907 4609 942 4621 -
972 4575 1168 4652 ἁμαρτήματα]
1196 4575 1238 4631 cf.
