2834 5018
135 315 169 381 Π
576 309 858 367 PROLEGOMENA.

134 491 308 575 ponendus,
336 490 392 554 sed
413 489 509 553 etiam
530 489 713 572 probandus
736 511 804 553 esse
827 489 958 553 videtur.
1004 488 1118 574 Itaque
1141 498 1315 576 apparatus

135 597 263 661 criticus
286 595 387 659 textui
409 593 573 658 subicitur.
618 593 670 659 Ne
693 597 799 658 autem
821 594 899 657 fines
922 593 1017 659 huius
1039 596 1186 660 editionis
1208 601 1314 661 trans-

135 701 269 788 grediar,
293 700 327 763 in
341 698 573 783 orthographia
595 697 733 762 codicem
755 697 965 783 principalem
984 721 1118 782 sequens
1132 723 1196 765 non
1211 701 1314 766 refero

135 806 173 870 de
195 825 212 867 ν
236 801 465 885 ἐφελκυστικῷ,
498 803 536 867 de
559 821 578 862 σ
600 803 633 866 in
655 802 809 866 vocabulo
832 802 928 863 οὕτω·
945 804 1092 887 apposito
1114 804 1165 868 vel
1187 806 1313 884 omisso,

135 912 173 976 de
197 908 479 975 assimilationibns
500 907 534 971 in
560 906 720 971 codicibus
746 908 970 973 recentioribus
992 909 1119 974 usitatis
1148 907 1313 991 (ἐνκὺπτω,

135 1010 292 1096 ἐγκύπτω)
317 1017 349 1077 01
371 1011 443 1076 aliis
457 1010 551 1074 rebus
567 1009 730 1087 eiusmodi,
753 1033 855 1095 neque
871 1011 909 1075 de
924 1012 1009 1076 vitiis
1024 1013 1200 1097 scripturae
1214 1015 1314 1079 mani·

135 1119 234 1195 festis,
259 1139 298 1182 ex
319 1116 463 1181 itacismo
486 1114 536 1178 vel
556 1114 594 1179 de
610 1114 813 1199 neglegentia
834 1116 885 1180 vel
901 1117 939 1181 de
955 1117 1026 1181 aliis
1042 1118 1144 1182 causis
1159 1119 1314 1184 similibus

134 1225 260 1289 exortis.
285 1221 452 1286 Praeterea
467 1219 562 1283 etiam
576 1242 801 1304 nonnunquam
811 1221 979 1285 verborum
995 1222 1184 1306 positionem
1195 1224 1316 1288 variam

135 1328 282 1414 neglego.
327 1325 492 1390 Lectiones
523 1327 664 1388 veterum
686 1324 903 1407 interpretum,
935 1327 1064 1391 testium
1086 1328 1241 1391 secundae
1264 1327 1315 1392 rel

135 1433 249 1498 tertiae
281 1431 400 1507 elassis,
434 1450 515 1514 quae
544 1450 615 1493 cum
644 1428 833 1494 lectionibus
865 1430 1008 1495 codicum
1029 1452 1216 1517 graecorum
1239 1454 1315 1497 cou-

135 1537 284 1613 sentiunt,
316 1536 363 1600 ita
392 1538 427 1598 ut
456 1533 592 1597 breviter
620 1533 725 1596 notari
746 1535 886 1618 possint,
919 1534 970 1598 vel
993 1558 1073 1617 quae
1095 1537 1223 1601 maioris
1245 1559 1314 1602 mo·

136 1641 234 1707 menti
263 1662 330 1704 esse
359 1639 513 1715 videntur,
547 1639 707 1714 exscrib03
742 1638 881 1723 reliquas
908 1662 996 1717 vero,
1031 1663 1111 1725 quae
1133 1642 1316 1706 innumerae

137 1747 264 1832 quidem
293 1750 376 1823 sunt,
407 1746 448 1808 ad
475 1748 599 1808 textum
621 1744 875 1809 constituendum
907 1750 1013 1809 autem
1035 1745 1116 1809 nihil
1139 1746 1315 1824 conferunt,

136 1852 257 1916 omitto.

223 1955 297 2020 Loci
318 1955 428 2020 biblici
450 1956 483 2018 in
506 1954 608 2019 altera
628 1956 749 2039 pagina
772 1953 988 2018 subversione
1011 1954 1112 2018 latina
1126 1953 1315 2031 indicantur,

136 2060 239 2124 lineae
260 2080 334 2123 vero
357 2080 419 2124 non
435 2061 608 2124 secundum
623 2060 806 2136 versionem,
827 2060 882 2122 sed
898 2059 1069 2123 secundum
1083 2062 1205 2123 textum
1222 2079 1316 2142 grae-

138 2186 210 2228 cum
233 2163 446 2247 designantur.

226 2267 381 2332 Auctores
403 2266 509 2332 locum
532 2267 669 2350 aliquem
692 2266 857 2331 laudantes
874 2265 965 2330 initio
988 2266 1205 2330 commentarii
1229 2288 1317 2330 com-

137 2376 358 2436 memorantur.
404 2370 479 2435 1101
499 2372 727 2447 exscribuntur,
751 2355 797 2434 ita
819 2376 925 2435 autem
941 2371 981 2435 ad
996 2370 1123 2455 singula
1138 2371 1245 2454 capita
1266 2369 1318 2434 rel

138 2475 280 2560 singulos
303 2497 411 2539 versus
432 2480 603 2559 ponuntur,
627 2480 663 2539 ut
679 2475 773 2540 facile
789 2496 972 2560 cognoscas,
997 2480 1151 2560 quantum
1167 2474 1316 2559 allegent.

137 2580 284 2663 Exempli
316 2581 420 2664 gratia
452 2579 547 2644 Barn.
572 2582 606 2658 4,
635 2582 673 2644 11
704 2581 832 2665 scripsi:
868 2580 963 2645 Clem.
992 2580 1044 2644 Al.
1073 2579 1188 2644 Strom.
1217 2577 1258 2655 ΙΙ,
1287 2580 1316 2656 7,

137 2687 179 2750 35
202 2709 233 2770 p.
257 2686 335 2761 447,
368 2685 387 2749 1.
406 2707 432 2749 0.
457 2683 601 2749 Clemens
623 2684 858 2749 Alexandrinus
881 2684 902 2748 1.
920 2707 946 2748 0.
972 2705 1097 2747 versum
1120 2687 1224 2747 totum
1245 2683 1317 2746 lau-

138 2793 206 2863 dat3
239 2791 268 2867 2,
286 2790 388 2853 2-3:
413 2786 509 2852 Clem.
535 2788 587 2853 Al.
613 2788 727 2853 Strom.
752 2788 792 2865 Π,
817 2789 846 2864 6,
864 2790 904 2851 31
928 2810 960 2871 p.
977 2788 1051 2864 445,
1083 2786 1104 2848 i.
1121 2808 1147 2849 e.
1173 2785 1318 2850 Clemens

138 2895 196 2959 hos
218 2896 297 2959 duos
320 2915 427 2958 versus
450 2893 586 2978 allegat3
612 2893 639 2970 1,
658 2895 693 2957 5:
718 2891 813 2957 Clem.
832 2891 884 2955 Al.
902 2890 1017 2956 Strom.
1041 2889 1082 2967 ΙΙ,
1099 2892 1129 2967 6,
1146 2891 1186 2954 31
1204 2914 1235 2974 p.
1252 2890 1317 2954 445

139 2995 207 3083 (ἀφ’
230 2994 266 3059 οὑ
288 2994 371 3080 κτλ)
396 3000 427 3060 01
451 2998 480 3073 5,
498 2997 534 3060 9:
565 2996 653 3080 Orig.
679 2996 711 3059 C.
738 2994 864 3060 Celsum
887 2994 910 3072 1,
934 2996 976 3059 63
999 2992 1054 3076 (-
1078 2990 1317 3073 ἀνομωτὲρους),

138 3104 158 3168 i.
183 3125 208 3167 e.
233 3102 288 3166 ille
309 3122 418 3165 versus
440 3101 557 3164 citatur
577 3099 650 3163 inde
674 3121 692 3162 a
715 3098 818 3162 verbis
841 3095 896 3177 ἀφ’
921 3093 967 3174 οὗ,
999 3098 1052 3162 hic
1074 3119 1175 3181 usque
1198 3099 1239 3161 ad
1259 3119 1317 3161 ro·

141 3228 209 3271 cem
231 3201 454 3285 ἀνομωτὲρους.

225 3308 412 3374 Doctrinam
443 3309 669 3393 apostolorum,
704 3307 869 3371 Pastorem
899 3305 1036 3370 Hermae
1068 3310 1100 3369 et
1128 3304 1319 3388 particulam

139 3415 295 3499 epistulae
318 3414 485 3478 Barnabae
508 3434 619 3498 graece
641 3433 743 3496 nuper
765 3411 921 3475 detectam
945 3410 1053 3491 (1-5‚
1076 3407 1107 3489 7)
1131 3430 1191 3493 ego
1213 3410 1247 3472 in
1270 3409 1318 3471 la·

138 3519 239 3583 tinam
261 3517 404 3601 linguam
427 3518 576 3582 transtuli
598 3516 793 3580 versionibus
816 3515 928 3579 harum
943 3514 1074 3578 duarum
1090 3513 1318 3596 scripturarum

140 3623 297 3688 veteribus
314 3621 474 3686 adhibitis.
499 3622 686 3686 Versionem
701 3619 927 3702 scripturarum
942 3618 1137 3702 reliquarum
1153 3639 1191 3681 ex
1207 3617 1318 3680 editio·

139 3727 231 3791 nibus
252 3725 411 3809 prioribus
434 3726 541 3809 recepi
562 3729 658 3806 atque
678 3723 799 3805 passim
821 3722 950 3785 correxi.

227 3830 409 3894 Editionem
425 3828 556 3893 Patrum
579 3827 825 3910 apostolicorum
847 3825 1023 3908 principem
1045 3823 1074 3887 J.
1099 3823 1136 3888 Β.
1156 3822 1319 3888 001010-

140 3935 228 3999 rius
259 3933 381 3997 duobus
404 3934 498 3997 tomis
525 3956 554 3997 a.
579 3932 663 3995 1672
688 3929 816 3993 Parisiis
839 3929 978 3992 instituit
1000 3932 1032 3991 et
1054 3929 1231 4013 inscripsit:
1263 3928 1319 3993 SS.

140 4039 272 4103 Petrum
303 4039 358 4121 qui
386 4036 583 4121 temporibus
612 4032 794 4118 apostolicis
822 4031 1004 4107 floruerunt,
1035 4030 1212 4108 Barnabae,
1247 4032 1320 4096 Cle·

140 4143 264 4220 mentis,
293 4142 441 4218 Hermae,
473 4139 600 4225 Ignatii,
633 4136 801 4219 Polycarpi
824 4156 920 4218 opera
942 4156 1017 4197 vera
1040 4139 1073 4197 et
1095 4137 1320 4218 suppositicia;

139 4269 203 4311 una
233 4269 305 4311 cum
333 4245 511 4321 Clementis,
542 4242 670 4329 Ignatii,
700 4239 867 4322 Polycarpi
897 4237 988 4302 Actis
1019 4240 1113 4320 atque
1145 4239 1321 4322 Martyriis.
