2834 5018
318 533 513 590 nocturna
530 533 724 590 uuonaciu
742 534 1021 592 asosuoconuu.
1215 542 1262 607 XI

81 712 254 796 profectam
281 713 503 796 exscripsisse,
534 717 695 778 auctorem
718 714 889 779 Doctrinae
918 715 1036 780 eisdem
1059 737 1261 801 nequaquam

82 816 240 880 faventem
268 817 463 902 scripturam
492 817 577 901 apud
598 817 686 902 ipsos
707 819 872 902 vulgatam
894 818 960 884 fere
982 824 1084 885 totam
1105 821 1261 905 recepisse

81 925 111 984 et
131 920 290 1005 apostolis
313 921 517 1005 adscripsisse
529 923 552 984 ¹.

165 1025 247 1090 Pars
270 1027 447 1110 scripturae
476 1027 564 1110 prior
593 1049 659 1092 non
680 1026 784 1091 solum
804 1026 993 1105 Christiano,
1018 1028 1073 1092 sed
1096 1029 1192 1094 etiam
1214 1029 1261 1093 ei-

80 1131 149 1195 dem
178 1132 304 1196 auctori
334 1130 537 1195 attribuenda
568 1136 630 1207 est,
666 1133 721 1215 qui
751 1132 885 1196 alteram
916 1137 1041 1217 partem
1075 1133 1260 1217 composuit.

80 1234 306 1301 Stichometria
327 1235 503 1320 Nicephori
535 1237 662 1320 quidem
691 1236 781 1301 illam
803 1241 927 1321 partem
950 1236 1104 1320 respicere
1126 1236 1260 1314 videtur,

81 1341 119 1404 ad
147 1363 247 1424 quam
277 1339 381 1405 solam
409 1362 558 1405 numerus
582 1341 786 1406 ducentorum
808 1341 983 1405 stichorum
1006 1341 1149 1425 quadrat,
1182 1363 1261 1426 quos

80 1445 253 1511 Doctrinae
277 1446 434 1532 adsignat.
467 1447 611 1511 Eandem
633 1451 757 1531 partem
771 1446 959 1531 praesertim
975 1443 1171 1510 Athanasius
1187 1449 1261 1509 ante
1312 1460 1315 1464 ’

81 1550 188 1615 oculos
209 1550 335 1629 habuit,
360 1551 548 1616 Doctrinam
569 1551 652 1615 inter
674 1550 774 1616 libros
795 1573 854 1634 pro
870 1551 1103 1615 catechumenis
1118 1551 1261 1615 erudien-

81 1656 126 1719 dis
148 1655 313 1720 adhibitos
329 1677 524 1720 enumerans.
557 1654 712 1721 Nonnulli
738 1660 882 1720 auctores
903 1655 1030 1719 nonnisi
1054 1678 1093 1720 ex
1115 1677 1153 1720 ea
1174 1654 1261 1719 locos

80 1759 255 1843 proferunt.
302 1758 372 1824 Alii
393 1782 468 1825 vero
491 1762 587 1825 etiam
611 1760 744 1825 alteram
766 1765 890 1845 partem
912 1766 1098 1845 agnoscunt.
1137 1759 1261 1824 Barna·

80 1865 136 1928 bas
167 1868 298 1947 praeter
326 1866 432 1949 capita
453 1864 545 1929 1-v
575 1866 673 1930 verba
694 1865 866 1931 Doctrinae
900 1864 949 1942 16,
970 1866 1056 1929 2-3
1079 1864 1260 1948 exscripsit3

82 1965 226 2032 Clemens
249 1971 283 2031 et
306 1968 460 2052 Origenes
483 1975 609 2055 praeter
631 1970 717 2035 locos
741 1971 862 2055 priores
878 1967 1070 2053 particulam
1092 1968 1159 2047 9,2
1184 1990 1262 2053 cog-

80 2073 180 2136 nitam
202 2072 401 2151 habuerunt,
434 2074 703 2141 Ps.·Athanasius
731 2075 781 2139 De
803 2074 986 2159 virginitate
1009 2073 1039 2149 9,
1061 2074 1156 2147 3-4,
1189 2071 1260 2136 Pa.-

82 2176 257 2261 Cyprianus
284 2178 334 2253 14,
352 2180 388 2255 2;
421 2185 533 2245 auctor
563 2180 637 2244 libri
658 2179 722 2244 VII
745 2179 1014 2245 Constitutionum
1045 2177 1262 2261 apostolorum

84 2283 272 2367 scripturam
301 2286 403 2348 totam
431 2285 649 2368 transscripsit
678 2289 710 2349 et
738 2283 903 2368 explicuit3
936 2288 969 2348 et
990 2283 1025 2347 hi
1046 2286 1144 2346 testes
1165 2280 1262 2366 longe

82 2389 243 2472 graviores
275 2393 350 2452 sunt
378 2411 474 2474 quam
504 2389 562 2467 illi,
596 2411 668 2454 cum
699 2393 808 2453 auctor
835 2389 994 2473 scriptura
1013 2387 1065 2451 rel
1088 2387 1261 2469 scripturae

81 2498 171 2576 parte
193 2513 260 2556 non
282 2497 376 2557 utens
399 2515 433 2557 se
456 2515 527 2558 eam
549 2514 613 2558 non
627 2492 776 2557 habuisse
799 2493 850 2557 vel
864 2514 935 2557 eam
948 2493 1089 2556 nondum
1104 2490 1261 2555 exstitisse

81 2598 209 2661 minime
232 2597 297 2660 iam
319 2597 441 2680 probet
480 2597 614 2681 insuper
646 2596 957 2661 animadvertendum
984 2599 1040 2671 est,
1074 2599 1197 2678 partem
1219 2595 1261 2659 il·

81 2701 144 2766 lam
176 2700 272 2765 facile
303 2723 322 2764 a
350 2700 460 2765 libello
490 2702 631 2785 separari
662 2707 757 2786 atque
789 2700 891 2765 solam
918 2699 1087 2765 transcribi
1109 2700 1259 2784 potuisse.

83 2805 168 2882 Quae
201 2827 275 2870 cum
306 2805 352 2869 ita
374 2805 453 2882 sint,
487 2806 643 2890 expositio
675 2805 808 2869 duarum
829 2806 952 2869 viarum
974 2826 1038 2868 non
1061 2803 1116 2868 alii
1138 2803 1262 2867 auctori

81 2909 255 2974 christiano
278 2910 486 2974 adiudicanda
508 2906 579 2973 est'
605 2932 642 2975 ac
663 2933 738 2994 pars
759 2909 862 2974 libelli
884 2909 1015 2992 rehqua.

168 3012 206 3077 Id
235 3012 340 3077 solum
369 3013 540 3097 quaeritur,
573 3035 649 3077 num
675 3012 833 3097 particula
858 3014 886 3089 1,
903 3013 1034 3088 3-2,1
1060 3012 1198 3076 auctoris
1220 3011 1262 3075 sit

82 3138 123 3179 an
145 3138 165 3179 a
186 3115 364 3199 posteriore
379 3116 506 3180 inserta.
552 3115 650 3180 Deest
672 3117 756 3180 enim
778 3117 812 3181 in
827 3115 1008 3182 (lenonibus
1031 3115 1260 3193 ecclesiasticis,

83 3221 137 3303 qui
158 3220 223 3284 illis
247 3220 390 3285 versibus
413 3219 553 3303 exceptis
575 3220 804 3303 expositionem
826 3222 895 3286 viae
918 3222 1002 3286 vitae
1022 3220 1088 3285 fere
1102 3220 1262 3304 integram

83 3325 227 3402 reddunt,
251 3328 284 3388 et
307 3327 341 3389 in
355 3325 500 3389 versione
522 3323 637 3400 latina3
661 3324 857 3389 desideratur
878 3326 912 3389 in
927 3324 1094 3390 Barnabas
1113 3324 1260 3408 epistula,

85 3430 168 3513 apud
200 3430 357 3494 abbatem'
375 3428 525 3507 Schnudi,
557 3430 591 3492 in
614 3428 820 3514 syntagmate
850 3431 1010 3495 doctrinae
1040 3452 1078 3495 ac
1100 3428 1178 3494 Fide
1200 3428 1261 3493 Ni·

84 3555 189 3598 caena.
236 3533 329 3600 Unde
358 3537 501 3617 apparet,
531 3555 641 3597 versus
664 3533 741 3598 olim
763 3534 796 3598 in
818 3533 927 3598 multis
950 3534 1183 3618 exemplaribus
1206 3533 1261 3597 de·

85 3639 189 3715 fuisse,
214 3636 362 3702 etmulti
384 3659 438 3701 eos
460 3636 669 3721 interpolatos
692 3659 760 3702 esse
784 3637 946 3722 colligtmt.
980 3636 1059 3702 Cum
1074 3642 1171 3702 testes
1186 3659 1261 3720 par·

83 3742 214 3807 ticnlam
240 3742 424 3806 omittentes
444 3742 631 3825 praesertim
654 3741 808 3826 Aegyptii
830 3743 903 3818 sint,
928 3741 1084 3807 Warfield
1106 3742 1202 3807 etiam
1225 3742 1263 3805 de

84 3847 263 3912 recensione
293 3845 396 3910 libelli
428 3846 616 3931 aegyptiaca
648 3850 680 3909 et
714 3846 838 3929 syriaca
871 3844 1022 3929 loquitur.
1077 3845 1159 3910 Mihi
1189 3867 1261 3909 sen·

83 3952 182 4015 tentia
204 3950 369 4015 nonsatis
391 3950 483 4013 firma
505 3971 573 4014 esse
594 3949 727 4014 videtur.
773 3949 925 4014 Rationes
948 3974 1027 4035 quas
1050 3951 1158 4014 dicunt
1179 3949 1261 4013 inte·

84 4057 189 4133 riores,
214 4055 320 4121 verbis
343 4055 409 4132 2,1
434 4059 518 4120 recte
533 4055 714 4131 intellectis,
737 4053 912 4137 particulae
927 4075 991 4118 non
1006 4055 1145 4130 obstant,
1167 4059 1261 4138 atque

154 4227 277 4287 ll‘unk
298 4225 619 4296 Kircbeaqescta'cbtlicbe
627 4222 988 4293 Abbcadlcapeall(1899)‚
1005 4224 1157 4286 137-141;
1179 4225 1260 4278 Dico

86 4315 134 4385 loo.
155 4311 669 4385 Qascnalscbrs'ft1887p.281—289

152 4404 169 4457 2
187 4401 232 4455 Ita
251 4400 397 4463 Warfield,
415 4400 594 4456 Bibliotheca
612 4415 693 4453 sacra
712 4397 779 4451 1886
798 4396 1178 4466 p.100-161;Jocmalof
1192 4397 1258 4450 Bib-

86 4488 145 4543 aas
163 4489 323 4544 Dtsrature
340 4489 400 4543 and
417 4489 550 4558 Exspecta
571 4486 639 4542 1886
657 4505 683 4556 p.
704 4485 738 4540 86
757 4503 797 4554 sq.
