2834 5018
552 310 741 376 QUADRATI
758 309 1015 367 FRAGMENTUM

379 905 702 991 QUADRA'PI
740 905 1187 978 FRAGMENTUM.

286 1114 442 1198 Τραϊανοῦ
465 1114 500 1176 δὲ
523 1111 573 1194 ἐφ’
596 1112 680 1187 όλοις
702 1114 802 1176 ἔτεσιν
825 1114 922 1176 εἰκοσι
952 1114 1007 1195 τὴν
1031 1113 1130 1195 ἀρχὴν
1153 1114 1249 1197 μησίν
1273 1113 1307 1191 ἓξ
1329 1112 1376 1178 δέ·

201 1241 269 1283 ουσι
292 1217 516 1301 κρατήσαντος,
536 1215 642 1292 Αἴλιος
659 1216 818 1299 Ἀδριανός
834 1215 1009 1300 διαδέχεται
1032 1219 1087 1299 τὴν
1102 1215 1284 1301 ἡγεμονίαν.
1308 1218 1377 1283 τοὺ·

196 1345 241 1408 τῳ
264 1322 424 1406 Κοδράτος
447 1321 541 1406 λόγον
563 1321 788 1405 προςιρωνήσας
804 1321 1000 1400 ἀναδίδωσιν,
1024 1321 1198 1405 ἀπολογίαν
1221 1322 1376 1400 συντάξας

170 1427 273 1508 αὑπὲρ
296 1437 350 1511 τῆς
372 1425 452 1493 καθ’
474 1425 555 1510 ἡμᾶς
578 1425 771 1512 θεοσεβείας,
795 1429 841 1490 ότι
864 1427 902 1509 δὴ
924 1425 1054 1510 πονηροί
1075 1447 1154 1502 τινες
1179 1427 1291 1510 ἄνδρες
1305 1431 1376 1504 τοὺς

196 1529 362 1615 ἡμετέρους
386 1529 524 1613 ἐνοχλεῖν
554 1530 730 1613 ἐπειρῶντο.
776 1530 864 1607 είςὲτι
889 1532 923 1593 δὲ
946 1530 1071 1613 φέρεται
1102 1519 1189 1613 παρὰ
1218 1531 1376 1608 πλείστοις

195 1644 257 1699 τῶν
280 1635 442 1718 ἀδελφῶν,
466 1636 545 1717 ἀτάρ
567 1636 621 1697 καί
644 1635 716 1717 παρ’
739 1632 870 1717 ἡμῖντὸ
893 1635 1097 1719 σύγγραμμα,
1122 1633 1154 1712 ἐξ
1178 1633 1215 1698 οό
1238 1637 1375 1700 κατιδεῖν

195 1740 260 1803 ἔστι
282 1740 410 1823 λαμπρά
438 1739 589 1823 τεκμήρια
611 1749 665 1823 τῆς
688 1748 799 1802 τετοῦ
822 1741 933 1823 ἀνδρός
960 1739 1110 1817 διανοίας,
1142 1740 1196 1801 καί
1219 1750 1278 1824 τῆς
1300 1742 1375 1805 ἀπο

195 1843 340 1929 στολικής
363 1844 562 1927 όρθοτομίας.
608 1849 636 1910 2.
662 1843 731 1907 ὁδ’
754 1846 846 1921 αὐτός
869 1848 924 1928 τὴν
946 1844 1025 1911 καθ’
1047 1843 1157 1908 ἑαυτόν
1182 1846 1375 1932 ἀρχαιότητα

156 1965 181 2002 1⁰
195 1949 392 2032 παραραίνει,
415 1948 456 2013 δι’
478 1947 521 2013 ὧν
545 1949 659 2031 ἱστορεῖ
672 1959 771 2012 ταῦτα
795 1949 883 2025 ἰδίαις
900 1959 1036 2033 φωναῖς·

328 2053 413 2133 ,Τοῦ
436 2054 470 2117 δὲ
494 2063 632 2137 σωτῆρος
654 2051 743 2136 ἡμῶν
758 2055 797 2115 τά
821 2053 897 2137 ἔργα
919 2054 967 2116 ἀεί
988 2063 1100 2136 παρῆν,
1124 2051 1236 2137 ἀληθῆ
1252 2055 1315 2138 γὰρ
1330 2051 1375 2139 ἦν,

282 2159 310 2222 οί
326 2157 589 2241 θεραπευθέντες,
614 2157 642 2220 οἱ
665 2158 855 2233 ἀναστάντες
879 2158 916 2221 ἐκ
931 2168 1059 2239 νεκρῶν,
1083 2157 1113 2220 οἳ
1135 2158 1195 2220 οὐκ
1217 2158 1375 2242 ὤφθησαν

282 2262 376 2344 μόνον
392 2261 638 2344 θεραπευόμενοι
661 2264 715 2325 καί
738 2263 947 2346 ἀνιστάμενοι,
971 2262 1123 2325 ἀλλὰκαὶ
1146 2262 1195 2325 ἀεί
1213 2262 1374 2347 παρόντες,

282 2367 355 2429 οὐδὲ
377 2365 597 2451 ἐπιδημοῦντος
621 2366 714 2449 μόνον
737 2377 792 2430 τοῦ
816 2377 965 2451 σωτῆρος,
989 2365 1073 2429 ἀλλὰ
1095 2368 1148 2429 καί
1172 2367 1374 2452 ἀπαλλαγέν-

282 2491 334 2544 τος
356 2468 435 2554 ἠσαν
465 2467 514 2532 ἐπί
542 2470 654 2553 χρόνον
686 2471 808 2551 ἱκανόν,
842 2473 922 2536 ὥστε
944 2473 997 2534 καί
1030 2472 1073 2547 εἰς
1101 2474 1174 2545 τοὺς
1206 2470 1375 2556 ἡμετέρους

281 2575 412 2658 χρόνους
441 2576 520 2651 τινὲς
552 2577 655 2639 αὐτῶν
678 2576 860 2659 ἀφίκοντο“.

800 2679 911 2751 [Ευοείκ
931 2680 966 2734 Η.
985 2680 1015 2735 Ε.
1035 2679 1080 2744 IV,
1100 2682 1116 2735 3
1134 2680 1177 2733 ed.
1196 2678 1375 2747 Heinieheu]

233 2801 255 2853 1.
274 2798 320 2872 ἐφ’
338 2797 414 2867 όλοις
433 2797 523 2859 ἔτεσιν
540 2802 610 2873 κτλ]
629 2803 647 2855 i.
663 2819 685 2857 e.
702 2804 773 2870 ο27,
799 2820 884 2870 eque
896 2805 991 2858 sutem
1004 2803 1034 2858 id
1046 2804 1136 2857 solum
1150 2806 1287 2857 accurate
1302 2801 1375 2857 colli·

197 2887 243 2941 die
261 2889 364 2942 mensis
383 2888 512 2944 anuarii
530 2907 553 2944 s
569 2890 611 2954 98,
632 2908 688 2959 quo
707 2892 774 2946 Ner·
798 2891 920 2959 gendum
933 2893 1002 2954 erat,
1017 2890 1191 2956 Quadratum
1204 2890 1375 2960 scripturum

195 2993 232 3029 ve
249 2979 377 3031 mortuus
397 2983 453 3042 est,
479 2995 568 3045 usque
588 2977 625 3031 ad
644 2980 667 3031 7.
686 2976 731 3030 vel
750 2978 773 3031 8.
798 2978 834 3031 ud
846 2978 1047 3047 imperatorem
1060 2976 1198 3031 direxisse
1217 2977 1304 3044 eique
1316 2994 1374 3046 por·

195 3064 270 3117 diem
279 3065 401 3135 Augusti
412 3083 436 3118 a.
449 3069 505 3128 117,
516 3083 572 3133 quo
579 3064 718 3118 Traianus
729 3064 773 3117 de·
797 3065 888 3136 rigere
906 3065 1046 3128 voluisse,
1072 3080 1165 3130 neque
1183 3080 1272 3127 vero,
1293 3064 1374 3132 scrip

195 3151 309 3204 functus
327 3153 377 3206 est.
396 3182 432 3193 -
449 3152 623 3220 ἀναδίδωσιν]
636 3150 774 3205 Eusebius
796 3156 890 3206 turum
917 3152 1046 3221 profecto
1074 3151 1100 3204 si
1127 3150 1257 3206 oblatum
1283 3150 1375 3205 fuisse.

194 3237 249 3292 hoe
258 3238 334 3292 haud
345 3239 430 3293 dubie
440 3255 473 3291 ex
483 3237 784 3326 apologiepersperit,¹
798 3239 867 3293 Cum
887 3239 1046 3303 Quadratus
1071 3238 1101 3291 in
1119 3238 1189 3291 Asis
1212 3238 1321 3293 vixisse
1338 3238 1375 3291 iu-
