2834 5018
142 280 319 351 XXXVIII
586 276 866 337 Pnoaaaonnna

142 457 179 524 G.
212 456 392 540 Lumper¹,
432 454 468 520 F.
501 455 784 536 Windischmanl,
824 459 848 523 1.
881 458 922 524 A.
955 456 1125 535 Mohler³,
1166 457 1191 520 Ι.
1225 455 1324 520 Fess-

140 562 228 639 ler‘,
265 562 326 627 Ad.
352 559 580 645 Hilgenfeld⁶,
614 559 794 640 Gundert⁸,
826 560 991 646 Lipsius⁷,
1025 562 1050 627 l.
1078 562 1116 626 Β.
1141 561 1324 646 Lightfoot,

141 667 326 731 Donsldson
337 664 360 743 ⁸,
384 665 445 729 Ph.
469 665 656 749 Bryennins,
679 664 740 730 Ad.
765 665 924 746 Hamack,
948 666 989 733 A.
1006 666 1137 744 Brull⁹,
1162 664 1201 730 (1.
1220 664 1324 730 Gour-

140 771 203 837 tois
213 769 251 835 ¹⁰.
297 768 384 835 Nnm
413 790 486 833 vero
518 768 654 852 epistula
676 769 857 835 Domitiano
888 793 929 836 an
950 771 1057 836 Nerva
1077 770 1251 854 imperinm
1274 775 1325 833 te·

142 882 236 943 nente
260 878 380 960 scripta
401 876 452 952 sit,
477 875 698 940 difficillimum
720 885 768 939 est
794 875 973 954 diiudicata,
1002 875 1112 941 etalii
1139 875 1229 940 alind
1257 881 1325 940 sta-

140 986 237 1046 tuere.
273 980 356 1045 Mihi
370 979 556 1045 Domitiano
578 979 733 1044 exstincto
749 978 894 1063 confecta
908 1001 975 1045 esse
991 980 1122 1044 videtur.
1151 979 1325 1064 Epistulae

143 1085 307 1150 exordium
329 1085 438 1168 potius
461 1085 499 1148 de
519 1083 736 1167 persecutione
758 1083 849 1147 linita
871 1106 966 1168 quam
987 1084 1024 1149 de
1041 1083 1149 1168 aliquo
1166 1085 1325 1166 temporis

141 1194 301 1253 momento
330 1188 580 1272 intellegendum
611 1191 667 1263 est,
700 1208 762 1271 quo
784 1187 956 1270 imperator
982 1187 1038 1252 ille
1060 1188 1227 1252 infideles
1251 1210 1324 1251 sae-

83 1344 88 1354 .
140 1292 207 1356 vire
230 1292 331 1369 desiit,
362 1296 394 1356 et
416 1312 535 1376 preces,
567 1312 647 1373 quae
678 1291 736 1355 sub
758 1290 853 1354 finem
876 1291 1030 1374 epistulae
1053 1293 1094 1356 ad
1115 1292 1224 1356 Deum
1245 1293 1324 1356 mit-

142 1400 263 1471 tuntur,
288 1395 464 1479 principem
487 1393 673 1458 Christianis
694 1393 882 1459 benevolum
904 1396 1052 1478 produnt.

230 1498 425 1563 Sententiam
447 1499 546 1575 illam,
571 1497 740 1581 epistulam
761 1496 849 1562 brevi
870 1504 944 1582 post
962 1499 1099 1564 Neronia
1122 1501 1325 1585 persecutio-

141 1624 215 1669 nem
238 1608 399 1667 exaratam
421 1624 499 1679 esse,
523 1601 713 1666 Wieseler¹¹
740 1601 841 1666 adhuc
862 1604 1041 1686 nuperrime
1064 1604 1216 1683 defendit,
1246 1627 1325 1669 con-

141 1709 282 1785 tendens,
307 1708 403 1783 locos,
430 1707 485 1790 qui
504 1707 659 1791 originem
682 1705 829 1770 seriorem
844 1707 1022 1789 proderent,
1047 1730 1118 1772 eam
1132 1730 1245 1773 revera
1261 1730 1326 1773 non

140 1812 294 1896 probare;
328 1833 437 1876 vocem
459 1810 588 1890 ἀρχαῖος
611 1808 675 1893 legi
696 1809 792 1873 etiam
814 1809 886 1873 Act.
906 1811 956 1887 15,
974 1810 992 1873 7
1018 1810 1071 1891 (cf.
1097 1812 1181 1876 Phil.
1207 1812 1324 1893 4,15),

140 1916 196 1980 ubi
220 1916 257 1979 de
280 1916 384 1999 spatio
410 1914 562 1998 temporis
585 1913 705 1976 minore
728 1916 892 1996 ageretur3
922 1915 974 1993 44,
997 1915 1017 1978 3
1041 1920 1073 1979 et
1096 1916 1148 1992 63,
1171 1917 1192 1980 3
1225 1917 1327 1981 etiam

143 2023 216 2084 ante
231 2018 485 2102 Hierosolymam
508 2017 644 2081 deletam
663 2015 758 2080 scribi
778 2018 936 2099 potuisse;
959 2020 1222 2101 persecutionem,
1248 2026 1327 2105 post

144 2148 239 2209 quam
263 2125 401 2209 epistula
427 2124 516 2189 brevi
539 2123 683 2187 coniecta
705 2125 762 2197 est,
792 2142 856 2184 non
877 2143 971 2205 posse
992 2143 1056 2186 non
1080 2144 1147 2187 ease
1170 2147 1325 2208 persecu·

142 2228 261 2292 tionem
285 2226 515 2300 Neronianam3
540 2248 621 2306 quae
644 2226 727 2289 enim
751 2227 814 2302 l,l
840 2225 925 2289 dicta
946 2230 1060 2303 essent,
1084 2227 1188 2311 magis
1213 2230 1255 2293 ad
1279 2230 1322 2293 il-

143 2331 208 2395 lam
232 2331 386 2414 quadrare
416 2351 511 2413 quam
534 2329 574 2391 ad
596 2327 818 2405 Domitianam,
843 2333 875 2392 et
897 2334 1067 2405 auctorem,
1092 2331 1217 2415 sipost
1241 2333 1328 2397 hanc

143 2435 332 2519 scripsisset,
356 2438 441 2497 certe
464 2432 587 2516 aliquot
608 2440 762 2514 martyres
784 2431 1019 2497 nominatarum
1040 2433 1149 2511 fuisse,
1175 2437 1231 2518 qui
1247 2441 1328 2501 tunc

142 2539 294 2623 temporis
324 2539 411 2622 passi
433 2542 546 2601 essent.
593 2534 721 2619 Optime
744 2558 819 2600 sane
842 2537 880 2600 de
904 2537 963 2601 hac
986 2560 1019 2602 re
1036 2538 1221 2622 disputavit.
1263 2540 1326 2605 Ni-

143 2643 316 2708 hilominus
340 2646 447 2706 autem
470 2641 511 2705 ad
533 2640 600 2704 eius
623 2639 810 2703 sententiam
833 2641 979 2705 accedere
1000 2663 1065 2705 non
1080 2664 1222 2726 possum.
1255 2644 1327 2709 Ne·

147 2769 308 2833 quaquam
330 2746 414 2810 enim
436 2744 530 2828 plura
553 2744 590 2806 de
611 2743 829 2825 persecutione
843 2741 1019 2807 Domitiani
1041 2745 1173 2810 dicenda
1195 2747 1248 2811 vel
1264 2748 1327 2812 ali·

145 2856 223 2937 quot
245 2851 332 2916 illius
354 2848 508 2932 temporis
531 2850 685 2929 martyres
707 2847 889 2910 nominandi
911 2852 1009 2912 erant.
1044 2848 1211 2933 Perpanca
1227 2853 1327 2918 etiam

143 2958 182 3021 de
204 2954 422 3040 persecutione
445 2950 582 3016 Neronis
612 2948 707 3034 longe
730 2950 846 3013 maiore
877 2949 960 3014 dicta
992 2956 1084 3016 etex
1107 2959 1328 3023 multilatdine

143 3066 271 3141 inpendi
283 3057 371 3142 (Tac.
387 3055 502 3120 Annal.
516 3053 587 3132 XV,
601 3052 665 3132 44),
680 3074 759 3135 quae
775 3054 815 3117 ab
830 3052 886 3116 illo
901 3053 1090 3136 imperatore
1105 3060 1203 3123 morti
1218 3063 1326 3126 trade-

142 3167 247 3242 batur,
278 3162 393 3227 Petrus
416 3164 448 3225 et
470 3159 589 3223 Paulus
617 3160 742 3222 tantum
763 3157 951 3221 nominatim
974 3163 1215 3227 commemorati
1238 3171 1324 3230 sunt.

117 3378 122 3387 ·
215 3353 229 3406 1
249 3349 377 3404 Historia
394 3344 671 3416 theologico-critica
688 3344 740 3397 etc.
763 3343 866 3403 17831,
887 3344 926 3396 17.

213 3438 230 3491 2
248 3434 396 3490 Vindiciae
414 3431 545 3486 Petrinae
566 3430 633 3485 1836
651 3447 678 3497 p.
698 3430 732 3482 54
750 3444 790 3494 sq.

214 3525 230 3578 8
249 3523 403 3591 Penelope
422 3519 489 3575 1840
507 3535 536 3587 p.
555 3518 589 3570 57
609 3533 669 3583 sqq.
707 3514 785 3583 Opus
803 3515 992 3582 posthumum.

212 3609 444 3665 4Inst1tuti0nes
462 3604 643 3674 Patrologiae
663 3604 729 3657 1850
747 3602 767 3665 Ι,
788 3601 837 3656 160
856 3618 896 3668 sq.

213 3700 230 3751 5
249 3698 303 3751 Dia
319 3695 515 3765 apostolssctea
539 3693 621 3747 ther
640 3691 707 3746 1853
726 3708 753 3758 p.
773 3691 807 3744 74
825 3705 885 3756 sqq.

214 3784 231 3837 6
247 3783 405 3847 Zeitactrift
417 3782 472 3849 [ἂν
488 3782 531 3834 dic
546 3797 573 3850 9.
592 3778 751 3832 lutheriscdc
772 3776 910 3844 monac
929 3777 996 3832 1858
1013 3795 1041 3846 p.
1060 3779 1113 3833 642
1132 3798 1195 3849 sqq.

215 3873 230 3926 7
248 3872 290 3926 De
308 3869 461 3925 Clementis
474 3869 554 3922 Rom.
574 3867 655 3935 epist.
669 3866 705 3918 ad
718 3866 779 3918 Gor.
792 3863 886 3931 priore
899 3862 1059 3929 disquisitio
1074 3867 1141 3920 1855
1153 3885 1181 3936 p.
1198 3871 1249 3924 136
1263 3887 1326 3939 sqq,

213 3960 230 4014 8
253 3959 307 4013 The
323 3959 418 4028 Aport.
438 3956 554 4010 Fatlsers
573 3954 640 4008 1874
657 3969 684 4020 p.
706 3951 755 4003 130
773 3965 814 4015 sq.

213 4046 231 4099 9
253 4046 315 4099 Tan
339 4045 364 4098 T
363 4044 463 4113 teolop.
483 4039 694 4112 vartalactrsft
714 4037 780 4092 1875
797 4052 825 4103 p.
844 4035 895 4088 252
914 4052 974 4103 sqq.

199 4133 232 4187 10
250 4131 368 4199 L'dpitra
384 4131 416 4185 de
434 4130 552 4185 cresenc
569 4126 602 4180 de
619 4125 704 4179 Rome
723 4122 798 4178 1894.

200 4223 230 4275 11
249 4219 416 4275 aurosam
429 4218 484 4285 fitr
501 4214 623 4270 deutscte
643 4211 782 4279 Theolops'e
802 4207 867 4263 1877
887 4226 913 4276 p.
933 4208 1080 4263 883-394.
