2834 5018
491 682 812 739 maumrssroa.
1082 687 1246 755 cmm

78 881 132 942 qne
144 864 308 925 auctorem
320 863 467 945 produnt.
499 860 667 927 Contendit
679 861 804 943 quidem
816 859 1021 947 champagny
1036 863 1056 941 ¹,
1070 864 1243 941 Pastorem,

75 986 161 1048 quem
182 988 270 1030 nunc
301 966 470 1042 habemus,
501 989 538 1031 ex
561 968 682 1032 duobus
712 967 803 1031 libris
835 972 993 1044 constare,
1025 969 1079 1052 qui
1102 969 1182 1033 alter
1204 970 1244 1033 ab

75 1069 168 1134 altero
188 1070 286 1135 valde
302 1070 464 1135 differrent
481 1077 512 1135 et
527 1093 662 1155 quorum
676 1071 806 1154 primus,
832 1093 873 1135 sc.
891 1071 1046 1149 Visiones,
1070 1074 1111 1136 ab
1127 1073 1245 1136 Herma

72 1174 253 1257 apostolico,
280 1174 370 1250 alter,
395 1197 437 1239 sc.
461 1175 614 1240 Mandata
637 1179 669 1239 et
681 1175 917 1252 Similitudines,
941 1179 982 1242 ab
1004 1177 1124 1241 Herma
1146 1177 1244 1241 fratre

72 1277 118 1341 Pii
140 1279 285 1362 episcopi
308 1280 470 1344 confectus
495 1286 586 1345 esset.
634 1280 787 1345 Similiter
807 1281 831 1344 I.
848 1278 1072 1346 Hanssleiter²
1095 1282 1244 1346 librume

71 1382 191 1446 duabus
215 1383 383 1466 scripturis
406 1385 616 1467 compositum
638 1386 735 1448 fuisse
759 1385 888 1462 censuit,
912 1386 1025 1450 harum
1039 1391 1164 1471 tempus
1188 1408 1243 1449 au·

71 1491 131 1550 tem
156 1487 251 1552 aliter
273 1489 428 1565 definivit;
452 1490 591 1573 priorem
613 1489 802 1572 scripturam
824 1490 907 1554 enim
930 1490 996 1554 Vis.
1014 1491 1045 1555 V
1058 1527 1098 1535 —
1111 1489 1187 1555 Sim.
1205 1488 1243 1566 X,

70 1591 277 1675 posteriorem
300 1592 366 1656 Vis.
384 1592 491 1658 l—lV
513 1593 699 1669 declaravit,
733 1599 765 1657 et
794 1594 884 1657 illam
907 1618 926 1658 a
948 1596 1046 1659 fratre
1069 1594 1120 1659 Pii
1148 1593 1245 1678 paulo

71 1704 143 1762 ante
167 1721 286 1763 annum
312 1701 388 1777 150,
419 1701 502 1765 hanc
531 1700 657 1765 saeculo
679 1698 712 1762 ΙΙ
742 1704 875 1762 exeunte
898 1723 917 1762 a
938 1700 1005 1762 viro
1032 1699 1143 1783 ignoto
1172 1703 1245 1762 tan·

72 1825 165 1885 quam
190 1802 230 1865 ab
254 1802 374 1868 Herma
397 1805 572 1888 apostolico
596 1807 759 1868 exaratum
782 1824 849 1866 esse
872 1803 1004 1886 putavit.
1051 1801 1091 1866 A.
1108 1802 1245 1886 Hilgen-

71 1905 159 1970 feld³
185 1905 283 1969 etiam
304 1910 369 1969 tres
400 1908 573 1991 scripturas
596 1908 628 1970 in
650 1907 731 1971 libro
763 1906 982 1970 discernendas
1005 1927 1073 1970 esse
1101 1907 1244 1970 animad-

69 2016 190 2074 vertere
206 2010 267 2074 sibi
282 2011 369 2075 visus
384 2015 442 2087 est,
456 2011 609 2076 Hermam
623 2011 816 2096 pastoralem
832 2033 888 2075 seu
899 2011 967 2074 Vis.
984 2010 1015 2074 V
1027 2047 1068 2054 —
1082 2010 1157 2075 Sim.
1172 2010 1244 2087 VII,

70 2115 222 2179 Hermam
257 2114 513 2199 apocalypticum
545 2137 599 2179 seu
621 2114 688 2179 Vis.
713 2115 827 2193 I—IV,
850 2114 1003 2179 Hermam
1025 2116 1246 2178 secundarium

70 2219 145 2285 Sim.
162 2218 327 2294 VIII-X,
350 2219 417 2284 Vis.
443 2220 480 2297 V,
504 2221 523 2283 5
554 2224 586 2284 et
607 2243 710 2304 pauca
738 2220 801 2285 alia
830 2219 1100 2303 complectentem,
1124 2226 1156 2284 et
1177 2219 1244 2304 pri-

69 2347 152 2387 mam
175 2322 367 2406 scripturam
396 2329 469 2387 ante
493 2323 621 2387 Traiani
650 2325 785 2387 edictum
814 2323 853 2387 ad
877 2321 1070 2388 Christianos
1098 2329 1245 2408 spectans

69 2428 119 2492 rel
143 2432 217 2491 ante
241 2449 268 2490 a.
296 2429 368 2503 112,
392 2449 493 2511 neque
516 2449 589 2491 vero
618 2432 690 2492 ante
713 2449 812 2491 annos
835 2427 1010 2493 Domitiani
1032 2429 1170 2506 ultimos,
1195 2450 1246 2493 se·

71 2532 207 2596 cundum
223 2531 388 2596 Hadriano
410 2532 587 2615 imperante
603 2530 800 2614 (117-138)
819 2532 1003 2608 confectam,
1026 2533 1154 2597 tertiam
1170 2534 1245 2596 dua·

70 2637 130 2700 bus
152 2636 312 2719 prioribus
334 2658 354 2698 a
376 2636 475 2699 fratre
497 2634 549 2699 Pii
572 2632 770 2717 (llo-154)
801 2635 980 2699 adiunctam
1003 2641 1034 2699 et
1056 2636 1171 2700 librum
1194 2640 1245 2700 to·

71 2746 138 2806 tum
153 2742 189 2805 in
212 2741 349 2805 formam
364 2741 515 2804 traditam
539 2741 700 2804 redactum
723 2761 791 2803 esse
808 2739 937 2803 censuit.
984 2739 1164 2805 Sententiae
1180 2741 1246 2804 fere

70 2845 190 2910 nemini
214 2844 419 2929 placuerunt3
449 2845 625 2909 accuratius
649 2866 701 2908 eas
728 2845 946 2908 refutavenmt
967 2844 1006 2908 A.
1029 2843 1130 2908 Link⁴
1154 2849 1186 2908 et
1209 2843 1244 2908 P.

74 2949 342 3033 Baumgartner⁶.

160 3053 240 3118 Cum
256 3052 291 3117 P.
309 3052 542 3137 Baumg'artner
564 3056 667 3116 totum
683 3051 809 3129 librum,
834 3057 964 3135 excepta
979 3051 1190 3116 Similitudine
1205 3052 1245 3129 X,

74 3183 168 3245 quam
192 3160 233 3224 ab
258 3158 321 3223 alio
351 3159 531 3223 adiunctam
560 3158 659 3221 fuisse
681 3160 789 3240 putat,
820 3156 913 3219 unius
936 3157 1071 3219 auctoris
1100 3177 1168 3219 esse
1191 3157 1245 3219 de·

73 3268 280 3339 monstraret,
310 3262 410 3327 altera
433 3284 473 3326 ex
493 3266 584 3346 parte
608 3260 741 3335 censuit,
774 3264 932 3324 auctorem
954 3281 1017 3324 non
1040 3260 1078 3323 ab
1100 3258 1192 3322 initio
1214 3260 1247 3323 id

73 3368 186 3451 egisse,
211 3372 248 3431 ut
262 3390 360 3431 unum
381 3366 499 3430 librum
515 3367 726 3450 componeret,
751 3362 895 3427 Visiones
908 3362 1013 3427 I-IV
1035 3369 1067 3429 et
1080 3363 1148 3429 Vis.
1161 3363 1192 3427 V
1204 3399 1247 3409 —

74 3471 147 3536 Sim.
165 3471 212 3536 IX
235 3471 337 3554 primo
360 3472 437 3535 duas
454 3470 626 3554 scripturas
650 3471 813 3552 separatas
828 3467 925 3532 fuisse
948 3474 980 3532 et
1001 3473 1113 3552 postea
1134 3471 1168 3534 in
1183 3492 1246 3534 uno

75 3577 235 3641 volumine
266 3576 461 3659 conscriptas
490 3575 523 3638 in
553 3597 648 3638 unam
677 3573 842 3639 coaluisse.
888 3572 1059 3657 Vestigiis,
1093 3597 1172 3659 quae
1195 3575 1246 3638 in·

75 3703 200 3765 gressus
225 3686 282 3755 est,
305 3679 477 3744 Harnack⁶
500 3681 616 3744 institit
631 3684 664 3743 et
686 3679 863 3743 accuratius
880 3678 1092 3743 demonstrare
1116 3684 1246 3742 consuis

76 3789 130 3857 est,
153 3784 274 3847 librum
296 3783 470 3848 successive
492 3783 552 3846 hoc
574 3783 668 3847 modo
691 3788 835 3847 exortum
851 3804 936 3847 esse:
960 3786 1120 3846 auctorem
1142 3783 1246 3865 primo

76 3887 217 3952 Visionis
239 3886 271 3951 Π
293 3908 448 3952 summam
472 3886 644 3970 scripsisse,
669 3886 779 3949 deinde
803 3887 1013 3970 composuisse
1037 3884 1103 3948 Vis.
1128 3884 1245 3965 I—HI,

143 4115 156 4165 l
177 4109 232 4162 Les
249 4108 385 4163 Amnius
400 4126 453 4178 pur
471 4109 495 4162 le
515 4109 554 4163 Ore
578 4109 610 4163 de
622 4108 805 4178 Glmmpapny.
834 4107 948 4161 Parisiis
964 4107 1030 4161 1863
1042 4106 1063 4170 Ι,
1084 4106 1134 4159 184
1147 4107 1203 4159 not.
1222 4110 1245 4161 l.

75 4195 107 4259 ll,
125 4197 178 4250 347
197 4198 255 4249 not.
275 4197 299 4249 3.

142 4284 159 4337 2
178 4281 220 4335 Dc
238 4281 413 4337 versionibus
430 4282 555 4337 Pastoris
574 4281 695 4337 Hermae
712 4282 809 4336 latinis
830 4280 904 4336 1884.

142 4372 160 4425 8
179 4369 302 4423 Hermae
319 4371 422 4425 Pastor
440 4371 482 4424 ed.
501 4369 528 4422 II
547 4369 611 4425 1881
633 4388 659 4440 p.
679 4367 877 4422 XXI-XXIX.

141 4459 161 4511 4
179 4457 234 4511 Die
251 4457 362 4512 Einheit
381 4457 425 4511 des
443 4457 543 4511 Pastor
560 4456 679 4513 Hermae
698 4455 772 4511 1888.

143 4545 161 4599 5
178 4544 235 4598 Dic
252 4544 363 4599 Einlrdt
380 4543 425 4598 dos
442 4543 661 4600 Hermos-Buchs
681 4541 754 4596 1889.

142 4632 161 4687 8
181 4631 334 4686 wasta
350 4631 398 4685 der
415 4630 557 4686 ΝΜ.
575 4630 727 4687 Ructatur
744 4628 778 4692 11,
797 4627 817 4690 Ι,
837 4626 983 4682 260-268.
