2834 5018
1193 728 1256 793 531

79 898 198 975 Ieiuno,
221 899 361 983 inquam,
386 899 519 963 dominc.
566 898 722 963 Ieiunium
745 904 861 977 sutem,
885 900 998 985 inquit,
1024 901 1163 985 quidest
1185 901 1255 979 hoc,

77 1004 163 1087 quod
193 1004 364 1069 ieiunatis?
398 1003 486 1070 Sicut
518 1004 676 1082 solebam,
710 1005 859 1089 inquam,
896 1003 1037 1081 domine,
1073 1005 1119 1069 sic
1139 1005 1254 1069 ieiuno.

76 1110 106 1172 3.
131 1107 288 1184 Nescitis,
320 1108 438 1192 inquit,
468 1108 608 1173 ieiunare
639 1110 784 1188 dominc,
818 1131 919 1195 neque
946 1109 1096 1174 ieiunium
1126 1114 1176 1174 est
1196 1109 1257 1174 hoc

77 1212 200 1288 inutile,
226 1214 309 1296 quod
331 1213 479 1278 ieiunatis
502 1214 540 1277 ci.
588 1213 708 1291 Quare,
732 1213 878 1298 inquam,
903 1214 1044 1292 domine,
1068 1214 1130 1279 hoc
1152 1214 1256 1279 dicis?

77 1316 159 1381 Dico
182 1317 251 1394 tibi,
275 1318 387 1401 inquit,
411 1318 471 1383 hoc
493 1339 556 1382 non
577 1339 645 1383 esse
667 1318 827 1396 ieiunium,
853 1318 938 1402 quod
960 1339 1016 1382 vos
1038 1318 1159 1402 putatis
1174 1318 1278 1381 isin-s

76 1441 170 1497 nare,
202 1422 257 1485 sed
285 1444 344 1507 ego
366 1428 398 1487 te
422 1422 557 1499 docebo,
591 1423 666 1507 quid
689 1424 732 1488 sit
753 1423 905 1488 ieiunium
935 1422 1064 1507 plenum
1087 1426 1119 1486 et
1142 1443 1255 1506 accep·

77 1531 147 1590 tum
170 1526 305 1590 domino.
352 1525 446 1604 Audi,
462 1528 574 1612 inquit.
600 1529 629 1591 4.
656 1527 743 1593 Deus
767 1550 830 1593 non
844 1528 914 1593 vult
936 1526 1090 1591 eiusmodi
1103 1525 1256 1590 ieiunium

75 1630 186 1705 inane;
220 1631 265 1694 sic
295 1632 378 1696 enim
406 1632 550 1696 ieiunans
580 1632 638 1696 dec
667 1632 747 1696 nihil
777 1632 917 1716 operaris
946 1631 1095 1696 iustitiae.
1147 1628 1257 1695 Ieiuna

76 1739 184 1799 autem
206 1735 265 1799 deo
287 1735 439 1800 ieiunium
460 1736 660 1800 huiusmodiz
684 1738 712 1800 5.
736 1736 817 1800 nihil
843 1736 920 1802 mali
947 1758 1026 1819 agas
1048 1736 1082 1800 in
1112 1735 1179 1799 vita
1200 1740 1257 1799 tua

78 1843 110 1903 et
132 1840 215 1903 servi
237 1839 364 1904 domino
379 1840 413 1903 in
435 1840 552 1904 mundo
568 1839 676 1914 corde;
700 1860 799 1904 cerva
822 1847 894 1905 etus
908 1843 1067 1905 mandatu
1090 1839 1256 1904 ambulans
1270 1861 1296 1900 n

75 1943 110 2007 in
124 1945 304 2029 praeceptis
327 1944 393 2008 eius
409 1948 441 2008 et
462 1944 552 2008 nulla
567 1944 823 2028 concupiscentia
844 1944 930 2010 mala
945 1944 1093 2009 ascendat
1113 1944 1147 2008 in
1163 1944 1256 2008 corde

76 2052 149 2124 tu03
184 2048 275 2112 crede
298 2054 403 2113 autem
428 2049 503 2128 deo,
528 2049 629 2132 quod,
660 2049 687 2112 si
709 2047 788 2112 haec
820 2047 932 2112 feceris
956 2053 988 2113 et
1010 2069 1082 2112 eum
1112 2048 1256 2112 timueris

78 2153 331 2237 abstinuerisque
354 2155 394 2218 ab
417 2155 502 2218 omni
524 2153 609 2218 malo
631 2153 770 2238 negotio,
793 2151 879 2217 vives
903 2153 980 2228 de03
1004 2157 1035 2217 et
1058 2153 1086 2216 si
1107 2151 1186 2217 haec
1205 2152 1254 2216 fe-

77 2257 166 2333 ceris,
190 2278 340 2342 magnum
363 2258 460 2323 facies
482 2259 635 2323 ieiunium
657 2262 884 2342 acceptumque
906 2258 974 2321 dec.

166 2565 202 2634 2.
228 2568 313 2635 Audi
335 2571 581 2647 similitudinem,
607 2593 702 2655 quam
716 2571 777 2635 tibi
801 2571 944 2634 dicturus
958 2592 1037 2648 sum,
1061 2574 1256 2655 spectantem
1270 2592 1296 2630 ιι

77 2675 118 2738 ad
140 2674 300 2738 ieiunium.
347 2678 376 2739 2.
402 2675 537 2752 Quidam
559 2675 674 2740 habuit
696 2696 810 2760 agrum
840 2696 1008 2760 servosque
1031 2674 1147 2739 multos
1170 2679 1203 2740 et
1222 2675 1257 2739 in

76 2781 168 2862 parte
192 2778 300 2864 aliqua
330 2781 401 2864 agri
423 2780 582 2863 plantavit
610 2780 716 2844 vitem.
763 2780 809 2845 Et
832 2781 930 2865 elegit
952 2802 1077 2844 servum
1100 2780 1257 2865 quendam

76 2883 201 2946 fidelem
224 2888 256 2947 et
279 2889 444 2969 acceptum
466 2884 666 2962 honoratum,
692 2885 857 2949 advocavit
880 2907 951 2949 eum
975 2890 1007 2949 et
1029 2886 1105 2949 dicit
1120 2886 1165 2949 ei:
1189 2883 1255 2949 Ac·

76 2988 146 3071 cipe
168 2988 251 3051 hanc
272 2989 415 3065 vineam,
447 3011 542 3072 quam
564 2989 722 3072 plantavi,
748 2994 780 3052 et
803 2990 934 3073 obsaepi
957 3011 1035 3066 eam,
1058 3011 1158 3073 usque
1181 2989 1256 3054 dum

76 3091 216 3170 veniam,
251 3097 284 3157 et
306 3093 391 3158 aliud
420 3115 460 3158 ne
490 3093 590 3158 facias
620 3094 749 3167 vineae;
783 3096 815 3156 et
843 3093 905 3157 hoc
936 3094 1120 3157 mandatum
1149 3115 1255 3158 meum
1269 3115 1295 3154 so

76 3196 217 3272 custodi,
250 3201 282 3261 et
304 3196 385 3262 liber
413 3199 475 3263 eris
498 3198 583 3282 apud
611 3218 671 3261 me.
716 3197 760 3261 Et
782 3216 915 3280 peregre
937 3198 1099 3280 profectus
1126 3203 1175 3262 est
1197 3198 1253 3262 do·

77 3300 181 3364 minus
203 3301 293 3364 servi.
340 3303 369 3366 3.
394 3299 474 3366 Cum
497 3306 603 3366 autem
626 3300 789 3385 profectus
813 3304 907 3376 esset,
931 3322 1039 3365 servus
1063 3302 1184 3386 accepit
1205 3302 1253 3365 vi·

77 3426 170 3469 neam
195 3409 226 3468 et
257 3406 427 3490 obsaepsit.
474 3406 517 3470 Et
550 3427 621 3470 cum
651 3426 777 3489 saepem
799 3405 910 3469 vineae
941 3406 1143 3489 perfecisset,
1174 3407 1255 3472 vidit

75 3510 201 3574 vineam
222 3531 290 3574 esse
313 3511 441 3594 plenam
471 3510 586 3576 herbis.
633 3511 663 3574 4.
687 3510 799 3593 Itaque
822 3530 929 3573 secum
957 3511 1109 3595 cogitavit
1132 3511 1252 3575 dicens:

76 3614 148 3678 Hoc
169 3616 354 3679 mandatum
377 3615 494 3679 domini
516 3615 655 3700 perfeci3
690 3616 809 3679 fodiam
840 3616 987 3700 deinceps
1015 3617 1138 3680 vineam
1160 3614 1252 3693 hanc,
1267 3635 1293 3673 2⁶

76 3724 109 3783 et
132 3719 191 3782 erit
213 3719 389 3798 formosior,
414 3742 485 3785 cum
507 3720 604 3784 fuerit
626 3720 722 3796 fossa,
746 3724 778 3784 et
800 3719 915 3784 herbas
936 3741 1001 3783 non
1023 3720 1143 3784 habens
1167 3720 1255 3784 dabit

77 3822 217 3887 fructum
240 3824 457 3907 copiosiorem,
482 3826 522 3889 ab
544 3824 652 3889 herbis
673 3845 737 3888 non
759 3824 922 3888 suffocata.
969 3823 1103 3909 Accepit
1125 3829 1156 3889 et
1172 3824 1254 3889 fodit

148 3985 179 4039 10
199 3986 299 4041 Matth.
321 3987 360 4051 19,
382 3988 421 4042 17.

74 4165 140 4202 men
158 4151 285 4206 dationis
309 4151 433 4205 nondum
457 4149 586 4203 omnibus
603 4166 651 4203 no·
678 4150 702 4210 5,
724 4152 736 4203 1
757 4164 835 4215 sqq.;
855 4147 906 4201 Ier.
924 4149 948 4209 2,
968 4149 1016 4211 21;
1035 4147 1135 4202 Matth.
1150 4150 1190 4213 21,
1204 4148 1252 4212 33;

74 4240 137 4291 tum
156 4237 250 4302 fuisse,
269 4238 422 4307 praecipue
441 4235 556 4291 Graecis
570 4235 650 4302 (Har-
678 4236 718 4298 25,
740 4235 773 4290 14
791 4251 867 4301 sqq.;
886 4234 971 4287 Marc.
988 4236 1069 4298 12,1;
1087 4234 1153 4287 Luc.
1166 4235 1207 4299 20,
1221 4236 1252 4299 9;

74 4322 167 4391 nack).
679 4323 719 4384 19,
739 4323 772 4375 12
790 4339 850 4389 sqq.
878 4321 909 4374 In
928 4320 986 4376 ab
1014 4322 1113 4375 auctor
1139 4323 1253 4377 exhibet

109 4411 134 4463 4.
156 4410 197 4464 01.
216 4411 298 4464 Bam.
318 4412 342 4472 3,
363 4411 385 4463 1.
405 4412 435 4470 2;
454 4408 555 4478 llpiph.
569 4409 602 4463 Η.
616 4410 650 4463 33
677 4408 894 4478 explicationem
906 4407 1099 4463 similitudinis
1108 4409 1251 4474 moralem,

75 4515 97 4550 c.
116 4499 140 4559 5,
161 4496 208 4550 ubi
227 4497 405 4551 Ptolemaeus
425 4494 545 4549 similem
565 4494 599 4548 de
612 4495 650 4548 ie·
676 4495 706 4548 in
724 4512 747 4548 c.
767 4496 834 4549 5-7
853 4495 1010 4563 mysticam.

74 4584 153 4639 iunio
173 4583 343 4638 sententiam
362 4582 479 4652 exponit
496 4581 602 4636 Florae.
712 4584 736 4637 2.
755 4582 828 4655 eddo.
847 4578 969 4652 ἔντιμον]
990 4581 1030 4637 01.
1044 4582 1144 4636 Matth.
1162 4584 1187 4645 3,
1202 4584 1250 4647 17;

110 4672 137 4727 2.
157 4670 199 4726 01
219 4670 256 4724 ad
274 4671 347 4724 hanc
365 4668 577 4724 similitudinem
598 4668 650 4724 los.
675 4668 780 4724 lPetr.
801 4670 863 4735 2,ss
883 4670 907 4725 d.
926 4700 962 4709 —
979 4667 1138 4744 ἐλεύθερος]
1157 4668 1250 4724 Domi·

975 4760 1046 4826 bh*
