2834 5018
182 320 246 386 472
615 312 769 369 Ηιτιωιωτ
786 311 930 368 PASTOR

182 491 283 570 λεσεν,
316 491 417 575 μηθὲν
445 490 629 573 διακρίνων,
662 489 718 554 τίνι
741 489 829 572 δῷῆ
860 491 901 573 μὴ
925 489 980 571 δῷ.
1026 487 1157 572 ἐγένετο
1184 487 1248 554 σύν
1271 489 1295 574 ἡ
1318 490 1382 554 δια-

181 596 272 661 κονία
295 600 373 682 αύτη
397 596 504 671 ἁπλῶς
528 594 716 661 τελεσθεῖσα
739 592 862 671 ἔνδοξος
890 595 975 676 παρὰ
998 601 1042 676 τῷ
1066 596 1152 677 θεῷ.
1207 593 1227 656 ὁ
1253 591 1314 658 οὖν
1336 597 1383 658 ού

181 723 242 777 τως
277 700 385 776 ἁπλῶς
418 701 571 764 διακονῶν
603 706 647 782 τῷ
681 701 749 782 θεῷ
783 698 920 783 ζήσεται.
978 702 1007 764 7.
1040 696 1197 780 φύλασσε
1235 696 1296 763 σύν
1332 703 1383 782 τἠν

183 805 310 889 ἐντολὴν
333 805 464 890 ταύτην,
497 805 539 880 ὥς
562 825 610 868 σοι
634 802 815 887 λελάληκα,
848 805 899 867 ίνα
920 802 940 886 ἡ
964 803 1116 887 μετοίνοιοί
1148 825 1216 867 σου
1249 807 1382 868 καὶτοῦ

156 912 269 975 τοίκου
300 931 355 974 σου
386 909 418 973 ἐν
450 907 600 993 ἁπλότητι
630 908 747 991 εύρεθη
777 907 874 991 καίη
903 905 1016 990 καρδία
1047 927 1107 968 σου
1140 906 1301 994 καθαρὰ
1331 911 1381 973 καί

182 1016 353 1097 ἀμίαντος.

670 1185 802 1270 Ἐντολὴ
825 1184 866 1270 γ’.

269 1328 369 1392 Ποίλιν
394 1349 444 1412 μοι
467 1327 567 1412 λέγει·
592 1324 766 1409 Ἀλήθειαν
790 1324 899 1409 ἀγάπα
912 1325 966 1387 καί
988 1333 1076 1386 πᾶσα
1093 1323 1251 1408 ἀλήθεια
1275 1327 1316 1391 ἐκ
1331 1338 1380 1392 τού

183 1432 336 1518 στόματός
359 1453 416 1495 σου
439 1430 681 1514 ἐκπορευέσθω,
713 1433 765 1494 ίνα
786 1431 822 1493 τδ
845 1439 982 1513 πνεῦμα,
1005 1429 1022 1491 δ
1045 1429 1062 1491 ό
1086 1432 1171 1505 θεὸς
1197 1432 1379 1517 κατῴκισεν

144 1560 168 1599 ιο
183 1537 216 1601 ἐν
239 1548 277 1622 τῇ
300 1539 391 1620 σαρκί
414 1538 528 1620 ταύτῃ,
561 1534 682 1621 ἀληθές
705 1535 822 1618 εὑρεθη
851 1536 936 1617 παρὰ
964 1543 1058 1596 πᾶσιν
1081 1533 1302 1617 ἀνθρώποις,
1330 1539 1377 1599 καί

181 1644 279 1718 οὕτως
308 1640 539 1726 δοξασθήσεται
572 1642 588 1706 ό
617 1641 723 1724 κύριος
753 1638 826 1704 δέν
859 1641 907 1703 σοί
938 1646 1114 1702 κατοικῶν·
1150 1641 1206 1704 ὅτι
1233 1641 1253 1704 ό
1277 1641 1377 1723 κύριος

181 1746 333 1832 ἀληθινὸς
356 1747 389 1812 ἐν
412 1749 502 1812 παντί
525 1745 637 1830 ῥήματι
660 1747 713 1808 καί
734 1745 823 1809 οὐδὲν
846 1743 920 1827 παρ’
943 1745 1027 1825 αὐτῷ
1052 1742 1193 1824 ψεῦδος·
1221 1748 1255 1811 2.
1283 1745 1314 1809 οί
1327 1742 1376 1808 σύν

182 1850 364 1935 ψευδόμενοι
388 1851 538 1917 ἀθετοῦσι
562 1853 614 1915 τὸν
637 1851 742 1933 κύριον
765 1852 818 1913 καί
841 1849 976 1935 γίνονται
992 1848 1214 1932 ἀποστερηταὶ
1240 1861 1302 1915 τοῦ
1324 1873 1374 1914 κυ-

181 1953 263 2037 ρίου,
299 1958 340 2039 μὴ
373 1954 593 2037 παραδιδόντες
627 1957 712 2038 αὐτῷ
746 1957 801 2037 τὴν
834 1951 1129 2036 παρακαταθήκην,
1169 1954 1214 2038 ἣν
1251 1955 1373 2043 ἔλαβον.

143 2079 168 2116 1⁵
182 2058 295 2144 ἔλαβον
318 2062 378 2144 γὰρ
401 2063 473 2142 παρ’
498 2061 593 2122 αὐτοῦ
616 2068 738 2142 πνεῦμα
754 2059 920 2141 ἄψευστον.
966 2066 1056 2121 τοῦτο
1073 2055 1131 2121 ἐὰν
1156 2059 1282 2141 ψευδὲς
1298 2063 1372 2125 ἀπο-

182 2160 335 2242 δύσωσιν,
359 2161 487 2245 ἐμίαναν
510 2163 565 2245 τὴν
589 2161 716 2246 ἐντολὴν
738 2172 793 2226 τοῦ
816 2162 923 2245 κυρίου
945 2163 998 2224 καί
1021 2160 1173 2245 ἐγένοντο
1198 2165 1373 2250 ἀποστερη·

181 2264 241 2327 ταί.
294 2269 323 2331 3.
354 2275 453 2328 ταῦτα
483 2263 537 2331 σύν
569 2267 707 2342 ἀκούσας
742 2266 804 2350 ἐγὼ
838 2267 980 2331 ἔκλαυσα
1013 2265 1093 2332 λίαν.
1149 2268 1233 2336 ἰδὼν
1270 2272 1308 2336 δέ
1338 2290 1372 2353 με

182 2368 334 2434 κλαίοντα
355 2370 453 2454 λέγει·
479 2370 518 2435 Τί
540 2371 676 2452 κλαίεις;
698 2371 779 2452 Ὅτι,
803 2371 890 2456 φημί,
914 2371 1009 2453 κύριε,
1033 2372 1093 2434 ούκ
1116 2368 1206 2454 οίδα,
1232 2375 1262 2438 εί
1286 2375 1371 2439 δόντι·

183 2494 236 2557 μαι
260 2476 414 2558 σωθηναι.
460 2476 564 2558 Διατί;
596 2476 699 2563 φησίν.
745 2476 878 2540 Οὐδέπω
900 2477 976 2561 γοίρ,
1006 2475 1101 2559 φημί,
1131 2478 1247 2561 κύριε,
1283 2480 1372 2562 ἐντί

143 2598 169 2637 ω
184 2576 243 2661 ἐμῇ
265 2578 331 2661 ζωῇ
355 2578 475 2664 ἀληθές
499 2579 640 2665 ἐλάλησα
662 2581 761 2665 ῥῆμα,
793 2579 878 2643 ἀλλὰ
900 2579 1033 2644 πάντοτε
1056 2581 1255 2668 πανούργως
1279 2586 1371 2668 ἔζησε

182 2683 260 2766 μετὰ
282 2682 408 2746 ποίντων
430 2685 484 2746 καί
506 2686 542 2747 τὸ
565 2684 677 2766 ψεῦδός
701 2706 760 2768 μου
782 2684 903 2769 ἀληθὲς
919 2683 1060 2760 ἐπέδειξα
1082 2688 1175 2768 παρὰ
1200 2700 1303 2754 πᾶσιν
1324 2691 1371 2752 ἀν-

181 2785 339 2870 θρώποις·
373 2790 427 2852 καί
450 2789 598 2853 οὐδέποτέ
620 2811 671 2873 μοι
702 2790 800 2865 οὐδείς
833 2790 993 2867 ἀντεῖπεν,
1024 2787 1095 2851 ἀλλ’
1121 2788 1309 2878 ἐπιστεύθη
1331 2800 1370 2876 τῷ

180 2890 265 2976 λόγῳ
289 2913 358 2976 μου.
403 2902 470 2968 πῶς
493 2891 563 2972 σύν,
596 2894 682 2978 φημί,
706 2894 806 2976 κύριε,
830 2894 962 2976 δύναμαι
985 2893 1076 2976 ζῆσαι
1100 2904 1210 2959 ταῦτα
1234 2898 1371 2982 πράξω

180 2999 209 3061 4.
234 2994 279 3058 Σὺ
302 2996 372 3079 μέν,
403 2997 495 3083 φησί,
526 2997 633 3074 καλῶς
661 3000 714 3061 καί
747 2998 879 3083 ἀληθῶς
911 3007 1045 3082 φρονεῖς·
1079 2998 1144 3062 ἔδει
1177 3002 1245 3086 γοίρ
1274 3025 1312 3067 σε
1333 3003 1372 3077 ὡς

140 3122 167 3163 τι
181 3103 259 3166 θεοῦ
284 3100 395 3164 δοῦλον
419 3100 451 3164 ἐν
475 3100 614 3187 ἀληθείᾳ
636 3102 838 3185 πορεύεσθαι,
862 3103 915 3165 καί
931 3103 1068 3185 πονηρὰν
1092 3104 1282 3191 συνείδησιν
1298 3108 1372 3191 μετὰ

179 3214 234 3269 τοῦ
258 3205 433 3289 πνεύματος
456 3215 509 3289 της
533 3204 686 3290 ἀληθείας
710 3209 751 3290 μὴ
774 3216 932 3271 κατοικεῖν
955 3205 1033 3290 μηδὲ
1048 3204 1153 3290 λύπην
1179 3207 1318 3295 ἐπείγειν
1332 3218 1371 3294 τῷ

179 3309 330 3393 πνεύματι
353 3318 396 3392 τῷ
420 3317 523 3393 σεμνῷ
546 3312 599 3373 καί
622 3311 748 3397 ἀληθεῖ.
794 3311 963 3389 Οὐδέποτε,
987 3309 1081 3395 φημί,
1106 3311 1220 3395 κύριε,
1245 3327 1374 3380 τοιαῦτα

180 3411 304 3495 ῥήματα
327 3414 464 3499 ἀκριβῶς
486 3414 618 3495 ηκουσα.
665 3420 694 3483 5.
719 3414 784 3479 Νῦν
807 3413 878 3493 οὖν,
902 3412 1012 3498 φησίν,
1043 3415 1195 3492 ἀκούεις·
1229 3420 1373 3503 φύλασσε

180 3517 270 3596 αὐτοί,
293 3519 344 3581 ἵνα
358 3520 412 3580 καί
435 3519 474 3580 τίι
489 3519 637 3601 πρότερον
661 3518 855 3604 ἂέλοίλησας
878 3519 977 3603 ψευδῆ
993 3517 1026 3581 ἐν
1048 3528 1118 3595 ταῖς
1138 3525 1373 3609 πραγματείαις

252 3673 264 3725 l
284 3671 444 3744 μηθένεμὴ
457 3673 481 3728 G
496 3676 501 3741 Ι
517 3679 569 3730 τίνι
588 3676 655 3749 δῷῆ
672 3680 710 3746 μὴ
722 3681 780 3750 δῷτ
795 3678 822 3731 τί
833 3674 908 3750 δῷίὶ
924 3676 929 3743 Ι
944 3674 961 3726 2
979 3671 1091 3744 ἀπλῆίίι
1108 3674 1112 3744 Ι
1129 3676 1179 3743 3Ι6
1197 3679 1374 3749 φύλασσε-

179 3755 313 3826 ἀμίαντος
335 3776 340 3809 :
365 3799 370 3811 .
391 3799 397 3812 .
415 3799 421 3812 .
441 3760 585 3817 .αντοο8
611 3761 615 3830 Ι
639 3763 806 3835 δηκαρδία
832 3782 883 3819 σου
902 3760 968 3814 L²L¹
987 3762 1129 3831 (>oov):
1144 3762 1255 3841 ἀκακία
1273 3768 1370 3835 G(A)³

179 3846 222 3909 516
239 3867 264 3902 κ.
284 3844 418 3915 ἀμίαντος
429 3848 501 3917 (ίίΑ)
515 3867 521 3900 :
536 3851 564 3901 et
574 3849 736 3904 indeficiens
747 3849 822 3918 apud
832 3850 916 3903 deum
926 3848 967 3910 1⁹,
977 3850 1012 3914 >
1022 3847 1054 3901 L¹
1072 3847 1077 3918 Ι
1093 3850 1110 3903 7
1131 3866 1198 3919 sqq.
1212 3854 1255 3909 :S
1274 3856 1305 3910 in
1323 3855 1373 3909 hoe

179 3931 314 3986 Mandato
333 3950 425 4001 pauca
438 3938 550 3988 tantum
570 3936 685 3990 exhibet
697 3935 857 4007 fragmenta
879 3936 883 4006 Ι
905 3936 922 3989 8
939 3955 988 4004 μοι
1006 3935 1080 4007 λέγει
1094 3935 1114 3990 S
1128 3956 1134 3989 :
1147 3949 1199 3996 Ν
1211 3942 1239 3997 G
1255 3944 1260 4013 Ι
1276 3943 1295 3997 9
1312 3964 1372 4000 και·

179 4018 279 4091 ᾤκισεν
297 4038 340 4073 em
354 4039 360 4071 ι
374 4040 450 4091 -ησεν
460 4021 503 4077 SG
525 4023 529 4093 Ι
556 4022 614 4079 1Ιὸ
632 4026 690 4078 tert
700 4026 734 4090 >
746 4022 769 4077 G
785 4024 790 4093 Ι
808 4024 840 4076 12
858 4022 991 4093 ἀληθινὸς
1003 4023 1038 4093 Ι-
1051 4020 1166 4080 έοτινίί
1184 4026 1190 4096 Ι
1210 4029 1245 4083 13
1256 4035 1286 4085 et
1298 4030 1373 4096 1611?

178 4102 549 4180 ἀποστερηταίιάπαρνηταί
567 4109 591 4163 G
607 4111 611 4179 Ι
629 4110 662 4162 14
677 4115 717 4181 μὴ
736 4110 783 4162 LA
795 4111 930 4165 Απίικαί
948 4108 1030 4179 μηδι
1056 4108 1059 4177 Ι
1087 4107 1372 4185 18Ι19είδύιαμττιι

179 4187 258 4245 οὐδὲν
275 4191 429 4263 ἀγαθύνύί
454 4197 458 4263 Ι
484 4196 517 4249 20
535 4196 701 4270 πανούργως
728 4214 772 4250 em
800 4197 835 4250 cf.
855 4196 920 4249 LA:
938 4203 1098 4268 πανοῦργος
1117 4195 1144 4251 G
1167 4198 1173 4267 Ι
1200 4194 1290 4273 ἔζησα
1308 4203 1372 4257 LA:

179 4271 295 4345 ἐλάλησα
314 4278 408 4347 (1129
427 4286 514 4352 ψευδῆ
533 4282 590 4335 GL¹
604 4300 610 4334 ι
624 4283 710 4354 ψεύδη
729 4282 788 4336 L’A
