2834 5018
177 352 198 417 g
673 344 861 399 nocnnmn

178 523 361 607 μαγεὺσεις,
384 523 420 585 οὐ
443 522 694 604 φαρμακεύσεις,
719 524 755 586 οὐ
779 522 937 604 φονεύσεις
960 521 1070 587 τέκνον
1097 522 1129 585 ἐν
1151 521 1259 604 φθορᾷ
1283 520 1357 584 οὐδὲ

177 627 327 711 γεννηθὲν
352 627 548 707 ἀποκτενεῖς,
572 629 633 692 οὐκ
650 625 873 711 ἐπιθυμήσεις
896 629 938 692 τὰ
961 635 1021 692 τοῦ
1037 627 1193 712 πλησίου.
1239 630 1268 692 3.
1295 629 1357 690 οὐκ

177 734 400 819 ἐπιορκήσεις,
426 734 467 796 οὐ
489 731 836 817 ψευδομαρτυρήσεις,
862 733 898 795 οὐ
921 730 1163 814 κακολογήσεις,
1186 731 1222 792 οὐ
1247 750 1356 814 μνησι-

176 836 337 920 κακήσεις.
384 840 414 902 4.
440 837 500 899 οὐκ
523 836 579 921 ἔσρ
604 835 767 919 διγνιίιμων
790 836 863 899 οὐδὲ
887 835 1074 920 δίγλωσσος·
1099 836 1191 917 παγίς
1207 836 1269 918 γὰρ
1293 835 1357 896 δα·

151 941 270 1005 ονοίτου
293 942 313 1026 ή
337 940 518 1025 διγλιυσσία.
565 942 595 1005 5.
621 941 785 1003 οὐκέσται
807 940 824 1002 ὁ
847 939 941 1023 λόγος
965 961 1021 1003 σου
1041 939 1167 1023 ψευδής,
1191 941 1227 1002 οιί
1251 939 1356 1017 κενός,

177 1045 261 1109 ἀλλὰ
283 1043 520 1130 μεμεστωμένος
551 1043 670 1128 πράξει
717 1048 747 1112 6.
772 1046 832 1109 οὐκ
855 1047 912 1130 ἔαρ
937 1044 1128 1130 πλεονέκτης
1151 1045 1224 1108 οὐδὲ
1248 1043 1353 1127 ἅρπαξ

176 1150 250 1214 οὐδὲ
272 1150 443 1234 ὑποκριτής
466 1149 539 1213 οὐδὲ
561 1149 730 1234 κακοήὸης
754 1150 827 1213 οὐδὲ
849 1150 1061 1234 ὑπερήφανος.
1107 1151 1144 1213 οὐ
1166 1149 1253 1234 λήψή
1278 1149 1353 1234 βου-

178 1254 235 1336 λήν
257 1257 396 1339 πονηρὰν
426 1255 510 1317 κατὰ
532 1262 587 1317 τοῦ
618 1253 749 1339 πλησίον
773 1276 840 1320 σου.
887 1257 916 1320 7.
941 1256 977 1318 οὐ
1002 1254 1141 1338 μισήσεις
1171 1254 1274 1317 πάντα
1298 1255 1354 1316 ἄν·

178 1356 326 1441 δρωπον,
358 1357 441 1422 ἀλλὰ
463 1359 516 1434 οὓς
539 1359 594 1442 μὲν
618 1357 770 1443 έλέγξεις,
803 1360 872 1446 [οὓς
895 1360 929 1423 δὲ
951 1357 1122 1444 έλεήσειςΙ,
1152 1359 1220 1441 περί
1253 1358 1288 1422 δέ
1313 1355 1356 1421 ὧν

139 1483 165 1520 1⁰
177 1463 341 1548 προσεύξῃ,
364 1465 417 1538 οὓς
439 1463 474 1527 δέ
496 1462 668 1547 ἀγαπήσεις
690 1463 767 1546 ὑπὲρ
789 1467 845 1548 τὴν
869 1463 972 1547 ψυχήν
995 1485 1060 1527 σου.

263 1571 320 1636 ΙΠ.
346 1567 464 1632 Τέκνον
486 1588 555 1651 μου,
579 1576 675 1651 φεῦγε
698 1568 760 1631 ἀπὸ
782 1570 900 1644 παντὸς
923 1577 1058 1652 πονηροῦ
1081 1569 1135 1631 καί
1158 1568 1221 1631 ἀπὸ
1241 1568 1357 1642 παντὸς

177 1673 285 1758 ὁμοίου
308 1674 412 1736 αὐτοῦ.
458 1676 488 1738 2.
519 1674 561 1755 μή
584 1671 671 1755 γίνου
693 1671 826 1756 ὀργίλος,
849 1673 957 1757 ὁδηγεῖ
978 1673 1039 1756 γὰρ
1061 1670 1081 1754 ή
1105 1673 1181 1755 ὀργὴ
1204 1673 1280 1753 πρὸς
1303 1674 1356 1734 τὸν

177 1779 287 1861 φὸνον,
314 1776 392 1862 μηδὲ
414 1774 556 1860 ζηλωτὴς
577 1775 656 1861 μηδὲ
679 1775 830 1859 έριοτικὸς
852 1778 930 1862 μηδὲ
961 1776 1112 1861 θυμικὸς·
1141 1776 1179 1839 ἐκ
1200 1779 1261 1860 γὰρ
1286 1777 1355 1840 τοὺ-

177 1905 238 1947 τιον
253 1883 399 1946 ἁπάντων
416 1882 504 1964 ρὸνοι
519 1889 699 1965 γεννῶνται.
724 1886 753 1948 3.
771 1880 878 1944 τέκνον
895 1902 964 1965 μου,
987 1883 1029 1964 μὴ
1045 1879 1131 1963 γίνου
1147 1879 1353 1966 ἐπιθυμητής,

138 2006 164 2044 ιι
177 1987 283 2071 ὁδηγεῖ
304 1988 364 2070 γὰρ
386 1984 406 2068 ι]
430 1983 581 2068 ἐπιθυμία
604 1985 680 2066 πρὸς
702 1986 758 2068 τήν
780 1984 934 2067 πορνείαν,
957 1985 1035 2069 μηδὲ
1056 1983 1261 2069 αἰσχρολὸγος
1278 1986 1356 2070 μηδὲ

176 2089 446 2175 ὑψηλὸρθοιλμος·
490 2087 527 2152 ἐκ
564 2091 625 2172 γὰρ
661 2088 779 2152 τοίιτιον
816 2090 963 2154 ἁπάντων
1001 2099 1136 2173 μοιχεῖαι
1172 2099 1354 2174 γεννῶνται.

246 2245 262 2297 2
280 2245 416 2317 γεννηθὲν
433 2245 508 2299 Barn
528 2245 615 2301 const
628 2264 634 2299 ε
647 2245 818 2318 γεννηθέντα
837 2247 889 2300 cod
913 2246 918 2316 Ι
942 2248 959 2300 6
977 2244 1047 2303 ἀλλὰ
1064 2266 1129 2316 μεμ.
1148 2246 1283 2319 πράξει)
1303 2246 1324 2299 L
1350 2248 1353 2315 Ι

177 2335 192 2386 Γί
210 2331 273 2390 οὐδὲ
289 2330 500 2406 ὑπερήφανος>
518 2332 539 2385 L
555 2333 560 2402 Ι
576 2333 592 2386 9
610 2330 728 2389 ἀλλὰ-
740 2332 915 2405 προσείξη>
933 2332 955 2384 L
971 2333 975 2401 Ι
991 2329 1039 2399 οὓς
1057 2330 1214 2404 ὁὲέλεήσεις
1233 2333 1297 2387 Cen
1314 2336 1356 2400 :>

176 2420 229 2474 cod
243 2421 248 2489 Ι
266 2423 295 2475 11
309 2441 333 2476 τ.
346 2440 403 2490 μου
414 2439 421 2473 2
433 2420 506 2474 filiL
520 2420 526 2491 Ι
543 2420 575 2474 12
587 2420 700 2493 ὀργῖλος
713 2421 764 2474 cod
780 2420 784 2491 Ι
803 2423 835 2475 14
845 2421 943 2478 τέκνον
952 2450 987 2459 -
996 2418 1125 2487 ἐπαοιδός
1137 2419 1206 2490 μηδὲ
1217 2419 1257 2484 10,
1272 2419 1355 2487 2>Ιι

174 2558 331 2630 μαγεύσεις]
342 2559 383 2613 01.
394 2560 455 2613 Act.
467 2559 491 2623 8,
501 2560 525 2613 9.
538 2561 584 2619 11;
596 2557 636 2621 13,
646 2559 671 2611 6.
682 2559 705 2611 8.
716 2590 750 2597 -
777 2559 801 2623 3,
815 2562 830 2613 ’ί
849 2558 1026 2628 blasphemia
1045 2560 1215 2628 respondere
1234 2559 1355 2615 videtur.

175 2645 387 2719 φαρμακεύσεις]
407 2645 449 2700 01.
460 2646 548 2701 Exod.
562 2645 603 2709 22,
619 2645 665 2706 18;
685 2645 749 2714 Sap.
777 2677 811 2685 -
834 2646 1042 2717 κακολογήσας]
1072 2645 1115 2699 01.
1143 2647 1223 2700 Prov.
1243 2647 1285 2710 20,
1305 2648 1354 2710 2Ο;

177 2732 217 2794 12,
235 2733 266 2795 4;
296 2731 355 2788 Gal.
376 2733 400 2797 5,
419 2733 467 2797 20;
490 2735 576 2802 Αροο.
598 2734 623 2797 9,
641 2734 688 2797 21;
710 2735 749 2798 18,
778 2733 877 2786 Matth.
897 2733 921 2796 5,
940 2734 981 2786 22.

176 2819 224 2881 23;
251 2821 292 2883 21,
310 2818 342 2883 8;
360 2822 401 2885 22,
422 2823 462 2876 15.
497 2820 559 2875 Vox
587 2837 650 2875 cum
669 2837 750 2876 vene·
811 2820 836 2872 4.
855 2820 1018 2892 δίγλωσσος]
1039 2820 1080 2874 01.
1094 2820 1173 2874 Prov.
1191 2822 1230 2883 11,
1246 2821 1295 2882 13;
1315 2821 1355 2875 Si·

176 2905 270 2959 ficium
287 2909 349 2961 tum
367 2907 590 2962 incantationem
608 2924 657 2963 seu
675 2910 751 2961 artes
777 2905 845 2958 rach
864 2907 893 2970 5,
912 2907 937 2960 9.
964 2908 1010 2969 14;
1038 2909 1068 2969 6,
1091 2908 1119 2969 1;
1145 2906 1192 2971 28,
1216 2906 1254 2959 13.
1293 2907 1355 2961 Vox

175 2995 301 3064 magicae
322 2993 471 3065 significat
508 2995 607 3066 Magia
625 3000 653 3051 ct
671 3013 750 3065 prae·
777 2991 924 3065 διγνιίνμων
942 2994 971 3046 in
985 2993 1010 3047 S.
1025 2993 1169 3063 Scriptura
1181 3011 1238 3048 non
1251 2997 1355 3049 exstat.

176 3080 278 3151 etigiae
296 3081 325 3134 in
344 3082 376 3136 V.
396 3082 425 3135 Τ.
447 3087 562 3152 praeter
580 3083 672 3137 locum
691 3083 749 3136 lau·
778 3084 922 3151 -παγίςΙ
937 3122 943 3134 .
957 3080 1092 3150 θανάτου]
1104 3081 1282 3135 Habeehaec
1295 3098 1355 3135 ver·

177 3167 275 3221 datum
292 3169 515 3223 condemnantur
534 3169 619 3223 Levit
641 3169 680 3232 19,
699 3170 749 3232 26;
778 3166 815 3219 ba
831 3164 911 3220 Prov.
933 3168 972 3231 14,
991 3169 1040 3229 27;
1059 3169 1101 3231 21,
1120 3167 1144 3220 6.

175 3253 428 3317 20,6;Dcut.18,
449 3256 488 3309 11.
510 3258 549 3310 12.
575 3285 608 3294 -
635 3255 669 3313 οὐ
686 3277 750 3329 φον.
813 3254 836 3306 5.
854 3254 1072 3323 μεμεστωμένος
1089 3253 1198 3326 πράξει]
1218 3254 1354 3308 ΟίσίνίίεΙ

175 3341 273 3398 τέκνον
289 3343 362 3412 κτλ]
382 3341 477 3396 Etiam
489 3343 543 3394 hoc
557 3342 662 3395 crimen
675 3343 750 3412 apud
778 3358 829 3393 nus
841 3358 898 3394 non
917 3341 1007 3395 solum
1021 3342 1121 3404 dicere,
1142 3339 1191 3393 sed
1212 3341 1300 3395 etinm
1312 3342 1357 3395 fa·

176 3430 296 3501 gentiles
323 3428 539 3484 usitatissimum
566 3430 628 3482 erat
647 3428 749 3496 vixque
779 3443 840 3481 cere
867 3428 959 3482 debet.
996 3428 1038 3482 01.
1057 3427 1159 3481 Matth.
1178 3429 1219 3491 23,
1240 3429 1271 3490 3;
1299 3428 1353 3482 Iac.

176 3517 216 3570 eis
235 3517 367 3571 illicitum
385 3532 448 3569 esse
465 3515 624 3570 videbatur.
643 3545 678 3555 —
689 3537 750 3589 γεν-
779 3519 801 3575 1,
821 3515 868 3576 22;
887 3514 900 3566 Ι
918 3515 1011 3568 λοπσσ
1032 3515 1117 3577 3,18;
1136 3513 1149 3565 Ι
1167 3513 1252 3568 clem.
1267 3516 1309 3577 38,
1322 3516 1355 3577 2;

176 3604 261 3675 νηδδν
278 3600 389 3674 ἀποκτ]
409 3602 450 3657 01.
467 3602 530 3671 Sap.
551 3602 589 3666 12,
603 3604 629 3656 5.
647 3634 682 3642 -
700 3602 751 3660 οίνι
778 3601 838 3672 Igu.
856 3601 926 3671 Eph.
948 3603 986 3663 15,
1008 3604 1030 3656 l.
1049 3603 1073 3655 2.

176 3689 355 3762 ἐπι9υμήοεις
367 3712 391 3747 τ.
404 3711 428 3746 τ.
438 3689 495 3759 πλ]
514 3690 574 3743 Hoc
585 3690 749 3743 mandatum
812 3689 835 3742 6.
855 3685 1022 3759 πλεονέκτης
1039 3730 1045 3741 .
1060 3728 1086 3741 ..
1105 3684 1207 3761 ίίρπιιξ]
1227 3688 1356 3755 Utraque

175 3777 275 3831 Matth.
297 3778 336 3841 19,
357 3777 390 3830 18
407 3794 464 3831 non
485 3776 603 3846 legitur3
632 3776 668 3830 ab
686 3793 749 3829 auc·
777 3794 830 3830 vox
857 3775 940 3829 simul
968 3774 1071 3845 legitur
1097 3774 1192 3828 IOor.
1213 3775 1237 3833 5,
1260 3775 1299 3829 10.
1322 3776 1352 3829 11

175 3867 237 3918 tore
255 3881 288 3918 cn
306 3864 391 3920 Exod.
411 3865 451 3927 20,
467 3863 498 3916 11
517 3862 563 3917 vel
581 3861 663 3916 Dent.
678 3864 702 3928 5,
715 3863 747 3918 21
778 3867 806 3917 et
824 3864 855 3925 6,
877 3864 916 3917 11.
953 3861 1071 3916 IOlenn
1090 3861 1173 3923 3:25
1199 3864 1354 3930 πλεονεξία,

176 3950 316 4004 adiectum
333 3956 377 4005 est
395 3955 423 4006 et
441 3950 526 4004 verba
538 3949 564 4003 8.
589 3948 749 4018 Scripturae
776 3953 937 4020 κακοήθεια,
951 3947 1125 4021 ὑπερηφανία
1136 3963 1192 4000 unc
1206 3949 1353 4002 nominan-

176 4035 339 4091 abbrevinta
357 4042 429 4092 eunt.
776 4039 830 4090 tur.

210 4124 234 4175 3.
254 4122 304 4179 οὐκ
321 4121 504 4198 ἐπιορκήσεις]
523 4123 619 4178 Verba
637 4125 749 4176 exstant
813 4123 836 4175 ί.
856 4120 986 4195 ἐλέγξας]
1006 4123 1048 4176 01.
1061 4125 1086 4183 4,
1101 4121 1132 4183 3;
1154 4121 1194 4183 15,
1209 4123 1232 4174 3.
1252 4153 1288 4161 -
1306 4119 1354 4188 οίῖς

174 4207 274 4262 Macen
295 4210 318 4269 5,
338 4210 386 4271 33;
405 4211 547 4266 sententia
559 4209 648 4264 Exod.
662 4210 703 4273 20,
717 4209 748 4271 73
777 4208 805 4266 δὲ
824 4207 954 4282 ἐλεήσας]
974 4210 1015 4264 01.
1036 4210 1094 4264 Iud.
1108 4208 1156 4262 23:
1175 4213 1221 4264 καί
1240 4207 1289 4276 οὓς
1301 4209 1354 4279 μὲν

175 4294 262 4349 Levit.
283 4295 322 4359 19,
343 4295 389 4359 12;
408 4297 488 4351 Deut
508 4299 532 4362 5,
554 4300 593 4353 11.
621 4296 747 4352 Periun'o
776 4295 883 4354 ἐλεεῖτε.
903 4328 937 4336 -
956 4295 1004 4364 οίῗς
1021 4297 1050 4354 δὲ
1068 4295 1112 4369 ἀγ.
1131 4294 1200 4370 ὑπὲρ
1219 4317 1242 4354 τ.
1262 4300 1354 4369 ψυχήν
