2834 5018
349 662 398 716 AD
419 661 763 718 PHILADELPHENSES
782 663 815 726 V,
836 661 946 725 l—VII,
967 663 990 716 1.
1192 665 1255 730 269

79 838 287 924 corporaliter
309 844 507 923 praesentem
531 839 708 915 Christum,
739 843 771 902 et
794 839 834 903 ad
857 839 1019 922 apostolos
1041 845 1193 924 tanquam
1216 840 1256 905 ad

79 966 230 1029 praesens
254 944 404 1009 ecclesiae
418 944 660 1028 presbyterium.
708 945 737 1007 2.
762 942 825 1008 Sed
839 948 872 1008 et
885 945 1060 1028 prophetas
1076 945 1257 1030 diligamus,

79 1051 157 1134 qnia
187 1053 219 1113 et
240 1049 304 1134 ipsi
333 1047 533 1132 evangelium
563 1048 816 1112 annuntiaverint
847 1053 878 1112 et
908 1050 942 1113 in
964 1048 1124 1114 Christum
1146 1072 1255 1133 spera·

79 1157 183 1218 verint
206 1159 238 1218 et
259 1155 366 1238 ipsum
388 1154 653 1237 exspectaverint,
685 1175 859 1238 perquem
883 1159 914 1218 et
937 1156 1099 1220 credentes
1122 1155 1257 1220 salutem

79 1260 240 1324 consecuti
263 1264 346 1336 sunt,
370 1258 442 1323 lesu
466 1256 591 1321 Christo
613 1258 710 1333 uniti,
738 1258 841 1323 sancti
864 1280 971 1323 amore
994 1264 1026 1324 et
1049 1260 1283 1325 admirationes

79 1364 185 1447 digni,
221 1387 239 1427 a
267 1362 338 1427 lesu
370 1362 496 1427 Christo
528 1363 745 1427 testimonium
776 1364 884 1448 adepti
915 1369 947 1429 et
979 1365 1194 1429 connumerati
1223 1364 1257 1427 in

80 1467 246 1551 evangelio
271 1468 339 1551 spei
361 1467 546 1532 communis.

168 1571 224 1635 Vl.
250 1571 285 1636 si
307 1571 377 1656 quis
401 1577 507 1636 autem
530 1572 619 1637 vobis
641 1571 836 1636 Iudaismum
858 1574 1036 1657 praedicet,
1061 1596 1100 1638 ne
1122 1573 1258 1638 audiatis

80 1700 161 1742 eum.
208 1676 324 1742 Melius
340 1683 388 1742 est
403 1679 496 1751 enim,
522 1701 540 1742 a
555 1678 622 1741 viro
646 1677 829 1742 circumciso
846 1676 1122 1743 Christianismum
1139 1679 1256 1753 audire,

80 1805 176 1866 qnam
199 1783 239 1846 ab
263 1781 401 1845 habente
424 1781 626 1864 praeputium
640 1779 842 1845 ludaismmn.
891 1782 924 1847 Si
948 1787 1053 1847 autem
1075 1783 1201 1866 utrique
1218 1783 1256 1846 de
1271 1796 1296 1833 ¹⁰

79 1889 152 1952 lesu
175 1887 300 1951 Christo
322 1909 387 1951 non
402 1885 582 1970 loquantur,
605 1886 660 1949 isti
682 1885 760 1949 mihi
782 1886 946 1950 columnae
969 1886 1160 1970 sepulcrales
1183 1889 1257 1949 sunt

80 1998 112 2057 et
134 1997 332 2056 mortuorum
354 1993 575 2065 monumenta,
609 1988 724 2071 quibus
748 1988 912 2052 hominum
942 1990 1070 2055 nomina
1093 1990 1258 2053 dumtaxat

78 2097 234 2180 inscripta
257 2101 340 2160 sunt.
387 2098 416 2158 2.
441 2094 556 2177 Fugite
585 2093 686 2178 igitur
707 2092 808 2157 malas
840 2097 924 2157 artes
946 2097 979 2157 et
1008 2092 1138 2156 insidias
1167 2092 1256 2175 prin·

79 2202 158 2286 cipis
182 2200 300 2265 saeculi
322 2200 434 2276 huius,
462 2219 502 2261 ne
527 2196 651 2281 quando
673 2197 841 2280 prudentia
863 2198 930 2261 eius
952 2198 1097 2282 oppressi
1118 2196 1152 2260 in
1175 2196 1255 2260 cari·

78 2310 146 2370 tate
169 2305 358 2389 langueatis.
383 2304 446 2368 Sed
461 2324 570 2366 omnes
585 2301 665 2366 uniti
681 2300 750 2364 sitis
765 2300 922 2366 indivulso
940 2303 1041 2366 corde.
1073 2304 1103 2366 3.
1128 2302 1256 2368 Gratias
1271 2316 1296 2354 1⁶

80 2415 187 2475 autem
211 2431 273 2493 ago
298 2411 354 2473 deo
379 2430 457 2486 meo,
484 2410 568 2493 quod
583 2409 686 2492 quoad
708 2430 763 2472 vos
786 2410 869 2474 bona
885 2409 1042 2495 gaudeam
1066 2410 1257 2474 conscientia

78 2539 137 2580 nec
159 2515 261 2598 possit
285 2515 452 2598 quisquam
468 2514 599 2598 gloriari
621 2513 671 2577 vel
688 2518 808 2578 secreto
831 2513 880 2577 vel
896 2513 1013 2597 palam,
1039 2537 1058 2577 a
1080 2536 1130 2578 me
1146 2536 1256 2599 qnem-

80 2642 176 2704 quarn
199 2624 366 2703 gravatum
390 2641 457 2683 csse
481 2619 591 2683 autin
614 2640 712 2702 parvo
736 2623 791 2682 aut
814 2619 846 2682 in
861 2640 988 2703 magne.
1035 2619 1079 2684 nt
1100 2620 1255 2698 omnihus,

80 2725 120 2788 ad
134 2745 212 2806 quos
228 2722 354 2787 locutus
366 2747 445 2799 sum,
463 2728 549 2806 opto,
567 2744 606 2787 ne
619 2723 652 2786 in
664 2723 880 2787 testimonium
892 2723 925 2786 id
936 2724 1027 2787 cedat
1039 2730 1150 2789 contra
1160 2726 1255 2809 ipsos.

167 2826 239 2890 Vll.
266 2827 465 2912 Quamquam
497 2828 580 2892 enim
601 2828 746 2892 nonnulli
778 2830 949 2893 secundum
971 2851 1098 2894 earnem
1128 2853 1178 2895 me
1202 2831 1256 2894 de·
1271 2841 1296 2880 2⁰

78 3046 161 3112 quet,
186 3041 241 3095 nisi
259 3042 324 3096 libri
350 3045 461 3096 exstent
479 3043 510 3096 in
528 3044 654 3108 ecclesia,
682 3046 819 3113 pretatur.
837 3075 873 3083 -
885 3050 980 3115 στῆλαι
992 3043 1062 3112 art]
1083 3041 1259 3110 Explicanda

79 3129 181 3197 quibus
210 3131 402 3198 apostolorum
427 3134 455 3184 et
480 3131 655 3199 praedicatio
682 3130 753 3183 haee
766 3133 831 3184 sunt
850 3146 864 3182 e
883 3134 1009 3183 veterum
1025 3128 1258 3198 philosophorum

79 3216 244 3285 evangelica
263 3221 291 3271 et
305 3216 435 3272 doctrina
447 3222 656 3288 praeceptaque
684 3216 893 3279 consuetudine,
912 3217 991 3270 cuius
1004 3215 1176 3269 mentionem
1189 3216 1258 3271 fecit

80 3304 286 3358 contineantur.
324 3305 365 3359 Cf.
379 3323 452 3372 quae
471 3307 505 3359 de
519 3258 812 3376 apostolilelemens
839 3303 938 3356 Strom.
963 3303 1005 3367 V,
1029 3304 1061 3367 9,
1087 3303 1121 3357 58
1145 3320 1172 3371 p.
1190 3302 1256 3357 680:

79 3391 216 3445 ecclesiae
251 3392 365 3463 regibus
401 3391 488 3447 babet
520 3366 751 3463 Origeneslpaol
770 3398 839 3461 γοῦν
848 3384 1009 3461 ίἸτττταρχοιι
1027 3387 1257 3459 ...ἐξελαθῆναι

80 3479 163 3531 Hom.
184 3479 235 3532 Xll
254 3478 283 3531 in
302 3479 383 3533 Num.
403 3494 425 3531 c.
444 3479 461 3530 2
480 3480 533 3549 (ed.
552 3479 731 3546 Bened'rrpc
756 3482 894 3550 διατριβῆς
916 3480 962 3532 καὶ
989 3481 1090 3548 στήλην
1114 3474 1156 3533 ἐπ’
1183 3476 1258 3551 αὐτῷ

78 3567 113 3626 ΙΙ,
127 3565 249 3634 313εο.).
268 3597 303 3605 -
320 3563 360 3632 ὼς
377 3570 458 3636 σαρκὶ
475 3565 577 3636 Ἰησοῦ]
591 3566 654 3619 Hie·
681 3561 813 3635 γενέσθαι
838 3558 881 3619 οἶα
906 3572 1002 3638 νεκρῷ.
1040 3565 1082 3621 διὸ
1113 3568 1159 3621 καὶ
1177 3561 1208 3620 ἐν
1225 3565 1259 3634 τῇ

79 3672 139 3706 ron.
160 3653 194 3706 ad
208 3654 252 3707 Ps.
272 3654 322 3705 147
341 3652 395 3721 (ed.
417 3652 522 3715 Morin,
551 3654 654 3706 Anecd.
667 3688 669 3699 .
681 3649 812 3725 βαρβάρῳ
838 3654 989 3727 φιλοσοφίᾳ
1012 3650 1127 3725 νεκροὺς
1144 3656 1258 3708 καλοῦσι

79 3739 230 3794 Maredsol.
250 3739 297 3800 ΙΙΙ,
317 3739 350 3801 ΙΙ,
370 3739 446 3806 301):
474 3738 534 3810 Ego
553 3756 654 3808 corpus
667 3712 669 3807 l
682 3736 747 3802 τοὺς
765 3733 935 3803 ἐκπεσόντας
953 3744 1011 3793 τῶν
1026 3738 1183 3809 δογμάτων.
1211 3737 1257 3792 Di·

79 3827 143 3880 lesu
157 3825 336 3895 evangelium
348 3830 425 3894 puto,
444 3830 557 3879 sanctas
570 3825 654 3895 scrip·
667 3810 669 3877 l
682 3822 754 3890 dym.
766 3823 808 3875 Al.
825 3823 902 3892 (Mai,
914 3822 1164 3887 Nov.nib1.1v,11,
1182 3825 1257 3894 145):

79 3916 158 3965 turns
178 3917 246 3981 puto
266 3912 422 3965 doctrinam
441 3912 509 3965 eius.
667 3882 709 3983 ,οἳ
727 3909 762 3964 τὰ
785 3911 938 3983 κενοτάφια
963 3910 1176 3980 οἰκοδομοῦντες
1200 3919 1258 3977 τοῖς

114 4000 138 4051 2.
158 3999 197 4065 εἷς
215 4000 248 4055 τὸ
277 3998 438 4071 εὐαγγέλιον
460 4000 585 4071 κατηγγ]
612 4001 654 4055 Cl‘.
667 3992 669 4069 Ι
682 3995 888 4069 ἀποφοιτήσασι
907 4001 1075 4069 φιλοσοφίας
1089 3997 1195 4066 (Zahn).

78 4087 145 4147 9⁸2³
165 4086 281 4143 Bam&
295 4085 320 4139 ⁶·
333 4116 368 4124 -
386 4084 575 4183 ἐῗὲνῦῖηϊιἾ·
590 4086 669 4159 XC*
717 4119 741 4172 a.
762 4116 892 4191 εοερησα]
918 4117 960 4171 cr.
981 4119 1006 4171 n
1025 4119 1085 4172 cor.
1107 4121 1146 4183 11,
1165 4119 1196 4181 a,
1218 4118 1257 4179 re,

79 4173 158 4225 Haeo
182 4174 268 4226 verba
291 4170 418 4226 nonnulh
444 4173 567 4227 editores
592 4191 654 4227 oum
684 4205 723 4258 13·
747 4205 790 4266 16;
810 4205 823 4258 I
842 4204 937 4258 Thess⁸
956 4205 980 4268 2,
1003 4208 1032 4267 73
1052 4205 1065 4258 Ι
1083 4205 1153 4258 Tim·
1173 4207 1197 4268 5,
1218 4206 1256 4260 13·

78 4261 505 4367 praecedenflbus,mstwunt'
560 4346 565 4357 ,
598 4347 604 4358 ,
647 4347 653 4358 ,
681 4325 716 4333 -
735 4291 815 4363 αὐτό]
836 4309 872 4346 sc.
892 4291 1194 4364 dilataratvatrocg.
1215 4292 1257 4347 Cf.

115 4345 160 4407 Vl,
183 4350 205 4402 1.
223 4347 407 4421 ακροβοστου]
427 4364 445 4399 1.
459 4363 482 4399 e.
501 4347 655 4401 Chnstram
667 4356 670 4371 ¹
683 4378 767 4434 afran¹
790 4381 829 4442 12,
850 4379 874 4433 3.

79 4450 94 4486 e
116 4432 270 4503 gentilibus
298 4432 476 4487 iudaizantis.
505 4435 580 4488 Zahn
597 4435 670 4504 (lp-²

78 4522 173 4575 notius
191 4538 214 4573 e.
233 4523 267 4574 A.
287 4539 313 4590 p.
334 4520 483 4591 368-371)
502 4537 600 4575 vocem
620 4478 670 4581 del
718 4520 777 4573 Vll.
798 4520 906 4589 Fragm
927 4536 981 4589 syr.
1001 4521 1123 4576 Cureton
1137 4519 1193 4583 199,
1207 4521 1258 4575 233

79 4607 232 4661 haereticis
247 4607 415 4662 eludaismo
424 4607 559 4677 profectis
571 4608 655 4662 inter·
668 4590 671 4663 l
684 4605 852 4681 (ἐκοαύγασα
868 4638 904 4646 -
920 4607 1007 4679 μηδὲν
1024 4611 1147 4678 ποιεῖτε).
