2834 5018
470 661 540 719 sm.
557 660 605 728 ur,
623 662 733 725 a-v.
753 664 776 727 1,
794 662 819 718 0.
1169 669 1231 735 529

57 840 180 905 arboris
202 840 448 905 manifestantur
470 844 502 904 et-
525 844 673 924 apparet,
706 841 816 925 quales
838 843 918 924 sint,
949 844 995 910 sic
1019 849 1051 910 et
1075 846 1233 910 iustorum

57 946 181 1010 fructus
203 945 365 1010 manifesti
387 949 479 1010 erunt
501 950 534 1009 et
555 950 785 1029 cognoscentur
807 969 916 1012 omnes
938 948 1085 1014 florentes
1107 949 1141 1014 in
1162 972 1233 1015 sae·

58 1051 130 1115 culo
152 1050 218 1115 illo.
264 1051 294 1114 4.
321 1048 437 1115 Gentes
459 1070 532 1113 vero
556 1053 588 1113 et
610 1054 801 1134 peccatores,
826 1074 905 1137 quos
928 1053 1036 1118 vidisti
1057 1053 1091 1118 in
1111 1056 1233 1120 arbori-

56 1157 117 1220 bus
141 1156 246 1233 aridis,
270 1155 351 1219 tales
374 1154 573 1219 invenientur
595 1154 675 1219 aridi
697 1159 728 1219 et
751 1155 818 1220 sine
840 1156 946 1221 fructu
969 1158 1003 1221 in
1026 1159 1153 1223 saeculo
1177 1160 1233 1224 illo

57 1265 90 1324 et
112 1261 194 1324 sicut
216 1260 305 1344 ligna
327 1261 551 1324 comburentur
572 1263 604 1323 et
626 1259 734 1343 palam
754 1261 824 1339 fiet,
849 1263 934 1344 quod
955 1262 1099 1348 operatio
1125 1285 1260 1328 eoruma

56 1366 143 1431 mala
165 1365 228 1430 fuit
259 1366 293 1429 in
314 1365 382 1430 vita
412 1385 528 1428 eorum.
574 1362 759 1428 Peccatores
781 1365 865 1430 enim
887 1368 1126 1444 comburentur,
1160 1369 1235 1452 quia

57 1474 267 1554 peccaverunt
298 1491 399 1553 neque
428 1468 656 1552 paenitentiam
687 1469 848 1534 feceruut:
882 1475 993 1557 gentes
1016 1477 1122 1536 autem
1145 1493 1232 1537 com·

57 1576 229 1653 burentur,
263 1575 421 1659 quianon
444 1577 659 1658 cognoverrmt
689 1578 862 1638 creatorem
884 1597 985 1640 suum.
1031 1577 1061 1641 5.
1087 1575 1135 1640 Tu
1158 1597 1234 1662 ergo

58 1678 107 1743 fer
129 1680 288 1758 fructum,
312 1684 348 1744 ut
370 1683 491 1743 aestate
513 1678 571 1742 illa
593 1683 803 1762 cognoscatur
824 1680 946 1744 fructus
968 1685 1052 1745 tuus.
1099 1681 1235 1746 Abstine

58 1784 208 1847 amultis
229 1785 381 1868 negotiis,
416 1788 447 1847 et
468 1783 549 1847 nihil
572 1805 712 1867 unquam
742 1784 897 1867 peccabis.
945 1784 1006 1861 Qui
1028 1786 1112 1851 enim
1133 1786 1235 1851 multa
1248 1823 1273 1861 n

57 1893 174 1972 agunt,
205 1889 308 1954 multa
329 1893 361 1953 et
391 1889 593 1972 delinquunt,
624 1889 771 1972 occupati
792 1889 929 1972 negotiis
958 1890 1023 1953 suis
1053 1894 1085 1955 et
1107 1890 1233 1956 domiuo

58 2014 115 2057 suo
138 2014 204 2057 non
219 1994 398 2058 servientes.
424 1995 453 2057 6.
478 1992 643 2069 Quomodo
657 1993 767 2077 igitur,
790 1993 904 2077 inquit,
920 1994 995 2058 talis
1017 1993 1113 2059 homo
1128 1999 1236 2079 potest

58 2097 179 2181 aliquid
208 2098 370 2183 postulare
394 2121 413 2162 a
436 2097 561 2162 domino
584 2103 617 2162 et
639 2098 798 2182 accipere,
831 2120 895 2162 non
922 2100 1059 2164 serviens
1084 2101 1235 2165 domino?

57 2199 121 2277 Qui
142 2203 172 2266 ei
195 2203 344 2280 serviunt,
368 2203 418 2266 illi
440 2203 595 2287 accipient
618 2202 770 2268 desideria
792 2225 866 2279 sua,
900 2204 954 2288 qui
976 2225 1049 2268 vero
1081 2225 1145 2268 nou
1167 2226 1234 2269 ser-

57 2307 147 2370 viunt
170 2307 313 2383 domino,
344 2307 392 2371 illi
414 2307 496 2371 nihil
525 2307 688 2392 accipient.
735 2310 763 2372 7.
789 2307 908 2384 Quodsi
938 2330 1036 2372 unum
1068 2309 1233 2394 negotium
1248 2343 1274 2382 n

59 2411 130 2496 quis
153 2415 279 2488 tractat,
302 2417 408 2495 potest
431 2412 557 2477 domino
582 2434 706 2498 quoque
721 2413 850 2489 servire3
873 2413 1041 2478 nonenim
1063 2414 1233 2478 eiusmens

58 2521 291 2599 corrumpetur,
324 2517 428 2581 itaut
452 2517 569 2581 domini
601 2538 712 2601 expers
733 2518 806 2594 fiat,
839 2519 894 2582 sed
916 2518 1031 2582 serviet
1061 2519 1090 2582 ei
1113 2518 1232 2582 habens

56 2625 195 2684 mentem
216 2643 337 2705 puram.
385 2623 414 2685 8.
439 2621 527 2686 Haec
541 2622 641 2706 igitur
655 2622 683 2686 si
705 2622 826 2700 feceris,
845 2622 984 2687 fructum
1005 2623 1122 2688 habere
1141 2629 1232 2707 potes

56 2725 90 2788 in
113 2725 239 2790 saeculo
269 2729 418 2801 ventur0;
452 2729 484 2789 et
506 2725 695 2810 quicumque
716 2724 795 2790 haec
817 2726 944 2803 fecerit,
976 2726 1116 2791 fructum
1138 2726 1229 2790 ieret.

521 2898 701 2964 Similitudo
723 2898 764 2963 V.
1248 2936 1274 2975 ,ο

149 3034 183 3102 l.
207 3038 355 3103 Ieiunans
377 3043 409 3103 et
431 3039 541 3103 sedens
564 3040 597 3103 in
618 3042 726 3103 monte
750 3039 885 3123 quodam
907 3043 939 3103 et
962 3037 1088 3102 domino
1111 3039 1233 3124 gratias

58 3164 158 3226 agens
181 3166 239 3228 pro
262 3144 427 3220 omnibus,
459 3165 540 3226 quae
562 3143 638 3207 fecit
661 3143 755 3221 mihi,
777 3143 868 3206 video
890 3147 1049 3226 pastorem
1072 3143 1233 3207 sedentem

58 3246 148 3309 iuxta
170 3269 220 3311 me
243 3252 275 3312 et
299 3249 471 3312 dicentem:
506 3245 589 3322 Quid
609 3250 677 3310 tam
697 3268 790 3311 mane
811 3246 874 3309 huc
896 3245 1032 3309 venisti?
1068 3244 1158 3322 Quia,
1182 3246 1232 3309 in-

58 3374 170 3435 quam,
196 3353 336 3431 domine,
370 3353 540 3417 stationem
568 3351 681 3416 habeo.
727 3352 756 3414 2.
782 3348 864 3426 Quid
887 3354 953 3427 est,
977 3349 1089 3434 inquit,
1113 3350 1233 3414 statio?

128 3470 162 3522 24
181 3469 224 3524 Pa.
246 3472 302 3534 115,
322 3472 346 3526 3.

56 3593 84 3643 p.
105 3576 249 3638 144-147,
269 3575 393 3645 Lipsius,
413 3577 569 3644 Zeitscltct'sl
583 3575 719 3645 fdrlsqq.
739 3576 752 3629 1
770 3573 841 3628 Tim.
862 3575 885 3636 1,
905 3573 951 3635 18;
983 3573 1009 3626 ll
1026 3573 1096 3628 Tim
1116 3575 1140 3636 2,
1158 3575 1183 3628 4
1203 3575 1234 3637 5;

56 3663 208 3716 wissensct.
242 3664 327 3717 llicol.
361 3663 426 3718 1866
460 3681 487 3732 p.
519 3663 632 3726 48-52,
660 3663 719 3732 lgn.
747 3661 839 3729 Polyc
858 3662 887 3724 6,
907 3662 942 3730 2).
988 3659 1162 3716 Christianos
1189 3678 1235 3715 ve·

56 3746 149 3811 Zaba,
180 3749 240 3803 Der
256 3749 324 3803 Hirt
342 3750 367 3803 d.
388 3754 422 3806 H.
440 3769 467 3819 p.
486 3750 632 3804 245-282.
659 3754 733 3805 teres
753 3748 852 3803 diebus
876 3747 1022 3812 stationis,
1049 3748 1067 3802 1.
1087 3765 1110 3802 0.
1130 3751 1234 3815 quarta

92 3836 116 3898 1,
138 3838 159 3890 1.
179 3837 328 3906 στατίωνα]
356 3838 432 3891 Inter
458 3836 575 3892 Latinos
593 3837 632 3890 vi-
660 3840 690 3891 et
717 3840 814 3899 sexta,
849 3835 989 3889 ieiunasse
1015 3835 1073 3889 iam
1099 3833 1236 3888 Doctrina

57 3938 126 3975 vens
159 3922 277 3975 Hermas
308 3925 435 3979 stationis
465 3923 632 3978 vocabulum
660 3928 750 3994 apost.
770 3924 828 3985 el
857 3921 953 3975 tradit.
991 3921 1072 3986 Quod
1098 3920 1234 3975 ieiunium

57 4025 135 4062 more
154 4009 267 4063 illorum
285 4011 440 4079 usurpavit.
477 4010 540 4065 Non
559 4012 633 4066 enim
660 4010 811 4065 stationem
823 4009 999 4078 appellatum
1017 4007 1104 4062 fuisse
1116 4009 1234 4063 Hermas

58 4096 174 4149 memini
186 4113 231 4150 me
241 4095 344 4166 legere,
354 4097 489 4151 ieiunium
506 4098 536 4152 in
549 4098 632 4152 Grae·
659 4098 767 4167 primus
793 4099 923 4151 testatur.
969 4095 1100 4163 Sequitur
1125 4094 1233 4150 Tertul-

58 4183 103 4236 010
123 4184 163 4236 sic
181 4186 314 4238 vocatum
332 4182 433 4248 fuisse,
451 4185 549 4242 στάσιν
566 4186 632 4242 πάν
659 4184 753 4237 lianus
770 4182 789 4236 1.
808 4201 829 4237 0.
849 4187 878 4238 01
897 4183 938 4236 Dc
956 4181 1079 4235 ieiune.
1094 4186 1116 4237 1.
1132 4184 1233 4246 10.13;

59 4292 142 4343 urqov
159 4272 308 4341 appellant
320 4269 432 4339 vigilias
445 4271 632 4340 (cotelerius).
660 4271 701 4325 De
719 4270 790 4341 fuga
808 4286 831 4324 0.
852 4273 864 4325 l
885 4274 938 4324 etc.

58 4356 166 4412 Nomen
185 4362 287 4420 autem,
308 4361 340 4411 ut
360 4357 429 4411 dicit
441 4356 633 4411 Tertullianus
695 4355 989 4426 1011000το100]
1018 4355 1079 4420 Qua
1096 4372 1131 4409 ex
1149 4373 1234 4424 quae·

58 4444 99 4498 De
125 4450 237 4500 orato.
259 4447 307 4509 19,
339 4444 425 4499 statio
455 4444 489 4498 ds
515 4444 633 4499 militari
660 4442 751 4499 stione
770 4443 927 4507 concludas,
941 4443 1000 4497 dies
1013 4443 1145 4499 stationis
1157 4443 1234 4499 haud

57 4532 186 4602 exemplo
206 4532 333 4602 aceepit,
361 4531 429 4599 quia
454 4529 559 4585 militia
581 4531 633 4585 Dei
660 4532 703 4586 ita
719 4531 809 4586 multo
822 4532 889 4585 ante
901 4532 1021 4599 tempus,
1035 4547 1091 4598 quo
1105 4529 1236 4586 hicliber

58 4634 153 4673 sumus
172 4619 219 4689 (cf.
238 4620 264 4673 11
281 4621 343 4676 Gor.
365 4620 404 4684 10,
422 4620 454 4683 4;
472 4618 542 4689 Epir
561 4619 633 4688 6,10
661 4619 782 4689 scriptus
801 4619 846 4684 sit,
866 4619 1012 4674 institutos
1031 4634 1104 4684 esre,
1123 4617 1169 4673 vel
1186 4635 1235 4673 no·

111 4728 215 4777 Funk,
229 4728 309 4768 Patres
323 4731 399 4777 apost.
415 4726 450 4767 ed.
466 4726 500 4767 11.
983 4710 1029 4774 34
