2834 5018
342 628 535 685 DUODEOIM
553 624 824 684 APOSTOLORUM
842 625 964 690 V-VII,
984 626 1006 679 1.
1218 633 1257 696 17

78 813 181 872 centes
206 814 385 874 creatorem
408 830 508 884 suum,
535 809 716 871 liberorum
740 812 1018 887 interemptores,
1040 806 1073 870 in
1096 807 1258 871 abortione

77 918 317 996 corrumpentes
345 918 523 977 creaturam
553 912 617 988 dei,
649 916 830 976 aversantes
860 933 1010 994 egenum,
1045 911 1258 995 opprimentes

77 1017 250 1093 afflictum,
275 1019 409 1082 divitum
433 1015 594 1091 advocati,
619 1037 794 1099 pauperum
816 1015 919 1099 iniqui
940 1014 1075 1090 iudices,
1112 1013 1257 1078 omnibus

78 1123 220 1207 peccatis
243 1121 417 1206 inquinati;
442 1122 628 1197 liberemini,
651 1122 719 1199 filii,
744 1123 784 1186 ab
806 1122 857 1186 his
882 1123 1035 1187 omnibus.

164 1226 220 1291 VI.
267 1227 359 1305 Vide,
384 1249 426 1293 ne
448 1234 523 1308 quia
546 1236 579 1292 ie
601 1230 744 1292 abducet
766 1229 806 1292 ab
829 1227 889 1292 hac
915 1228 965 1291 via
982 1229 1152 1302 doctrinae,
1179 1244 1285 1311 quo-⁶

75 1331 161 1395 niam
189 1336 317 1414 praeter
340 1333 433 1396 deum
455 1336 487 1395 ta
509 1333 609 1396 docet.
655 1333 685 1394 2.
719 1331 753 1395 si
776 1332 859 1395 enim
882 1336 987 1396 totum
1008 1333 1119 1416 iugum
1142 1332 1260 1396 domini

76 1440 211 1518 portare
235 1439 336 1519 potes,
359 1437 519 1520 perfectus
542 1436 619 1510 eris;
642 1436 669 1498 si
692 1457 766 1499 vero
787 1457 851 1501 non
867 1440 969 1518 potes,
994 1436 1095 1500 facias
1110 1436 1151 1512 id,
1175 1437 1260 1519 quod

76 1545 177 1622 potes.
216 1540 246 1603 3.
271 1538 362 1615 Quod
386 1542 426 1604 ad
449 1541 554 1605 cibum
577 1541 705 1616 attinet,
732 1541 816 1624 quod
838 1545 929 1625 potes
952 1544 1063 1624 porta;
1095 1540 1260 1605 immolata

77 1648 188 1708 autem
212 1644 451 1709 simulacrorum
474 1645 564 1709 valde
588 1644 725 1717 declina3
758 1645 893 1709 servitus
924 1646 1007 1709 enim
1037 1651 1111 1710 sunt
1132 1646 1260 1709 deorum

77 1755 288 1814 mortuorum.
1274 1759 1298 1796 ¹⁰

169 1853 242 1919 Vll.
266 1855 316 1919 De
340 1856 498 1939 baptismo
523 1859 638 1932 autem,
663 1855 708 1918 sic
730 1855 909 1938 baptizate3
943 1854 1022 1918 haec
1044 1855 1149 1918 omnia
1170 1858 1259 1936 post·

155 1975 168 2026 l
190 1972 256 2042 Sap.
277 1975 316 2053 12,
337 1975 361 2027 7.
381 2005 414 2012 —
434 1976 450 2027 5
470 1974 634 2037 1111111124,
654 1976 678 2027 4.

80 2076 187 2130 Paulus
207 2077 220 2129 I
239 2076 300 2131 Gor.
320 2077 344 2137 8.
363 2079 380 2130 4
400 2078 513 2134 scribit:
532 2083 595 2153 περὶ
614 2092 662 2149 τῆς
690 2079 750 2131 mis.
770 2077 885 2132 Minime
896 2081 989 2131 autern
1002 2095 1112 2131 ornnem
1121 2077 1249 2144 idolothy

78 2163 213 2235 βρώσεως
236 2158 293 2228 oin,
311 2165 407 2233 pergit
425 2170 534 2219 nutem:
553 2175 610 2222 τῶν
627 2166 661 2223 ei·
688 2169 782 2220 torum
795 2182 872 2219 esum
886 2165 1049 2233 permittere
1061 2165 1158 2219 voluit.
1179 2165 1261 2218 Nam·

83 2251 258 2307 dwioth'rwv
276 2257 335 2307 κτλ.
354 2252 486 2305 Hamaclr
499 2257 600 2314 censet,
612 2253 661 2320 qui
689 2252 793 2319 qualo,
801 2255 824 2307 1.
837 2253 938 2307 14-33
948 2252 1113 2306 societatem
1121 2268 1260 2304 sacrarum

81 2341 249 2392 contextum
268 2343 297 2391 et
311 2337 548 2398 rathiabitionem
561 2341 662 2413 ,idera-
689 2340 834 2408 epularum
853 2339 1001 2408 gentilium
1018 2343 1155 2405 tanquam
1173 2337 1260 2391 idolo-

78 2445 130 2481 oov
146 2426 314 2494 respexerit,
335 2425 361 2478 ei
375 2442 486 2479 versum
499 2426 533 2479 de
545 2426 661 2494 permis·
688 2426 800 2479 latriam
822 2427 990 2480 condemnat
1017 2428 1103 2492 atque
1121 2442 1199 2479 esum
1218 2441 1262 2478 ea

81 2513 160 2566 sione
190 2529 254 2566 esus
283 2512 408 2565 carnium
439 2512 660 2580 intellegendum
688 2530 749 2565 rum
762 2513 887 2566 carrrium
899 2516 1010 2567 tantum
1019 2512 1168 2581 permittit,
1188 2528 1262 2578 quae

83 2615 150 2661 esse,
163 2601 207 2653 ita
220 2602 253 2652 ut
265 2616 361 2652 sensus
376 2600 424 2652 sit:
444 2600 574 2652 carnibus
585 2599 661 2652 vesci
689 2600 718 2652 in
737 2600 855 2655 macello
875 2601 1082 2654 venumda-ntur
1093 2600 1138 2653 vei
1157 2601 1185 2653 in
1200 2617 1262 2653 con·

82 2686 139 2739 illis
159 2685 242 2749 lieet,
263 2685 312 2753 qui
331 2687 367 2739 ab
386 2687 425 2739 eis
444 2686 586 2739 abstinere
604 2702 661 2738 non
688 2685 762 2739 rivio
783 2692 970 2755 apponuntur,
991 2691 1020 2741 et
1037 2688 1067 2742 in
1079 2688 1133 2741 hoc
1152 2704 1218 2740 casu
1230 2687 1262 2739 li-

81 2778 217 2842 possunt;
246 2774 331 2826 modo
351 2774 386 2827 ab
404 2773 557 2826 immolatis
577 2773 661 2825 simu·
689 2772 810 2826 centiam
829 2774 925 2829 datam
942 2774 1058 2843 insuper
1076 2777 1213 2835 refrenat,
1240 2773 1264 2827 si

81 2859 224 2914 lucrorum
251 2877 366 2929 prorsus
394 2860 592 2913 abstinendum
610 2864 660 2913 est.
690 2861 753 2926 quis
773 2859 891 2924 dixerit,
920 2863 973 2915 hoc
1001 2878 1061 2915 esse
1088 2860 1264 2915 immolatum

83 2946 285 3016 interpretatio
296 2964 362 3000 vero
372 2948 419 3000 rix
438 2951 480 3000 est
490 2950 574 3000 recta
595 2947 661 3000 Ver·
690 2945 782 3008 idolis,
795 2951 913 3016 propter
925 2947 1126 3002 conscientiam
1140 2948 1263 3002 alterius.

82 3051 129 3086 aus
144 3033 250 3102 potius,
265 3033 463 3101 utBryennius
477 3037 505 3087 et
518 3032 660 3086 Schaffin·
691 3033 732 3087 cf.
752 3034 819 3087 lust.
839 3033 911 3088 Dial.
932 3051 954 3087 o.
974 3036 1090 3096 34-35;
1111 3036 1181 3091 iren.
1195 3035 1263 3088 Adv.

84 3121 236 3190 terpretati
247 3125 321 3184 sunt,
333 3121 368 3174 de
377 3121 536 3190 praeceptis
543 3118 576 3173 V.
585 3120 615 3173 T.
627 3121 662 3173 ad
689 3120 765 3173 haer.
778 3119 798 3183 Ι,
809 3121 833 3184 6,
845 3123 875 3183 3;
891 3122 932 3183 24,
944 3124 973 3183 5;
986 3121 1027 3181 28,
1038 3123 1068 3184 2;
1088 3121 1174 3176 Clem.
1185 3121 1264 3174 Alex.

83 3208 162 3261 cibos
174 3207 370 3276 spectantibus
380 3206 588 3276 intellegendus
602 3223 662 3260 esse
690 3206 812 3275 Paedag.
834 3208 866 3270 11,
882 3211 904 3271 l,
918 3208 1046 3276 8ρ.169;
1066 3207 1141 3277 Orig.
1153 3207 1181 3263 C.
1192 3207 1264 3261 Cels.

84 3295 204 3349 ridetur.
228 3297 336 3349 Auctor
354 3295 441 3363 igitur
460 3295 541 3348 dicit:
561 3295 662 3348 acibis
690 3291 762 3354 VIII,
770 3294 810 3346 29.
820 3295 860 3357 30,
871 3294 918 3348 ubi
927 3293 1083 3363 exponitur,
1091 3295 1176 3348 rerba
1185 3293 1266 3348 Pauli

85 3381 150 3451 lege
171 3383 204 3436 V.
219 3383 250 3436 T.
271 3382 429 3436 interdictis
447 3386 476 3435 te
496 3382 615 3443 abstine,
634 3382 664 3434 in
690 3379 777 3435 ICor.
791 3380 846 3437 8,8
865 3380 977 3435 decreto
998 3381 1191 3449 apostolorum
1204 3381 1264 3435 Act

87 3472 229 3534 quantum
246 3472 342 3538 potes;
361 3469 509 3522 immolata
521 3473 617 3523 autem
629 3467 663 3520 si·
692 3467 732 3528 15,
747 3466 781 3519 20
800 3466 959 3520 accuratius
973 3467 1117 3536 explicari.
1137 3499 1171 3507 -
1190 3474 1266 3524 deme

84 3555 336 3608 mulacrorumtibi
345 3556 458 3611 omnino
466 3556 581 3609 vitanda
590 3560 664 3612 sunt.
692 3554 807 3624 νεκρῶν]
829 3554 870 3608 cf.
890 3554 1071 3622 sap.15‚17;
1093 3554 1178 3610 lOor.
1197 3555 1221 3616 8,
1234 3555 1265 3616 4;

86 3672 119 3681 -
137 3639 194 3698 ἀπὸ
222 3641 253 3698 δὲ
271 3651 322 3699 τοῦ
348 3642 536 3699 εἰδωλοθύτου
562 3648 585 3697 λ.
605 3642 662 3715 rip]
693 3639 732 3701 10,
752 3640 802 3701 20;
822 3639 996 3701 1101131113,
1018 3645 1038 3696 1.

86 3729 146 3782 Act.
161 3729 303 3787 1121129
322 3729 444 3799 apostoli
463 3728 663 3797 Hierosolymis
725 3724 784 3788 VII,
800 3730 821 3780 1.
841 3732 904 3800 περὶ
916 3729 956 3798 δέ]
974 3728 1024 3781 Hia
1037 3728 1184 3797 particulis
1196 3729 1266 3782 haec

85 3817 257 3883 congregati
270 3817 400 3870 fidelibus
413 3833 428 3869 e
442 3815 594 3883 gentilibus
608 3817 663 3869 An·
691 3829 756 3880 pars
770 3814 868 3866 eodem
882 3814 966 3868 modo
978 3814 1065 3883 priori
1077 3815 1212 3869 adiuncta
1223 3819 1266 3869 est

85 3902 225 3956 tiochenis
246 3903 438 3972 praecipiunt,
463 3906 495 3956 ut
513 3903 548 3956 ab
567 3901 663 3954 immo·
692 3916 748 3965 quo
766 3903 892 3956 versus3
912 3901 1014 3970 capitis
1026 3900 1065 3954 VI
1082 3901 1174 3954 versui
1187 3917 1265 3969 prae·

86 3988 152 4043 latis
185 3989 399 4043 simulacrorum
424 3994 452 4043 et
480 3989 617 4058 sanguine
636 3992 665 4042 et
692 3986 811 4041 cedenti.
850 3988 892 4042 Cf.
910 3988 933 4050 9,
956 3989 985 4050 1;
1007 3989 1046 4049 11,
1067 3989 1091 4041 3.
1129 3986 1184 4040 Sed
1210 4004 1267 4040 non

85 4075 227 4130 suffocato
244 4081 273 4129 et
288 4076 475 4130 fornicatione
492 4093 521 4129 se
544 4075 664 4129 abstine·
692 4074 783 4126 solum
795 4074 938 4142 particula
955 4073 992 4138 δέ,
1012 4075 1061 4127 3311
1074 4073 1160 4127 etiam
1181 4072 1268 4126 verba

87 4167 144 4224 ant,
156 4161 310 4234 ἀπέχεσθαι
320 4163 579 4220 εἰδωλοθύτωνκτλ.
593 4161 664 4214 Pau·
693 4181 716 4217 r.
736 4181 764 4217 π.
783 4163 965 4234 προειπόντες
991 4177 1147 4215 connexum
1166 4158 1267 4213 utrius·

87 4246 129 4302 lus
150 4249 163 4302 1
182 4250 244 4304 Cor.
265 4249 281 4303 8
301 4249 414 4316 quidem
433 4247 559 4318 exponit,
579 4247 664 4301 idolo·
693 4264 747 4314 que
777 4247 866 4315 partis
897 4248 1027 4315 produnt.
1076 4247 1153 4300 Haec
1183 4246 1269 4300 rerba

87 4335 179 4404 tirytis
198 4338 274 4390 vesci
292 4353 349 4390 non
368 4352 428 4389 esse
442 4335 580 4398 illicitum,
602 4352 665 4388 cnm
692 4337 840 4402 praeterea
867 4333 1008 4396 indicant,
1036 4333 1131 4403 capita
1157 4351 1267 4402 praece·

86 4421 194 4476 idolum
222 4422 294 4476 nihil
314 4422 351 4476 sit
375 4422 525 4476 inmundo
546 4438 665 4488 cumque
693 4419 790 4474 dantia
817 4435 972 4473 sermonem
999 4435 1059 4473 esse
1086 4419 1268 4488 baptizandis

89 4509 185 4562 nullus
206 4510 244 4563 sit
256 4509 332 4564 Deus
351 4509 407 4562 nisi
419 4527 499 4572 unus,
518 4508 574 4562 nisi
592 4510 665 4562 forte
693 4506 940 4576 pronuntiandum.
959 4536 992 4544 -
1016 4507 1179 4578 βαπτίσατε]
1198 4506 1268 4560 Aue

88 4594 206 4651 licentia
218 4595 320 4650 edendi
328 4595 526 4650 offendiculum
534 4595 584 4649 fiat
590 4595 665 4649 infir·
677 4597 681 4664 1
692 4598 738 4648 tor
757 4608 855 4647 omnes
874 4591 1048 4646 Christianos
1061 4592 1185 4662 respicit.
1206 4593 1268 4646 Om-

139 4701 248 4752 Puuk,
266 4702 348 4742 Patres
363 4705 438 4751 apost.
452 4701 487 4742 ed.
500 4702 532 4742 11.
875 4728 878 4734 -
1034 4685 1053 4746 2
