2834 5018
399 690 448 745 an
467 689 810 756 repuerascens,
825 691 947 757 000.
1194 698 1257 764 307
1324 688 1329 698 '

83 866 270 931 afficiamus.
318 867 389 932 Hoc
411 869 494 933 enim
509 869 690 953 exemplum
711 870 803 933 nobis
818 871 926 953 posuit
949 872 981 935 in
1005 893 1039 936 se
1061 872 1131 955 ipso
1154 877 1186 936 et
1201 894 1260 937 nos

83 970 116 1034 id
138 971 336 1035 credidimus.

171 1074 227 1139 IX.
252 1076 345 1159 Rogo
368 1076 476 1161 itaque
499 1100 554 1143 vos
577 1100 702 1156 omnes,
732 1083 768 1143 ut
790 1080 966 1145 oboediatis
990 1083 1087 1146 verbo
1120 1081 1260 1146 iustitiae

82 1184 115 1242 et
138 1180 321 1244 sustineatis
350 1181 383 1245 in
406 1183 491 1246 omni
512 1184 681 1266 patientia,
716 1206 810 1265 quam
832 1190 865 1248 et
897 1186 995 1250 oculis
1027 1187 1103 1269 ipsis
1137 1185 1259 1250 vidistis

81 1305 146 1347 non
169 1284 272 1349 solum
295 1287 328 1350 in
358 1288 460 1352 beatis
484 1287 609 1372 Ignatio
632 1294 664 1353 et
686 1288 812 1354 Zosimo
842 1294 874 1353 et
897 1289 998 1367 liufo,
1030 1290 1084 1354 sed
1106 1291 1203 1354 etiam
1225 1291 1285 1353 ino

83 1388 164 1465 aliis,
182 1390 236 1472 qui
259 1411 298 1454 ex
312 1391 412 1467 vobis,
437 1414 473 1455 ac
489 1393 521 1456 in
544 1393 614 1476 ipso
630 1393 730 1457 Paulo
750 1395 924 1478 ceterisque
939 1394 1108 1478 apostolis3
1137 1397 1168 1459 2.
1185 1416 1259 1479 per·

83 1515 212 1558 suasum
236 1496 326 1560 vobis
348 1496 511 1574 habentes,
545 1498 603 1561 hos
625 1520 734 1563 omnes
757 1520 823 1564 000
846 1507 881 1565 tn
904 1519 1040 1564 comtum
1062 1506 1261 1580 cucurrisse,
1331 1535 1333 1540 ·

83 1601 138 1664 sed
160 1600 193 1663 in
215 1600 276 1664 fide
300 1622 336 1665 ac
359 1601 498 1678 institia,
528 1606 561 1666 et
582 1603 614 1664 in
638 1602 744 1666 debito
766 1603 845 1688 ipsis
869 1603 938 1668 loco
960 1624 1028 1667 esse
1050 1603 1136 1687 apud
1158 1602 1259 1667 domi·

83 1728 175 1781 num,
209 1727 281 1769 oum
304 1728 366 1789 quo
397 1712 429 1770 et
450 1708 537 1791 passi
568 1710 650 1771 sunt.
696 1706 771 1771 Non
795 1709 878 1772 enim
905 1728 1070 1790 praesens
1091 1710 1261 1771 succretam

82 1813 286 1890 dilexerunt,
309 1811 365 1874 sed
387 1833 467 1887 eum,
493 1811 547 1895 qui
568 1832 627 1893 pro
642 1811 733 1875 nobis
758 1817 902 1876 mortuus
925 1816 975 1876 est
998 1835 1035 1877 ac
1058 1815 1187 1895 propter
1202 1832 1259 1874 nos
1274 1830 1299 1869 ιο

83 1937 102 1976 0
126 1915 185 1977 deo
208 1921 257 1978 est
275 1916 490 1980 resuscitatus.

170 2018 209 2081 X.
234 2018 272 2083 In
294 2020 345 2084 his
367 2041 443 2103 ergo
466 2024 548 2083 state
571 2023 603 2083 et
626 2020 743 2083 domini
773 2011 934 2103 eiemplar
956 2019 1139 2105 sequimini,
1170 2022 1261 2098 1νοιί

86 2128 122 2185 tn
142 2125 210 2200 fide
233 2134 266 2188 et
287 2127 531 2203 immutabiles,
550 2126 783 2202 fraternitatis
806 2133 990 2204 amotores,
1013 2127 1188 2204 cltltqentec
1211 2130 1259 2187 tn-

82 2233 204 2307 rt'cem‚
232 2229 420 2292 inveritate
446 2228 567 2304 sociati,
591 2229 829 2293 mansuetudine
857 2228 975 2293 domini
999 2228 1143 2292 alterutri
1165 2249 1258 2310 prae-

82 2331 247 2410 stolantes,
270 2333 394 2396 mdlum
417 2333 633 2416 despicientes.
679 2333 709 2395 2.
736 2330 814 2395 Cum
837 2332 965 2415 possitis
981 2332 1176 2409 benefacere,
1200 2352 1258 2395 no·
1272 2353 1297 2391 0

152 2468 310 2537 8Philipp.
330 2469 354 2531 2,
376 2469 407 2522 16
426 2467 498 2533 (Gal.
517 2470 541 2530 2,
560 2470 596 2535 2).
616 2500 649 2508 -
677 2469 708 2524 10
728 2467 754 2520 11
773 2467 842 2522 Tim.
862 2469 887 2530 t,
909 2468 949 2522 10.
975 2499 1008 2507 —
1035 2467 1067 2521 13
1087 2465 1145 2521 001
1166 2470 1189 2532 1,
1208 2466 1259 2530 23;

80 2557 93 2609 Ι
114 2555 176 2609 Cor.
197 2557 236 2613 15,
257 2556 297 2609 58.
318 2585 351 2593 -
371 2554 402 2608 13
424 2556 527 2608 [Petr.
546 2557 569 2617 3,
589 2556 606 2608 8
625 2556 660 2623 (2,
682 2557 732 2626 17).
752 2587 786 2595 -
807 2556 953 2609 1410000.
974 2555 1014 2620 13,
1033 2556 1080 2618 34;
1102 2554 1260 2619 15,12.1‘t;

82 2643 162 2696 Rom.
184 2642 222 2706 13,
242 2644 259 2696 8
278 2644 331 2695 ete.

151 2764 173 2816 F
185 2786 220 2811 =
232 2764 319 2826 Fsmk,
339 2763 365 2816 H
377 2786 412 2810 =
423 2762 593 2832 Hilgenfeld,
613 2765 634 2817 L
647 2786 680 2810 =
692 2764 846 2834 Lightfoot,
868 2763 887 2815 Z
900 2786 934 2813 ε
947 2763 1033 2825 Zahn,
1053 2763 1097 2817 vel
1118 2763 1259 2819 editiones

81 2849 218 2905 versionis
239 2851 273 2903 ab
294 2851 333 2904 eis
351 2854 477 2919 paratae.

153 2957 185 3010 14
203 2955 411 3010 ntnsasuetudine
426 2954 475 3007 HL
494 2955 566 3021 (eod.
580 2954 684 3024 Regius
702 2955 785 3015 solus,
810 2955 859 3021 qui
882 2971 914 3009 eo
936 2955 1050 3021 quidem
1071 2955 1261 3025 suspicionem

81 3045 184 3104 movet,
205 3042 280 3108 quod
295 3058 392 3096 vocem
412 3058 475 3094 eum
488 3041 676 3110 praecedente
689 3042 841 3105 coniunxit,
861 3042 1001 3095 scribens:
1021 3043 1119 3097 sociati
1137 3060 1260 3097 mansue·

81 3132 176 3184 tudine
194 3131 311 3197 demini,
331 3128 514 3183 nihilominus
529 3133 623 3183 autem
642 3132 749 3184 rectam
762 3128 913 3183 lectionem
932 3130 1045 3184 tradere
1059 3131 1177 3193 videtur,
1198 3146 1260 3182 cum

82 3217 223 3271 ablativus
250 3217 336 3270 etiam
363 3220 496 3271 contextu
521 3221 655 3286 poscatur
681 3219 726 3271 vel
744 3218 860 3271 verbum
881 3217 1047 3285 praestolari
1073 3232 1158 3285 aegre
1178 3232 1261 3268 sensu

81 3305 160 3357 verbi
170 3312 312 3373 proestare
321 3304 448 3373 intellegi
456 3306 577 3373 potest):
596 3306 828 3361 marmuetudiuem
837 3303 878 3355 ΡΖ
894 3305 899 3372 Ι
917 3304 949 3357 15
962 3303 1078 3371 possitis
1094 3304 1223 3371 :potestis
1236 3302 1258 3355 1,

80 3427 315 3490 remittebantur,
345 3426 412 3493 quia
437 3426 512 3480 cives
536 3426 656 3480 Romani
683 3427 799 3480 feratur.
828 3456 861 3464 -
889 3425 928 3491 εἰς
945 3424 996 3480 τὸν
1019 3423 1067 3493 dp.
1088 3423 1186 3492 τόπον]
1216 3423 1258 3478 01.

81 3518 169 3567 erant
207 3513 315 3566 Revera
333 3514 367 3567 de
386 3531 483 3568 eorum
501 3514 598 3583 patria
615 3515 655 3567 ni·
682 3512 799 3567 IClem.
818 3515 842 3575 5,
860 3514 885 3565 4.
905 3514 929 3567 7.
955 3542 990 3549 -
1017 3509 1189 3580 sorbendos]
1216 3511 1258 3564 cf.

80 3601 121 3653 hil
141 3601 211 3654 certi
231 3600 402 3671 dicipotest.
421 3632 455 3641 —
473 3611 532 3669 τοῖς
549 3607 657 3668 λοιποῖς
683 3599 861 3663 11000017.
888 3629 912 3638 ο
932 3598 982 3654 τὸν
1000 3594 1072 3664 ὑπὲρ
1090 3598 1171 3667 ἡμῶν
1188 3598 1258 3667 κτλ]

79 3686 138 3757 ἀπ]
158 3687 175 3740 i.
196 3704 218 3740 0.
238 3690 340 3742 ceteris
363 3689 500 3757 apostolis
526 3689 570 3743 vel
589 3688 655 3742 viris
684 3687 818 3741 Similiter
845 3684 973 3755 Ignatius
1001 3684 1079 3738 Rom
1105 3684 1178 3748 6,1.
1217 3686 1258 3741 01.

81 3775 255 3844 apostolicis,
275 3777 325 3842 qui
337 3780 450 3845 praeter
462 3776 581 3830 Paulum
592 3775 655 3830 Phi·
684 3775 709 3828 II
729 3773 788 3827 Cor.
809 3774 833 3835 5,
856 3775 901 3835 15;
920 3773 933 3825 1
952 3772 1048 3826 Thess.
1067 3772 1092 3834 5,
1114 3772 1154 3826 10.

79 3862 174 3931 lippos
195 3866 337 3915 venerant.
719 3860 839 3914 X-Xll.
866 3859 937 3913 xlv.
975 3858 1095 3911 Textum
1125 3874 1257 3927 graecum

115 3952 140 4004 2.
159 3948 368 4018 πεπεισμένους]
386 3951 603 4004 construendum
614 3955 657 4003 est
683 3948 783 4001 horum
801 3946 934 4014 capitum,
954 3961 1026 4012 quae
1039 3944 1128 3998 latine
1148 3949 1259 4000 tantum

80 4056 144 4091 cum
162 4041 315 4110 παρακαλῶ
330 4041 389 4091 κτλ.
407 4067 442 4075 -
460 4036 511 4093 eim
528 4069 563 4077 -
581 4033 657 4109 ἕδρα·
684 4037 805 4097 exstant,
823 4032 948 4087 restituit
965 4031 1049 4085 Zahn.
1085 4032 1181 4086 Pauca
1205 4049 1257 4103 ego

77 4124 145 4193 μον]
166 4122 216 4176 His
235 4121 328 4175 verbis
347 4121 536 4192 Polycarpus,
560 4141 655 4191 quam·
684 4119 841 4177 emendavi.

80 4226 167 4278 quam
186 4209 301 4262 nuntius
312 4210 435 4262 nondum
447 4211 573 4279 perlatus
586 4215 655 4274 erat,
720 4211 742 4262 1.
761 4205 865 4282 ἑδραῖοι
884 4227 907 4262 ι.
926 4207 966 4277 aa]
987 4206 1028 4260 01.
1049 4206 1108 4275 Ign.
1129 4204 1201 4273 Eph.
1217 4205 1257 4268 10,

79 4299 135 4353 sibi
154 4313 320 4366 persuasum
340 4312 370 4349 se
388 4295 521 4351 habuisse
540 4295 655 4359 indicat,
683 4297 707 4349 2.
736 4325 772 4334 -
798 4294 961 4365 φιλάδελφοι
992 4292 1051 4349 ἀλλ
1082 4293 1257 4367 ἀγαπῶντες]

79 4384 223 4456 ignatium
251 4383 417 4450 martyrium
444 4383 502 4435 iam
529 4382 654 4437 subiisse.
684 4383 763 4436 Hanc
790 4379 958 4449 particulam
986 4378 1135 4450 Lightl'oot
1165 4379 1258 4433 verbis

78 4473 143 4527 Vox
161 4471 297 4543 μακάριος
315 4469 345 4521 in
363 4486 388 4523 v.
411 4470 422 4521 1
444 4470 655 4523 (1010000001-
683 4468 764 4521 Pauli
788 4467 866 4520 Rom.
888 4467 986 4531 12,10
1014 4466 1152 4521 reddidit:
1180 4473 1258 4538 φιλο-

77 4558 120 4614 hil
138 4557 250 4628 probat,
270 4558 375 4626 quippe
401 4573 474 4623 0000
491 4572 548 4609 000
567 4557 656 4611 solum
683 4557 801 4631 στοργίᾳ
819 4553 859 4622 εἰς
870 4553 1004 4625 ἀλλήλους
1021 4557 1210 4627 φιλόστοργοι.
1223 4585 1258 4594 -

79 4646 116 4699 ad
135 4649 270 4709 mortuos,
290 4645 339 4698 sed
358 4645 444 4698 etiam
464 4643 501 4696 ad
519 4641 597 4698 vivos
615 4659 656 4697 re·
683 4645 718 4713 τῇ
735 4639 866 4719 ἐπιεικείᾳ
883 4661 907 4698 τ.
919 4662 945 4698 κ.
964 4638 1023 4698 ἄλλ.
1041 4640 1257 4714 προηγούμενοι]

983 4729 1050 4797 20*
