2834 5018
541 669 609 724 SIM.
629 669 676 732 IX,
690 668 731 733 20,
744 668 839 732 3-22,
858 671 882 723 2.
1235 674 1297 737 617

119 849 264 913 homines
288 851 430 929 difficile
453 857 504 912 eat
530 854 564 912 ia
588 866 726 928 reorum
750 849 805 911 dei
833 852 972 911 intrare.
1017 848 1047 910 4.
1073 845 1135 911 Sed
1156 847 1207 912 his
1229 869 1298 911 om·

120 954 213 1018 nibus
235 954 431 1037 paenitentia
455 957 512 1029 est,
537 952 648 1017 celeris
666 956 781 1027 autem,
806 956 842 1014 ut
866 951 950 1034 quod
964 950 1123 1035 prioribus
1146 951 1298 1034 tempori-

119 1059 179 1123 bus
203 1078 267 1122 non
289 1058 447 1134 fecerunt,
470 1078 554 1121 nunc
575 1060 738 1120 recurrant
769 1055 835 1119 dies
857 1077 930 1119 suos
953 1058 985 1119 et
1008 1055 1083 1119 boni
1106 1054 1227 1138 aliquid
1248 1056 1299 1120 fa·

120 1163 215 1227 ciant.
262 1161 296 1227 Si
319 1163 419 1246 igitur
444 1161 672 1245 paenitentiam
695 1161 818 1244 egerint
844 1181 881 1224 ac
903 1160 980 1224 boui
1003 1159 1123 1243 aliquid
1154 1159 1295 1237 fecerint,

119 1268 227 1332 vivent
249 1267 323 1340 deo;
357 1266 535 1330 sinautem
556 1266 590 1329 in
613 1265 736 1329 actibus
769 1267 834 1330 suis
857 1265 1102 1351 permanserint,
1134 1265 1324 1328 tradenturs

118 1370 305 1436 mulieribus
327 1371 401 1448 illis,
427 1392 507 1454 quae
530 1392 584 1434 eos
608 1371 648 1434 ad
670 1374 804 1434 mortem
828 1371 991 1436 deducent.

209 1470 271 1539 21.
297 1475 345 1539 De
368 1478 482 1556 quarto
504 1495 578 1538 vero
600 1479 707 1538 monte
723 1474 859 1540 habente
882 1476 1000 1540 multas
1014 1475 1139 1551 herbas,
1164 1495 1298 1557 quarum

120 1581 262 1664 superior
284 1603 359 1664 pars
383 1580 490 1644 viridis
513 1584 575 1650 est,
598 1602 673 1663 pars
697 1580 737 1643 ad
759 1579 879 1643 radices
903 1579 998 1656 arida,
1024 1580 1178 1664 quaedam
1201 1578 1299 1642 etiam

120 1684 227 1749 asole
257 1684 416 1748 arefactae
438 1688 528 1761 sunt,
562 1684 617 1769 qui
639 1685 856 1760 crediderunt,
887 1685 1068 1749 huiusmodi
1098 1687 1190 1749 sunt:
1226 1704 1298 1746 cum

120 1788 216 1865 dubii,
240 1793 309 1852 tum
333 1789 386 1872 qui
409 1788 571 1853 dominum
593 1789 712 1853 habent
733 1789 767 1852 in
789 1788 900 1866 labiis,
934 1789 967 1853 in
989 1790 1082 1854 corde
1106 1794 1212 1853 autem
1234 1809 1298 1851 non
1312 1806 1337 1842 ιο

120 1892 248 1957 habent.
295 1894 324 1955 2.
350 1891 523 1976 Propterea
546 1891 752 1957 fundamenta
775 1915 884 1958 eorum
907 1894 995 1958 arida
1020 1898 1095 1958 sunt
1116 1914 1219 1978 neque
1233 1893 1298 1956 vim

119 1998 246 2072 habent,
272 2003 304 2061 et
327 1997 422 2061 verba
445 2018 553 2061 eorum
575 1998 794 2062 tantummodo
816 1999 939 2075 vivunt,
964 2019 1061 2081 opera
1083 2002 1189 2062 autem
1211 2019 1296 2061 mor·

119 2107 176 2166 tua
197 2106 280 2166 sunt.
326 2101 421 2165 Tales
437 2122 495 2166 nec
517 2102 627 2166 vivimt
642 2123 700 2166 nec
722 2103 840 2166 mortui
854 2108 936 2167 sunt.
982 2102 1108 2167 Similes
1130 2122 1208 2186 ergo
1223 2106 1298 2166 sunt

120 2205 239 2281 dubiis;
275 2205 391 2269 etenim
421 2205 510 2269 dubii
541 2227 643 2290 neque
675 2206 791 2270 virides
823 2210 898 2270 sunt
926 2228 1028 2290 neque
1060 2206 1156 2280 aridi;
1184 2212 1298 2290 'nequo

119 2310 201 2373 enim
224 2309 334 2373 vivunt
363 2331 465 2393 neque
486 2311 604 2374 mortui
635 2314 720 2375 sunt.
767 2313 796 2375 3.
822 2310 911 2376 Sicut
933 2311 1016 2375 enim
1047 2311 1165 2375 herbae
1188 2332 1297 2375 comm
1312 2329 1337 2367 1⁶

119 2414 185 2479 sole
207 2415 274 2479 viso
297 2418 496 2491 exaruerunt,
520 2416 566 2480 sic
590 2421 622 2480 et
645 2416 748 2491 dubii,
777 2437 849 2479 cum
871 2414 1108 2480 tribulationem
1131 2415 1296 2492 audierint,

119 2520 159 2583 ob
182 2519 342 2603 ignaviam
359 2541 449 2583 suam
474 2520 606 2584 redeunt
622 2520 662 2584 ad
685 2520 854 2584 simulacra
876 2523 908 2583 et
923 2518 1110 2582 erubescunt
1123 2520 1157 2583 in
1171 2519 1297 2583 nomine

119 2622 237 2687 domini
259 2624 316 2687 sui.
363 2626 393 2687 4.
418 2623 515 2687 Tales
544 2625 645 2709 igitur
666 2647 724 2689 nec
753 2625 865 2688 vivunt
886 2644 943 2687 uec
965 2623 1083 2686 mortui
1105 2627 1188 2687 sunt.
1236 2622 1297 2687 Sed

117 2727 152 2790 hi
176 2748 320 2811 quoque,
354 2727 467 2791 sicito
494 2729 722 2811 paenitentiam
755 2730 894 2815 egerint,
927 2731 1076 2812 poterunt
1097 2728 1217 2803 virere;
1249 2729 1297 2792 sin

117 2831 344 2915 paenitentiam
373 2853 436 2895 non
467 2833 606 2916 egerint,
638 2834 701 2898 iam
732 2834 915 2898 mulieribus
949 2832 1058 2896 traditi
1088 2837 1181 2911 sunt,
1217 2854 1297 2917 quae
1311 2847 1336 2885 ²⁰

118 2935 266 2999 auferunt
286 2936 385 2999 vitam
407 2936 562 3019 ipsorum.

206 3035 269 3104 22.
292 3039 342 3103 De
363 3045 472 3104 monte
503 3041 632 3133 quinto,
668 3041 722 3124 qui
744 3040 842 3103 habet
871 3039 986 3103 herbas
1008 3039 1123 3103 virides
1151 3043 1183 3103 et
1206 3061 1298 3123 asper

117 3149 174 3215 est,
200 3145 254 3229 qui
277 3145 490 3223 crediderunt,
521 3145 706 3209 huiusmodi
729 3148 818 3209 sunt:
850 3142 958 3208 fideles
981 3144 1123 3225 quidem,
1155 3144 1210 3208 sed
1233 3143 1297 3207 dif-

117 3247 200 3312 ficile
223 3249 379 3313 discentes
403 3253 435 3313 et
451 3250 585 3313 audaces
608 3253 641 3312 et
663 3249 724 3312 sibi
738 3249 909 3331 placentes,
934 3248 1074 3312 volentes
1098 3248 1204 3312 omnia
1219 3267 1296 3331 cog·

116 3373 246 3417 noscere
268 3358 301 3417 et
322 3352 402 3416 nihil
424 3353 550 3417 omnino
582 3356 820 3437 cognoscentes.
867 3352 896 3415 2.
922 3351 1058 3435 Propter
1083 3352 1166 3415 hanc
1189 3372 1297 3414 eorum
1310 3367 1336 3407 2⁶

119 3457 283 3520 audaciam
314 3457 445 3521 recessit
467 3458 507 3521 ab
537 3457 576 3521 iis
609 3478 728 3535 sensus,
754 3460 786 3520 et
814 3456 945 3520 intravit
972 3456 1005 3519 in
1032 3476 1086 3519 eos
1114 3455 1298 3538 insipientia

189 3613 201 3664 1
221 3609 306 3663 Marc.
328 3609 367 3672 10,
387 3608 429 3662 24.

117 3747 134 3800 i.
155 3764 177 3800 e.
197 3748 246 3815 qui
272 3764 356 3819 aegre
384 3750 603 3819 cognoscuntur,
631 3749 650 3804 i.
669 3765 692 3803 e.
704 3751 708 3834 l
720 3748 864 3816 discipulis
883 3747 991 3817 quidem
1004 3747 1130 3815 propriis
1148 3753 1210 3802 cate
1230 3764 1297 3802 com·

118 3834 166 3900 qui
185 3835 258 3888 tales
276 3837 426 3903 proferunt
444 3834 601 3900 doctrinae,
620 3852 693 3903 quae
719 3836 836 3901 mittant,
855 3851 937 3903 quam
957 3850 1021 3889 auos
1037 3835 1157 3902 fecerim.
1189 3832 1298 3887 Similia

117 3920 225 3989 percipi
257 3926 413 3990 nequeant;
450 3922 485 3975 cf.
519 3923 594 3977 Tert.
621 3921 691 3976 Adv.
721 3921 796 3990 apud
809 3921 1037 3992 multospatres;
1056 3918 1188 3974 cf.etiam
1201 3920 1295 3975 ITim.

117 4008 228 4061 Valent.
247 4025 270 4062 c.
290 4012 318 4063 1:
347 4008 379 4063 Se'
398 4010 468 4064 bona
490 4009 544 4076 fide
567 4027 691 4080 quaeras
722 4011 743 4071 1,
762 4008 792 4070 4;
811 4008 835 4071 6,
854 4008 886 4070 5;
908 4007 933 4060 II
952 4007 1023 4061 Tim.
1043 4009 1067 4071 2,
1089 4007 1127 4063 16.
1148 4006 1177 4061 Si
1195 4011 1296 4076 δυσμα-

117 4102 237 4150 cormac
263 4097 353 4162 omia,
383 4112 513 4164 suspeneo
539 4098 691 4166 aupaciiio,
719 4094 978 4164 tpcsemmactivo
991 4094 1122 4163 accipias,
1135 4093 1295 4148 memineris

116 4182 212 4235 Altum
229 4188 274 4244 eat,
294 4183 380 4236 aiunt.
417 4182 450 4236 Si
467 4184 600 4237 subtiliter
611 4189 691 4251 iemp-
719 4179 835 4236 IlTim.
856 4181 879 4243 3,
900 4182 1007 4244 7;1ud.
1029 4182 1060 4236 10
1079 4181 1241 4250 (Hamaok).
1260 4212 1295 4221 -

116 4272 163 4334 tes,
184 4285 236 4336 per
257 4269 446 4338 ambipuitates
470 4270 603 4338 &tapam
623 4286 691 4324 corn·
718 4266 860 4337 αὐθάδεις]
879 4268 920 4322 cf.
940 4267 967 4320 Π
985 4267 1060 4323 Patr.
1079 4269 1103 4332 2,
1124 4269 1164 4323 10.
1182 4299 1217 4308 -
1234 4265 1294 4325 tau

116 4371 222 4408 moriem
239 4355 319 4421 fidon
342 4354 495 4420 adliminat
531 4354 563 4410 a·
581 4357 693 4411 acircio
719 4363 778 4422 τοῖς
804 4350 980 4427 ἀρέσκοντες]
1014 4355 1055 4409 Cf.
1082 4354 1159 4410 Rom.
1190 4355 1235 4417 15,
1265 4357 1294 4417 1;

117 4441 308 4507 apostatans,
327 4446 427 4509 repant
443 4442 578 4511 quidquid
595 4460 691 4514 opnor·
720 4442 746 4495 ΙΙ
764 4440 833 4494 Tim.
854 4443 883 4506 3,
908 4443 933 4496 2.
959 4473 995 4482 -
1020 4443 1112 4499 πάντα
1139 4441 1294 4515 γινώσκειν]

116 4533 187 4581 cunt.
225 4526 257 4580 Si
275 4527 397 4581 cominus
415 4533 510 4595 cerua,
537 4534 612 4584 tuam
629 4531 691 4584 aim·
720 4528 762 4584 ef.
781 4529 807 4582 ΙΙ
826 4528 897 4583 Tim.
916 4531 940 4592 3,
954 4529 977 4581 ‘d
996 4529 1135 4598 Agnoscis
1152 4528 1200 4582 hic
1217 4544 1296 4597 prae·

111 4615 262 4683 plicitciem
279 4631 332 4669 seia
349 4614 429 4669 ccede
447 4614 612 4685 disperpcnt.
649 4616 693 4671 Ne
720 4616 817 4671 sertim
836 4615 993 4671 Gnosticos.
