2834 5018
152 230 216 296 614
584 218 740 274 Ηυυυιῐι
758 217 903 274 PASTOR

151 400 237 466 οῦτοί
260 401 350 463 εἰσιν·
374 397 549 462 ἀποστάται
571 398 625 458 καί
642 394 820 481 βλάσφημοι
843 395 886 470 εἰς
910 396 963 457 τὸν
984 393 1106 476 κύριον
1131 395 1190 457 καί
1215 394 1350 476 προδόται

152 515 214 570 τῦν
238 504 359 568 δούλων
384 514 439 567 τοῦ
463 506 552 569 θεοῦ.
597 501 719 576 τούτοις
741 500 776 564 δὲ
791 500 940 583 μετάνοια
962 500 1134 578 οὐκέστι,
1161 500 1304 574 θάνατος
1322 499 1348 561 δέ

151 611 232 688 ἔστι,
261 610 315 672 καί
338 608 390 671 διὰ
416 616 507 670 τοῦτο
536 607 590 669 καί
618 603 750 688 μέλανές
773 604 845 668 εἰσι·
880 605 933 668 καί
960 606 1027 688 γὰρ
1057 605 1100 666 τὸ
1131 602 1231 688 γένος
1260 605 1350 666 αύτῦν

153 713 268 797 ἄνομόν
292 712 384 775 ἐστιν.
430 716 459 777 2.
486 711 522 774 ἐκ
544 711 579 774 δὲ
601 719 656 772 τοῦ
679 708 824 791 δευτέρου
847 711 937 792 ὄρους
958 717 1018 770 τοῦ
1049 707 1160 789 ψιλοῦ
1184 709 1217 772 οί
1240 708 1350 773 πιστεύ-

126 838 263 892 νσαντες
294 815 428 879 τοιοῦτοί
455 815 547 879 εἰσιν·
581 815 743 895 ὑποκριταί
774 815 829 877 καί
860 811 1050 877 διδάσκαλοι
1089 813 1264 898 πονηρίας
1306 815 1349 875 καί

152 919 237 984 ούτοι
261 923 315 985 ούν
337 929 401 995 τοῖς
427 919 586 1002 προτέροις
609 918 710 1002 ὅμοιοί
733 918 805 997 εἰσι,
835 919 877 1000 μὴ
900 917 1029 999 ἔχοντες
1058 919 1216 1002 καρπόν
1239 917 1350 983 ὁτκοιο

154 1029 272 1109 σύνης
298 1023 341 1099 ὡς
362 1025 423 1107 γὰρ
444 1025 480 1085 τὸ
503 1025 573 1105 ὄρος
596 1025 699 1087 αὐτῶν
723 1025 875 1104 ἄκαρπον,
899 1022 981 1083 ούτω
997 1021 1056 1082 καί
1084 1021 1120 1083 οἱ
1146 1021 1350 1104 ἄνθρωποιοί

152 1138 285 1191 τοιοῦτοι
313 1130 411 1210 ὄνομα
438 1128 494 1210 μέν
521 1129 665 1210 ἔχουσιν,
694 1127 814 1189 ἀπὸδὲ
841 1134 895 1209 τῆς
921 1122 1062 1199 πίστεως
1094 1126 1193 1189 κενοί
1222 1126 1282 1189 εἰσι
1307 1127 1350 1188 καί

153 1232 253 1306 οὐδείς
279 1231 312 1294 ἐν
335 1233 439 1306 αὐτοῖς
465 1233 585 1313 καρπός
612 1229 775 1314 ἀληθείας.
822 1229 939 1302 τούτοις
971 1224 1029 1290 οὖν
1059 1230 1231 1311 μετάνοια
1253 1239 1350 1305 κεῖτα,

115 1362 139 1398 ιο
154 1335 208 1398 ἐὰν
232 1339 311 1417 ταχύ
339 1335 587 1418 μετανοήσωσιν·
622 1334 734 1398 ἐὰνδὲ
764 1332 950 1418 βραδύνωσι,
984 1334 1068 1414 μετὰ
1096 1343 1170 1400 τῶν
1202 1334 1351 1418 προτέρων

153 1439 240 1500 ἔσται
263 1438 280 1501 δ
303 1439 442 1515 θάνατος
465 1441 577 1505 αὐτῶν.
624 1443 653 1505 3.
678 1437 775 1519 Διατί,
800 1436 890 1521 φημί,
913 1435 1017 1517 κύριε,
1049 1438 1189 1516 τούτοις
1213 1440 1352 1524 μετάνοιά

153 1540 229 1620 ἐστι,
251 1551 315 1618 τοῖς
337 1542 371 1605 δέ
393 1541 526 1625 πρώτοις
549 1545 608 1608 οὐκ
631 1543 711 1622 έοτι;
745 1541 831 1624 παρά
854 1561 882 1603 τι
904 1541 964 1623 γὰρ
987 1539 1022 1601 αί
1047 1543 1155 1606 αὐταί
1179 1544 1215 1607 αί
1238 1544 1352 1628 πράξεις

153 1647 256 1709 αὐτῶν
279 1646 347 1711 εἰσί.
393 1646 452 1711 Διά
474 1657 579 1727 τοῦτο,
603 1647 693 1731 φησί,
727 1646 845 1721 τούτοις
873 1643 1024 1728 μετάνοια
1060 1656 1195 1727 κεῖται,
1233 1652 1281 1713 δτι
1302 1651 1351 1713 οὐκ

154 1749 400 1835 ἐβλασφήμησαν
423 1753 476 1815 τόν
499 1751 604 1833 κύριον
628 1752 731 1814 αὐτῶν
754 1750 827 1814 οὐδὲ
850 1747 991 1833 ἐγένοντο
1008 1749 1178 1830 προδόται
1204 1763 1271 1818 τῶν
1293 1753 1352 1818 δού

115 1879 140 1916 ιι
154 1853 218 1917 λων
240 1866 296 1919 τοῦ
321 1860 414 1935 θεοῦ,
442 1857 493 1919 διὰ
517 1855 551 1918 δέ
573 1857 629 1938 τὴν
658 1853 826 1938 ἐπιθυμίαν
848 1861 903 1916 τοῦ
926 1849 1095 1935 λήμματος
1132 1856 1351 1943 ὑπεκρίθησαν

152 1963 205 2023 καί
229 1960 365 2039 ἐδίδαξεν
400 1962 532 2035 ἕκαστος
557 1958 667 2046 [κατὰ]
691 1961 746 2034 τὰς
781 1956 947 2040 ἐπιθυμίας
974 1964 1039 2020 τῶν
1077 1959 1280 2042 ἀνθρώπων
1300 1971 1352 2024 τῶν

153 2065 403 2149 ἁμαρτανόντων.
449 2064 533 2128 ἀλλὰ
555 2062 674 2127 τίσουσι
702 2063 791 2148 δίκην
814 2063 897 2126 τινοί·
931 2069 1032 2125 κεῖται
1058 2062 1096 2126 δέ
1129 2067 1248 2143 αὐτοῖς
1271 2067 1352 2151 μετό-

153 2190 222 2231 νοια
245 2170 354 2233 διὰτὸ
377 2173 419 2255 μὴ
442 2168 592 2255 γενέσθαι
617 2170 729 2244 αὐτοὺς
752 2166 954 2253 βλασφήμους
977 2165 1060 2250 μηδὲ
1083 2170 1269 2250 προδότας

241 2271 303 2340 20.
329 2273 388 2337 Ἐκ
411 2275 445 2337 δέ
467 2283 522 2336 τοῦ
555 2275 645 2355 ὄρους
668 2281 723 2335 τοῦ
744 2271 847 2354 τρίτου
876 2280 930 2333 τοῦ
953 2270 1087 2352 ἔχοντος
1123 2274 1287 2353 ἀκάνθας
1306 2277 1351 2339 καί

116 2396 142 2433 ιο
156 2375 316 2461 τριβόλους
338 2377 367 2439 οί
390 2378 609 2453 πιστεύσαντες
642 2377 776 2441 τοιοῦτοί
798 2377 889 2440 εἰσιν·
924 2374 956 2452 ἐξ
979 2375 1089 2441 αὐτῶν
1120 2379 1156 2441 οἱ
1182 2383 1244 2464 μὲν
1267 2382 1351 2446 πλού

153 2501 224 2560 οιοι,
249 2480 278 2543 οἱ
300 2481 334 2543 δὲ
356 2481 581 2565 πραγματείαις
614 2481 746 2556 πολλαῖς
781 2478 1018 2563 ἐμπεφυρμένοι.
1068 2480 1100 2543 οί
1125 2485 1192 2565 μέν
1224 2485 1352 2573 τρίβολοί

154 2585 230 2649 εἰσιν
262 2585 290 2648 οί
318 2584 477 2667 πλούσιοι,
510 2586 543 2648 αἱ
574 2586 608 2649 δέ
638 2587 778 2651 ἄκανθαι
811 2585 839 2648 οί
870 2584 901 2648 ἐν
924 2592 991 2659 ταῖς
1022 2589 1273 2670 πραγματείαις
1295 2598 1351 2663 τοῖς

153 2688 309 2765 ποικίλαις
341 2688 577 2774 έμπεφυρμένοι.
624 2694 653 2757 2.
679 2689 762 2753 ούτοι
797 2686 884 2774 Ιούν,
915 2687 944 2750 οἱ
966 2687 999 2751 ἐν
1027 2688 1179 2768 πολλαῖς
1215 2697 1351 2758 καίτοι·

153 2793 254 2869 κίλαις
275 2794 499 2878 πραγματείαις
522 2792 759 2878 ἐμπεφυρμένοι,
783 2792 835 2878 ού]
859 2790 1035 2856 κολλῶνται
1051 2802 1123 2870 τοῖς
1148 2797 1284 2875 δούλοις
1304 2806 1351 2860 τοῦ

114 2915 140 2954 2⁵
154 2900 251 2978 θεοῦ,
286 2897 357 2960 ἀλλ’
386 2897 628 2961 ἀποπλανῶνται
657 2897 834 2982 πνιγόμενοι
863 2897 923 2959 ὑπὸ
954 2903 1018 2958 τῶν
1049 2897 1213 2979 πράξεων
1239 2905 1350 2966 αὐτῶν·

154 3002 183 3064 οί
205 3002 240 3065 δέ
262 3001 403 3065 πλούσιοι
426 3002 588 3078 δυσκόλως
603 3001 779 3066 κολλῦνται
802 3010 865 3076 τοῖς
887 2998 1010 3075 δούλοις
1032 3010 1094 3064 τοῦ
1116 3005 1221 3085 θεοῦ,
1246 3004 1352 3092 φοβού

153 3126 250 3189 μενοι,
273 3105 315 3188 μή
338 3126 366 3168 τι
382 3106 567 3172 αἰτισθῦσιν
590 3105 641 3167 ὑπ’
658 3106 775 3169 αὐτῶν·
800 3105 829 3168 οί
850 3111 982 3167 τοιοῦτοι
998 3099 1053 3166 ούν
1080 3105 1276 3192 δυσκόλως
1291 3113 1352 3174 250-

154 3210 351 3275 ελεύσονται
374 3214 421 3292 εἰς
452 3215 515 3296 τὴν
537 3211 715 3295 βασιλείαν
737 3218 797 3275 τοῦ
819 3209 913 3274 θεοῦ.
960 3211 990 3274 3.
1008 3206 1123 3291 ὥσπερ
1146 3213 1219 3295 γὰρ
1243 3214 1277 3278 ἐν
1299 3233 1352 3294 τρι·

154 3312 258 3398 βόλοις
287 3323 412 3397 γυμνοῖς
442 3317 515 3378 ποσί
545 3323 723 3397 περιπατεῖν
754 3312 906 3377 δύσκολόν
941 3311 1041 3389 ἐστιν,
1078 3315 1174 3379 οὕτω
1209 3320 1267 3381 καί
1297 3326 1353 3390 τοῖς

222 3495 240 3545 4
258 3494 387 3568 δευτέρου
400 3511 406 3544 :
417 3488 470 3568 βου
489 3496 520 3558 G,
541 3494 671 3548 similiter
689 3494 857 3564 plerumque
876 3492 1008 3560 deinceps
1025 3491 1029 3562 Ι
1046 3499 1140 3564 ψιλοῦ
1160 3496 1198 3551 L¹
1220 3501 1259 3553 cf.
1281 3502 1303 3563 1,
1320 3501 1352 3553 5:

152 3577 260 3650 ίνρηλοῦ
278 3582 334 3644 GA,
354 3589 439 3654 ξηροῦ
456 3582 490 3635 L²
505 3583 509 3652 Ι
525 3583 542 3635 6
561 3577 691 3653 ἕχοντεςτ
707 3582 742 3653 -Ι-
755 3582 829 3636 inter
848 3583 889 3650 (in
901 3581 945 3647 U)
966 3595 995 3632 se
1012 3579 1034 3631 Ιι
1051 3580 1055 3650 Ι
1073 3582 1091 3634 7
1114 3583 1221 3643 αὐτῶν
1234 3607 1242 3641 ι
1257 3589 1293 3660 «Ι-
1305 3591 1353 3641 ste·

152 3665 212 3718 rilis
231 3671 274 3720 est
294 3684 326 3721 οο
345 3668 378 3720 L¹
392 3669 448 3737 (ΙΙΙ
466 3669 469 3738 Ι
488 3671 519 3723 12
537 3667 660 3742 πρώτοις
677 3669 877 3738 G:prioribus
895 3665 1097 3740 Ιπροτέροιςῖ)
1119 3670 1172 3723 LA
1197 3677 1203 3742 Ι
1227 3675 1258 3732 αἱ
1276 3676 1353 3733 αὐτοὶ

153 3752 272 3821 ΙΒΙΙιἈ)
285 3772 291 3806 :
304 3759 349 3810 καί
367 3749 446 3812 αὗται
466 3755 488 3810 G
505 3757 510 3827 Ι
528 3757 560 3809 16
578 3756 650 3812 κατὰ
668 3757 715 3809 LA
728 3775 734 3809 :
747 3759 782 3824 >
801 3757 825 3811 G
841 3757 845 3827 Ι
861 3755 896 3810 20
913 3754 982 3811 εἰσιν
995 3753 1032 3822 -Ι-
1045 3755 1125 3824 τινὲς
1145 3759 1170 3813 G
1190 3761 1195 3831 Ι
1214 3760 1249 3833 ἐξ
1266 3763 1354 3820 αὐτῶν

154 3839 269 3908 GA2>
287 3841 309 3894 L
333 3843 337 3911 Ι
361 3841 442 3909 23Ι24
462 3838 512 3899 οὖν
536 3874 570 3882 -
594 3841 628 3899 ού
645 3843 819 3913 L(A):>G
843 3843 848 3913 Ι
874 3842 907 3896 2Ἷ
931 3839 1112 3898 αἰτίσθιυσοιν
1139 3844 1191 3902 ὑπ’
1213 3848 1354 3920 L(A):aa’-

153 3932 290 3983 τιαθῶοιν
307 3926 354 3983 ἀπ’
373 3929 397 3982 G

153 4073 333 4143 singulorum.
371 4077 491 4131 Hermae
517 4078 552 4131 de
576 4078 648 4132 turri
667 4095 727 4132 sen·
755 4081 817 4134 loco
836 4078 910 4133 enim
935 4092 1032 4130 omnes
1053 4092 1071 4129 a
1089 4081 1171 4135 turri
1199 4086 1353 4141 excludun-

153 4160 245 4214 tentia
271 4161 328 4214 iam
355 4162 412 4216 alia
439 4169 489 4218 est.
527 4165 594 4218 Inde
620 4166 729 4220 abhoc
756 4169 816 4229 tur,
839 4165 889 4232 qui
906 4182 964 4219 non
982 4164 1020 4218 ad
1043 4169 1201 4234 quendam
1222 4177 1353 4246 perfeeti-
