2834 5018
181 281 245 348 514
617 274 773 331 ιιιιιιιικιι
792 274 937 330 Ρωτοιι

182 454 273 519 αὑται
296 454 357 517 ὑπὸ
380 451 552 535 ἀνθρώπου
575 451 789 535 φυλαχθῆναι,
804 451 880 514 διότι
897 451 1034 537 σκληραί
1051 454 1117 519 εἰσι
1132 456 1228 522 λίαν.
1259 464 1290 528 ἔκ
1312 462 1372 525 ἀπε

181 562 302 642 κριθείς
324 557 408 641 λέγει
431 579 500 641 μοι·
526 556 603 621 Ἐὰν
630 560 668 620 σὺ
694 563 815 640 σεαυτῷ
837 559 973 640 προθῆς,
1000 561 1049 622 ὅτι
1074 561 1243 628 δύνανται
1267 566 1371 649 φυλαχ·

184 668 302 748 θῆναι,
337 661 476 737 εὐκόλως
503 663 599 736 αὑτάς
623 659 768 743 φυλάξεις
796 663 849 724 καί
879 663 940 725 οὑκ
962 664 1097 729 ἔσονται
1121 668 1293 754 σκληραί·
1331 672 1372 735 kin

182 769 217 832 δέ
240 768 289 830 ἐπί
312 769 368 850 τῆν
390 765 521 847 καρδίαν
551 786 607 828 σου
633 765 693 849 ἤδη
720 765 822 850 ἀναβῆ
850 768 893 849 μὴ
925 767 1092 835 δὺνασθαι
1116 773 1230 849 αὑτὰς
1253 775 1315 839 ὑπό
1333 777 1371 839 ἄν

156 871 315 954 τθρώπου
339 870 557 954 φυλαχθῆναι,
589 871 626 933 οὑ
650 869 795 952 φυλάξεις
818 871 923 947 αὑτάς.
971 876 1000 939 6.
1032 883 1092 937 νῦν
1127 876 1169 940 δέ
1206 900 1261 943 σοι
1288 879 1371 967 λέγω·

182 976 237 1040 ἐάν
260 977 375 1052 ταὺτας
398 978 440 1059 μὴ
465 973 613 1058 φυλάξης,
638 972 721 1036 ἀλλὰ
743 977 1006 1059 παρενθυμηθῇς,
1029 979 1095 1062 οὐχ
1116 980 1208 1060 ἔξεις
1232 987 1370 1071 <xm-tp&

182 1085 254 1146 οὔτε
276 1083 316 1144 τὰ
349 1079 446 1142 τέκνα
473 1101 530 1142 σου
562 1081 634 1142 οὑτε
656 1079 674 1142 ό
696 1077 781 1155 οἶκός
803 1101 870 1158 σου,
895 1079 962 1144 ἐπεί
984 1081 1046 1167 ἠδη
1073 1097 1215 1173 σεαυτῷ
1240 1091 1369 1174 afim

183 1196 238 1250 τοῦ
261 1189 303 1269 μὴ
326 1186 482 1250 δύνασθαι
505 1186 561 1259 τὰς
584 1182 712 1259 ἐντολὰς
734 1184 848 1260 ταὺτας
870 1185 931 1247 ὑπό
956 1185 1143 1268 ἀνθρώπου
1162 1194 1368 1280 φυλαχθῆντ.

269 1288 309 1357 4.
333 1288 397 1352 Καί
420 1289 518 1351 ταῦτά
541 1308 593 1370 μοι
619 1286 689 1350 λίαν
713 1287 845 1372 ὀργίλως
866 1287 1037 1372 ἐλάλησεν,
1074 1293 1169 1358 ὥστε
1200 1318 1246 1381 με
1275 1320 1369 1384 ww

146 1424 171 1461 ιο
185 1399 282 1478 θῆναι
304 1397 358 1456 καί
381 1392 451 1456 λίαν
474 1394 568 1455 αὐτόν
592 1391 786 1477 φοβηθῆναι·
814 1391 834 1474 ἡ
857 1395 961 1475 μορφὴ
983 1395 1046 1476 γὰρ
1071 1399 1182 1463 αὑτοῦ
1207 1404 1368 1488 ἠλλοιώθη

184 1501 265 1562 ὥστε
294 1501 336 1582 μὴ
366 1498 523 1563 δύνασθαι
550 1499 720 1578 ἄνθρωπον
750 1498 931 1582 ὑπενεγκεῖν
958 1500 1016 1580 τὴν
1047 1501 1156 1587 ὀργὴν
1192 1510 1306 1577 αὐτοῦ,
1346 1514 1367 1576 2

183 1603 256 1666 ἰδών
279 1604 314 1665 δέ
336 1624 375 1686 με
397 1601 625 1685 τεταραγμένον
649 1601 722 1665 ὅλον
745 1603 799 1664 καί
822 1601 1061 1686 συγκεχυμένον
1087 1607 1222 1690 ἤρξατό
1246 1635 1299 1696 μα
1318 1614 1368 1677 ἐς.

182 1707 356 1788 εικέστερον
381 1706 449 1792 [καί
473 1704 677 1792 ἱλαρώτερον]
706 1705 813 1769 λαλεῖν
836 1708 889 1768 καί
914 1705 1019 1790 λέγει·
1065 1709 1227 1798 Ἀφρον,
1259 1719 1369 1783 dvm

181 1815 235 1875 καί
258 1812 380 1894 δίψυχε,
405 1813 441 1874 οὐ
465 1820 544 1886 νοεῖς
567 1813 622 1893 τῆν
646 1810 751 1891 δόξαν
773 1819 833 1876 τοῦ
855 1810 951 1890 θεοῦ,
976 1821 1045 1888 πῶς
1068 1821 1223 1906 μεγάλη
1247 1822 1313 1887 ἐστὶ
1329 1824 1368 1886 12·

143 1944 168 1982 ιι
182 1918 294 1999 ἰσχυρὰ
316 1918 369 1978 καί
394 1915 573 1998 θαυμαστή,
599 1918 645 1978 ότι
662 1917 772 1980 ἔκτισε
787 1917 848 1980 τόν
862 1918 994 1997 κόσμον
1009 1919 1114 1983 ἕνεκα
1131 1934 1195 1988 τοῦ
1212 1928 1368 2012 ἀνθρώω

180 2024 233 2084 καί
257 2032 362 2085 πᾶσαν
385 2023 440 2102 τὴν
462 2017 562 2082 κτίσιν
585 2020 680 2081 αὑτοῦ
703 2017 835 2095 ὑπέταξε
857 2027 901 2102 τῷ
926 2020 1094 2106 άνθρώπῳ
1128 2030 1190 2092 καὶ
1216 2035 1279 2115 τὴν
1300 2033 1368 2111 ἐξω

180 2125 250 2189 σίαν
273 2136 378 2189 πᾶσαν
401 2126 518 2188 ἔδωκεν
541 2125 625 2206 αὐτῷ
649 2132 704 2186 τοῦ
726 2125 960 2206 κατακυριεὺειν
981 2135 1047 2190 τῶν
1071 2128 1144 2194 ὑπὸ
1170 2136 1233 2200 τόν
1257 2139 1369 2221 οὐρανόν

179 2231 326 2309 πάντων;
361 2235 392 2296 3.
415 2230 443 2293 εί
465 2226 529 2305 οὑν,
553 2228 654 2312 φησίν,
678 2229 804 2291 πάντων
826 2228 844 2291 ό
867 2231 1043 2312 ἄνθρωπος
1065 2234 1188 2317 κὺριὸς
1226 2239 1296 2306 ἐστι
1322 2250 1369 2306 τίη

180 2334 359 2415 κτισμάτων
382 2342 437 2396 τοῦ
460 2335 539 2398 θεοῦ
562 2333 615 2393 καί
631 2332 756 2394 πάντων
772 2332 1000 2415 κατακυριεὺει,
1025 2337 1065 2399 οὑ
1082 2338 1232 2409 δὺναται
1248 2349 1304 2411 καὶ
1318 2347 1369 2410 τοὺ

141 2459 167 2496 20
179 2457 242 2499 των
265 2445 327 2499 τῶν
344 2435 478 2499 ἐντολῶν
493 2443 749 2516 κατακυριεῦσαι;
782 2435 919 2514 δὺναται,
937 2436 1024 2521 φησί,
1042 2441 1187 2510 πάντων
1203 2453 1265 2514 καὶ
1277 2460 1370 2515 mv

179 2551 241 2605 τῶν
265 2540 400 2604 ἐντολῶν
421 2540 540 2603 τούτων
555 2548 796 2621 κατακυριεὺσαι
817 2539 1021 2621 όάνθρωπος
1046 2544 1064 2607 ὁ
1081 2547 1180 2631 ἔχων
1196 2556 1259 2619 τὸν
1280 2555 1370 2637 κὺριει

179 2645 212 2708 ἐν
245 2656 284 2729 τῆ
317 2646 430 2729 καρδίᾳ
464 2647 569 2707 αὑτοῦ.
626 2648 656 2710 4.
689 2644 718 2707 οί
748 2644 783 2706 δέ
815 2644 865 2707 ἐπί
894 2654 958 2720 τοῖς
985 2645 1136 2727 χείλεσιν
1167 2655 1305 2738 ἔχοντες
1329 2660 1370 2722 τόν

179 2751 295 2833 κὺριον,
319 2753 374 2832 τὴν
406 2750 441 2812 δέ
471 2748 601 2830 καρδίαν
634 2749 737 2811 αὑτῶν
768 2749 1002 2833 πεπωρωμένην
1032 2754 1090 2816 καί
1126 2764 1268 2843 μακρὰν
1300 2766 1370 2836 ὅμως

178 2856 241 2918 ἀπὸ
264 2863 319 2917 τοῦ
341 2853 459 2935 κυρίου,
483 2852 612 2926 ἐκείνοις
635 2851 668 2914 αἱ
690 2850 813 2915 ἐντολαὶ
837 2849 928 2914 αὑται
952 2852 1093 2938 σκληραί
1130 2861 1198 2926 εἰσι
1231 2868 1290 2930 καί
1311 2866 1370 2930 δύο

141 2976 168 3014 2⁶
182 2959 280 3044 βατοι.
327 2963 355 3023 5.
381 2956 485 3022 θέσθε
517 2954 571 3018 οὑν
603 2957 704 3039 ὑμεῖς,
735 2955 764 3018 οί
792 2958 876 3020 κενοί
908 2959 962 3019 καί
993 2957 1134 3042 ἐλαφροί
1170 2969 1268 3047 ὄντες
1291 2971 1370 3052 {vt-2

178 3064 288 3140 πίστει,
310 3064 364 3124 τδν
387 3061 493 3142 κὺριον
508 3060 594 3142 ὑμῶν
616 3060 659 3135 είς
681 3062 736 3142 τὴν
759 3059 898 3143 καρδίαν,
920 3063 974 3124 καί
994 3062 1191 3152 γνώσεσθε,
1218 3077 1271 3139 ὅτι
1294 3075 1369 3140 οὐδέν

178 3167 261 3230 ἐστιν
295 3164 509 3246 εὐκοπώτερον
546 3175 608 3227 τῶν
645 3164 780 3227 ἐντολῶν
808 3165 926 3228 τούτων
956 3168 1029 3230 οὔτε
1063 3169 1279 3261 γλυκύτερον
1311 3182 1369 3243 οὖα

177 3269 381 3354 ἡμερώτερον.
429 3273 459 3335 6.
483 3268 691 3352 ἐπιστράφητε
721 3269 806 3351 ὑμεῖς
829 3270 858 3332 οί
886 3278 952 3344 ταῖς
986 3269 1137 3353 ἐντολαῖς
1170 3285 1369 3368 πορευόμενα

248 3443 393 3512 2προθῇς
419 3441 489 3494 Ath²
516 3441 635 3511 Ιπροθῇ)
663 3441 698 3493 Cf·
717 3441 742 3493 Α
760 3460 766 3494 ²
786 3446 917 3513 προσθῇς
937 3442 1064 3509 G,>L¹
1090 3449 1095 3515 Ι
1122 3447 1264 3528 ssmffi
1290 3454 1368 3510 Ath¹:

178 3526 260 3599 ἀνέβη
279 3527 323 3595 G!
342 3531 371 3582 11
390 3526 476 3582 αὑτοῦ
494 3527 552 3580 L¹A
565 3545 572 3578 ι
585 3527 665 3593 -Ι-σὺ
688 3528 863 3596 συνίκλεισας
888 3536 949 3600 φῶς
966 3535 1014 3587 καί
1041 3532 1192 3607 ἐχώρισας
1215 3545 1254 3601 τὸ
1278 3546 1369 3606 σκότος

177 3614 226 3670 ἀπ’
244 3615 377 3686 ἀλλήλων,
396 3613 583 3683 ἐθεμελίωσας
595 3620 645 3685 τὴν
663 3628 715 3687 γῆν
725 3621 772 3672 καί
790 3613 899 3684 ἔκτισας
909 3619 1038 3690 καρποὺς
1056 3630 1283 3698 πανταόαποὺς,
1295 3630 1368 3700 ἣλιοι,

177 3706 306 3771 σελήνην,
334 3698 445 3773 ἄστρων
472 3700 636 3775 ἐναρμόνιον
652 3709 770 3775 κίνησιν,
797 3711 853 3776 ζῶα
871 3708 1017 3780 πτερωτά,
1045 3714 1237 3785 τετράποδα,
1265 3717 1368 3792 ἑρπετά,

177 3783 289 3858 ἔνυδρα,
317 3785 400 3860 ἄγριά
418 3810 449 3846 τε
467 3795 513 3846 καί
531 3790 565 3846 τὰ
593 3792 702 3858 τούτοις
724 3795 1000 3864 παραπῖησιάζοντα,
1027 3800 1078 3852 καί
1097 3802 1219 3862 τούτων
1244 3804 1367 3864 ἱστάντα

178 3868 288 3941 ἔκτισας
305 3878 442 3945 δεσπότην
454 3878 504 3933 τόν
521 3874 675 3949 ι’ένθρωπον
688 3878 712 3933 G
728 3882 732 3946 Ι
749 3882 781 3934 13
799 3885 845 3937 καὶ
857 3880 1030 3954 ἱλαρώτερον
1042 3882 1132 3956 L¹(A)
1147 3907 1156 3941 ι
1169 3893 1208 3957 >
1220 3892 1248 3949 G
1265 3894 1270 3964 Ι
1287 3889 1365 3947 16αὑ

178 3968 228 4015 τοῦ
246 3960 378 4016 Αεαίτῶ
397 3962 428 4021 G,
442 3967 475 4027 >
488 3964 520 4015 Ιι1
537 3963 542 4032 Ι
564 3965 595 4017 17
615 3970 664 4020 τὸν
682 3964 802 4035 οὐρανόν
820 3966 845 4018 Α
858 3986 865 4020 :
878 3975 934 4023 τῶν
952 3966 1086 4038 οὐρανῶν
1104 3972 1146 4037 G,
1167 3979 1364 4033 mandatorum

178 4043 210 4094 Ιιί
228 4046 232 4112 Ι
249 4047 327 4111 18Ι20
345 4047 371 4103 εἰ
386 4079 421 4087 -
440 4054 694 4121 κατακυριεῦσαι)
711 4052 743 4103 ΙιΙ
760 4052 765 4121 Ι
781 4053 814 4105 20
833 4053 947 4110 πάντων
964 4058 1011 4110 καί
1022 4060 1058 4122 >
1078 4058 1113 4112 L¹
1127 4062 1207 4118 Ath¹
1223 4065 1228 4137 Ι
1245 4067 1280 4122 21
1298 4065 1364 4122 δικ

178 4128 248 4181 Ath’
261 4131 341 4200 (DA)
355 4152 361 4184 ε
373 4134 445 4199 >G
469 4141 473 4199 Ι
497 4136 531 4188 23
549 4137 757 4210 πεπωρωμένην
775 4140 845 4192 Ath²
856 4141 889 4193 L¹
903 4159 910 4193 t
922 4160 1024 4216 πεπυρ.
1044 4143 1085 4208 G,
1106 4146 1305 4207 obmatum
1322 4155 1361 4213 ΔΙ

178 4212 213 4266 24
229 4220 325 4287 κυρίου
343 4218 374 4269 L¹
389 4219 457 4272 Ath²
471 4239 477 4271 :
491 4228 561 4280 θεοῦ
578 4223 602 4277 G
