2834 5018
357 636 549 693 Duouacur
565 636 836 694 APOSTOLORUM
854 640 900 704 IV,
920 642 1012 696 3-11.
1235 649 1274 712 13

94 824 128 882 ut
148 818 331 902 requiescas
353 817 386 880 in
408 817 512 881 verbis
536 839 653 881 eorum.
706 819 735 881 3.
770 816 845 882 Non
877 818 974 883 facies
1008 820 1187 897 dissidium,
1221 821 1277 886 sed

93 923 222 1006 pacatis
245 926 447 1007 pugnantem
477 923 641 985 iudicabis
672 928 777 1002 ῖιιτῖσ,
809 943 871 985 non
895 923 1030 1006 accipies
1053 946 1221 1008 personam
1243 927 1275 990 in

93 1028 265 1114 arguendis
289 1027 464 1110 cuiuspiam
486 1026 637 1109 lapsibus.
670 1027 699 1089 4.
728 1024 803 1090 Non
826 1027 977 1111 ambiges,
1001 1032 1109 1092 utrum
1132 1029 1276 1094 futurum

93 1134 133 1197 sit
155 1154 267 1196 necne.

179 1240 209 1301 5.
234 1236 313 1301 Noli
335 1237 499 1321 porrigere
522 1257 633 1299 manus
657 1239 729 1298 tuas
754 1235 794 1298 ad
818 1236 1050 1319 accipiendum,
1075 1240 1115 1302 ad
1139 1240 1302 1304 dandum⁵

92 1364 164 1406 vero
189 1342 386 1407 contrahere.
435 1342 464 1404 6.
489 1340 523 1404 Si
548 1340 623 1423 quid
646 1340 745 1404 habes
768 1362 825 1422 per
848 1364 960 1406 manus
981 1346 1063 1419 tuas,
1088 1344 1178 1408 dabis
1202 1366 1274 1429 pre·

92 1447 171 1510 tium
196 1448 238 1510 ad
260 1447 442 1510 redimenda
464 1450 594 1529 peccata
616 1449 683 1508 tua.
731 1446 759 1509 7.
795 1444 870 1510 Non
894 1446 1053 1511 dubitabis
1077 1447 1151 1512 dare
1173 1471 1275 1533 neque

94 1552 317 1627 murmuratis,
342 1573 413 1616 cum
436 1551 510 1625 δοες
534 1571 705 1635 cognosces
722 1555 837 1627 autem,
864 1551 934 1634 quis
950 1552 992 1614 sit
1008 1552 1109 1616 bonus
1124 1554 1276 1618 mercedis

93 1656 276 1719 retributor.
316 1656 345 1719 8.
370 1654 445 1719 Νοιι
468 1656 648 1739 repudiabis
671 1656 875 1739 indigentem,
901 1658 1147 1723 communicabis
1171 1663 1276 1723 autem

93 1761 124 1824 in
146 1761 296 1825 omnibus
319 1782 390 1825 cum
412 1760 511 1824 fratre
532 1766 589 1825 tuo
613 1783 670 1825 nec
694 1761 869 1845 quidquam
892 1761 975 1826 dices
997 1764 1176 1846 proprium
1201 1787 1275 1828 narn
1289 1787 1314 1824 ιο

92 1865 119 1928 si
140 1865 174 1928 in
199 1864 434 1928 immortalibus
458 1870 618 1929 consortes
642 1867 727 1941 estis,
752 1870 871 1950 quanto
894 1867 997 1949 magis
1013 1867 1046 1929 in
1062 1868 1275 1933 mortalibus?

178 1968 210 2031 9.
245 1967 319 2032 Non
351 1968 474 2033 auferes
502 1991 631 2033 manum
653 1974 744 2033 tuam
766 1992 785 2032 a
807 1968 874 2032 filio
905 1974 961 2033 tuo
991 1969 1041 2033 vel
1074 1972 1181 2035 afilia
1209 1977 1275 2050 tua,

92 2073 145 2136 sed
168 2095 188 2136 u
211 2061 349 2156 pueritia
372 2073 499 2138 docebis
522 2095 575 2137 eos
597 2073 744 2137 timorem
768 2074 826 2138 dei.
875 2074 924 2137 10.
949 2073 1022 2138 Non
1046 2075 1217 2158 imperabis
1239 2076 1273 2138 in

92 2177 304 2242 amaritudine
333 2182 388 2242 tua
418 2200 507 2242 servo
536 2182 592 2241 tuo
622 2177 673 2241 vel
707 2178 857 2256 ancillae,
890 2179 944 2261 qui
973 2179 1007 2243 in
1030 2180 1162 2243 eundem
1185 2181 1278 2243 deum

93 2286 231 2364 sperant,
257 2303 297 2345 ne
319 2281 402 2346 forte
423 2304 486 2347 non
509 2283 642 2347 timeant
665 2283 775 2359 deum,
813 2283 867 2367 qui
900 2287 1316 2368 superutrumqueest315
1381 2272 1384 2277 ¹

92 2408 153 2449 non
178 2386 263 2450 enim
287 2386 372 2450 venit
394 2387 565 2451 secundum
586 2409 756 2471 personam
779 2410 908 2466 vocare,
943 2389 998 2452 sed
1027 2389 1067 2452 ad
1096 2409 1165 2466 eos,
1198 2410 1276 2472 quos

94 2491 224 2575 spiritus
248 2493 456 2575 praeparavit.
506 2495 555 2556 11.
587 2492 653 2557 Vos
686 2496 792 2556 autem
821 2493 903 2556 servi
932 2492 1111 2558 subicimini
1140 2493 1274 2556 dominis

159 2688 176 2740 2
197 2686 280 2742 Dent
301 2688 323 2749 1,
346 2689 390 2749 16;
409 2689 490 2742 Pror.
509 2689 549 2747 31.
570 2690 586 2742 9
608 2688 643 2744 cf.
663 2690 765 2742 Joann.
787 2690 810 2751 7,
832 2691 873 2743 24.

129 2852 153 2905 6.
173 2852 218 2909 διὰ
235 2860 338 2925 χειρῶν
349 2853 411 2923 σου]
430 2855 586 2922 Bryennins
605 2855 674 2908 hacc
686 2856 689 2875 '
702 2855 745 2908 Cf.
764 2855 825 2909 Act.
845 2857 869 2918 2,
881 2855 930 2917 44;
949 2856 973 2918 4,
987 2856 1028 2908 32.
1049 2886 1084 2893 -
1101 2851 1276 2929 ἀύανάτῳ..

97 2939 183 2994 rerba
196 2957 262 2993 curn
275 2939 459 3006 sequentibus
473 2940 627 3011 coniungit.
639 2972 674 2980 —
686 2900 689 2981 l
702 2943 826 3012 θνητοῖς]
847 2941 890 2995 Cf.
908 2942 987 2996 Rom.
1008 2943 1047 3004 15,
1067 2942 1108 2995 27.
1134 2942 1277 2995 Barnabas

95 3027 243 3100 λύτρωσιν]
263 3024 325 3080 Vox
344 3027 389 3081 hic
408 3027 507 3082 eodem
526 3044 607 3080 sensu
627 3027 674 3079 ad·
704 3029 771 3093 19,8
786 3046 836 3098 pro
856 3026 913 3082 illis
925 3028 1041 3083 vocibus
1054 3027 1149 3097 posuit
1167 3026 1278 3100 ἀφθάρ-

95 3114 189 3168 hibita
209 3118 252 3168 est
270 3130 328 3179 quo
341 3115 448 3188 λύτρον.
485 3115 591 3168 Auctor
604 3115 674 3169 Con·
702 3138 742 3192 τῳ
763 3157 787 3170 ..
807 3122 954 3188 φθαρτοῖς.

97 3201 279 3256 stitutionnm
307 3204 397 3269 apost.
418 3201 485 3262 Vll,
508 3202 539 3254 12
563 3202 674 3256 scribit:
737 3204 830 3257 9-11.
850 3202 952 3256 Officia
978 3202 1067 3271 patris
1096 3200 1219 3254 familias
1249 3204 1278 3255 et

96 3290 150 3356 δός,
175 3285 223 3344 ‘bo
253 3286 357 3361 ἐργάσῃ
384 3287 423 3355 εἰς
449 3288 593 3359 λύτρωσιν.
631 3290 673 3345 cf.
704 3306 855 3343 servorum.

96 3373 302 3436 Bam.19,10.
737 3378 761 3434 9.
782 3376 823 3431 01.
843 3376 886 3429 Ps.
907 3376 949 3440 33,
970 3374 1190 3444 12;11μ1ι.6,4.
1227 3373 1278 3429 Ρο-

131 3462 155 3514 7.
175 3460 209 3517 ού
227 3461 365 3529 διατάσεις
386 3463 458 3533 κτλ]
481 3463 561 3517 Prov.
582 3465 607 3523 3,
626 3464 673 3517 28:
686 3474 689 3541 j
703 3462 754 3530 lyc.
775 3464 806 3525 4,
826 3464 855 3515 2:
892 3463 927 3519 τὰ
954 3461 1036 3518 τέκνα
1064 3462 1203 3519 παιδεύειν
1230 3467 1280 3534 τὴν

96 3554 133 3619 μὴ
151 3547 238 3620 εἴπῃς,
256 3546 421 3606 ἐπανελθὼν
433 3547 559 3621 ἐπάνηκε,
578 3546 675 3622 αὔριον
701 3552 828 3606 παιδείαν
846 3557 898 3606 τοῦ
916 3549 1007 3620 φόβον
1026 3558 1076 3605 τοῦ
1096 3554 1173 3606 θεοῦ.

98 3634 194 3698 δώσω,
221 3640 341 3692 δυνατοῦ
357 3654 409 3692 σον
428 3632 509 3704 ὄντος
526 3632 559 3693 εύ
575 3646 672 3694 ποιεῖν.
739 3637 779 3693 10.
799 3644 858 3703 τοῖς
884 3634 930 3691 ἐπὶ
954 3656 978 3691 τ.
1007 3634 1093 3693 αὐτὸν
1120 3636 1189 3692 θεὸν
1207 3634 1278 3706 aa]

99 3722 672 3787 01010οτ.9,7;1Ροῖτ.4,9;Ηοτοτ.
701 3723 806 3776 Eadem
834 3723 976 3777 sententia
1002 3725 1095 3777 exstat
1119 3721 1190 3791 Eph.
1210 3723 1233 3783 6,
1253 3722 1278 3785 9,

99 3809 163 3864 Sim.
184 3809 231 3867 IX,
244 3810 287 3872 24,
298 3808 327 3869 2;
347 3808 421 3863 Test.
431 3810 583 3878 patriarch.
594 3809 639 3874 VI,
649 3812 672 3864 7.
686 3860 688 3897 Ι
701 3810 750 3863 ubi
759 3808 863 3863 Paulus
873 3808 992 3864 lectores
1001 3809 1129 3878 inprimis
1137 3809 1277 3872 admonet,

98 3896 239 3951 Macarius
259 3895 355 3964 Magn.
373 3897 498 3965 Apocrit.
517 3896 611 3959 111,43
631 3897 672 3951 ed.
686 3908 688 3995 p
701 3897 879 3951 dominorum
892 3900 920 3950 et
931 3913 1074 3951 servorum
1088 3912 1175 3949 unum
1187 3895 1278 3947 Deum

97 3981 215 4037 Blondol
234 4000 262 4052 p.
283 3983 340 4045 149,
362 3983 409 4037 1οε
435 3981 577 4041 ἐπιτάττοι
593 4005 673 4056 χοριμ
686 4020 688 4031 ·
701 3986 729 4037 et
738 4000 923 4053 personarum
931 3981 1124 4050 acceptionem
1131 3981 1206 4050 apud
1214 3997 1279 4034 eum

97 4079 154 4141 μεῖν
173 4077 213 4145 τῷ
231 4074 270 4141 μὴ
289 4064 382 4141 ἔχοντι
404 4071 454 4127 adv
479 4066 578 4142 ἔχοντα
596 4069 673 4127 daea
685 4112 687 4157 Ι
700 4088 757 4124 non
776 4084 845 4123 esse.
863 4099 897 4108 -
917 4067 947 4125 ἐν
964 4072 1065 4145 πνκρίᾳ
1083 4068 1144 4138 σου]
1165 4068 1206 4122 ef.
1227 4068 1277 4121 Sir.

97 4158 240 4222 δοιάστονς.
259 4187 292 4197 -
312 4155 335 4211 δ.
350 4176 373 4212 τ.
391 4178 420 4227 μ.
433 4178 458 4213 ιι.
471 4156 672 4228 ἀνταποδότης]
685 4162 687 4241 ξ
700 4158 724 4219 4,
735 4158 766 4219 6;
788 4156 811 4220 7,
827 4157 866 4210 11.
880 4185 914 4194 -
927 4155 1087 4224 τδπνεύμα]
1098 4155 1116 4210 i.
1128 4171 1150 4208 e.
1161 4155 1278 4224 spiritus

98 4242 138 4297 cf.
158 4242 186 4297 ΙΙ
205 4243 292 4297 (ilem
313 4244 352 4305 11,
372 4245 396 4298 6.
685 4245 831 4305 ¹sanctus,
862 4242 942 4295 cuius
970 4241 1056 4295 etiam
1075 4243 1099 4303 7,
1121 4243 1179 4305 1,3
1202 4259 1278 4296 men·

130 4331 155 4384 8.
175 4329 227 4387 οὐκ
244 4329 270 4387 d·
290 4350 314 4387 τ.
333 4329 507 4400 ἐνδεόμενον]
532 4331 630 4384 Sirach
646 4306 740 4393 altio
768 4329 806 4382 fit.
838 4359 870 4367 -
901 4328 1060 4399 ἡτοίμασεν]
1088 4327 1132 4382 Cf.
1158 4327 1270 4383 Roma

97 4418 125 4471 5:
143 4416 201 4475 ἀπὸ
219 4416 353 4486 δεομένου
369 4423 408 4489 μὴ
426 4416 605 4491 ἀποστρέρτρς
622 4417 673 4489 ὀρ
700 4416 741 4470 29.
763 4415 805 4468 30.

97 4505 217 4575 tutata.
254 4504 334 4558 Prov.
353 4505 376 4567 3,
396 4506 443 4559 27:
461 4509 499 4575 pt
517 4503 626 4576 ἀπόσχῃ
643 4499 674 4561 εύ
737 4505 776 4557 11.
803 4500 845 4555 Cf.
864 4501 935 4571 Eph.
953 4503 977 4564 6,
997 4500 1078 4562 5-8;
1106 4502 1164 4557 col.
1184 4504 1208 4567 3,
1230 4506 1278 4566 22;

96 4601 186 4650 ποιεῖν
195 4588 282 4661 ἐνδεῆ.
292 4594 580 4663 -σιιγιιοινοινὴσειςΙ
591 4633 597 4647 .
608 4588 672 4660 ἴδια]
685 4636 688 4659 ,
701 4590 755 4644 Tit.
776 4592 800 4653 2,
819 4589 850 4651 9;
869 4587 882 4641 Ι
899 4588 972 4643 Petr.
993 4590 1016 4653 2,
1038 4589 1077 4644 18.
