2834 5018
188 335 252 400 550
619 332 773 389 HERMAE
791 332 934 390 PASTOR

188 509 258 572 τότε
280 506 443 588 δοξάζουσι
459 513 512 574 τόν
535 510 651 594 κύριον,
666 512 713 574 ότι
736 509 804 593 ἐμοί
820 509 1056 595 παρεδόθησαν,
1079 512 1137 574 καί
1163 509 1278 575 ούκέτι
1295 513 1381 576 οὐδὲν

187 613 343 695 πάσχουσι
366 622 429 678 τών
451 624 605 699 πονηρῶν.

273 716 311 785 4.
336 718 429 804 Λέγω
452 721 555 803 αύτῷ·
589 718 702 802 Κύριε,
732 720 777 783 ἐτι
799 740 850 803 μοι
873 730 964 783 τοῦτο
987 720 1144 804 δήλωσον.
1199 720 1252 801 Τί,
1278 722 1377 805 φησίν,

188 822 356 909 ἐπιζητεῖς;
379 823 419 888 Et
442 827 512 908 ἀρα,
537 823 624 909 φημί,
646 822 743 907 κύριε,
766 826 820 889 τόν
842 827 936 889 αύτδν
957 825 1071 908 χρόνον
1096 825 1329 912 βασανίζονται
1351 827 1376 890 ιί

161 937 362 1012 οτρυφώντες
384 931 438 993 καί
471 928 669 1012 ἀπατώμενοι
693 931 767 994 όσον
796 938 934 1012 τρυφῶσι
965 932 1019 993 καί
1048 930 1261 1012 ἀπατῶνταις
1296 931 1374 1015 λέγε.

187 1052 257 1116 μοι·
281 1032 344 1098 Τδν
360 1035 454 1097 αύτδν
476 1033 588 1116 χρόνον
605 1032 832 1118 βασανίζονται.
871 1039 901 1100 2.
925 1033 1141 1121 [Ἑλάχιστοη
1170 1037 1266 1122 φημί,
1282 1038 1371 1120 κύρε,

187 1137 439 1225 βασανίζονται]·
471 1139 533 1203 ἔδει
555 1140 616 1222 γάρ
638 1142 709 1214 τοὺς
732 1141 814 1202 ούτω
836 1148 1017 1222 τρυφῶντας
1037 1141 1094 1202 καί
1118 1138 1371 1224 ἐπιλανθανομέ·

187 1263 258 1318 νους
280 1252 335 1305 τοῦ
359 1245 437 1308 θεοῦ
461 1241 679 1319 έπταπλασίως
702 1242 938 1328 βασανίζεσθαι.
984 1248 1013 1311 3.
1038 1243 1125 1328 λέγει
1148 1265 1223 1328 μοι·
1246 1246 1371 1329 Ἀφρων

188 1346 214 1411 εί
237 1350 290 1412 καί
313 1349 349 1411 ού
372 1358 451 1424 νοεῖς
475 1359 529 1433 της
552 1349 690 1434 βασάνου
712 1352 768 1434 τὴν
790 1349 928 1432 δύναμιν.
974 1348 1014 1412 Εἰ
1036 1352 1098 1433 γάρ
1120 1348 1255 1432 ἐνόουν,
1290 1351 1369 1435 φημ’,

149 1469 174 1506 1⁰
186 1453 291 1536 κύριε,
315 1454 374 1516 ούκ
396 1453 434 1516 ἀν
457 1451 644 1538 ἐπηρώτων,
674 1455 727 1517 ἵνα
749 1474 800 1537 μοι
828 1453 980 1539 δηλώσης.
1026 1453 1158 1535 Ἀκουε,
1186 1457 1297 1541 φησίν,
1320 1458 1370 1539 ἀμ·

187 1555 325 1638 φοτίρων
354 1558 410 1639 την
437 1556 575 1639 δύναμιν.
620 1561 651 1623 4.
674 1567 728 1641 τῆς
751 1567 866 1641 τρυφῆς
896 1558 950 1619 καί
979 1558 1103 1644 ἀπάτης
1126 1559 1143 1622 ό
1168 1562 1289 1643 χρόνος
1312 1562 1370 1642 ώρα

186 1660 250 1724 ἐστὶ
273 1661 344 1744 μία·
374 1671 427 1745 της
450 1660 485 1723 δὲ
508 1658 647 1744 βασάνου
669 1659 691 1744 ἡ
713 1661 780 1743 ώρα
801 1660 967 1743 τριάκοντα
988 1659 1114 1745 ἡμερῶν
1136 1663 1278 1748 δύναμιν
1302 1666 1368 1747 ἔχει.

187 1765 241 1829 ἐὰν
264 1763 318 1830 ούν
340 1765 412 1848 μίαν
434 1764 552 1848 ἡμέραν
575 1763 717 1849 τρυφήση
739 1786 784 1841 τις
806 1766 860 1828 καί
890 1767 1061 1850 ἀπατηθη,
1094 1766 1171 1850 μίαν
1197 1768 1235 1832 δέ
1257 1769 1369 1854 ἡμέραν

187 1868 375 1955 βασανισθῇ,
398 1869 472 1934 όλον
496 1868 635 1933 ἐνιαυτόν
658 1869 758 1952 ἰσχύει
779 1869 801 1954 ἡ
822 1869 922 1953 ἡμέρα
944 1880 999 1953 τῆς
1014 1870 1168 1956 βασάνου.
1220 1876 1300 1950 ὅσας
1322 1872 1369 1937 σύν

149 1991 173 2028 ¹⁶
186 1974 302 2058 ἡμέρας
330 1973 472 2059 τρυφήση
501 1994 562 2054 τις,
593 1973 759 2050 τοσούτους
789 1974 946 2050 ἐνιαυτοὺς
975 1974 1191 2060 βασανίζεται.
1251 1978 1368 2064 βλέπεις

186 2076 249 2157 σύν,
274 2079 384 2164 φησίν,
417 2081 463 2141 ότι
485 2087 540 2161 της
562 2087 678 2162 τρυφῆς
700 2080 754 2142 καί
778 2079 899 2165 ἀπάτης
921 2079 939 2142 ό
960 2079 1072 2163 χρόνος
1100 2078 1277 2165 ἐλάχιστός
1301 2083 1368 2157 ἐστ,

186 2192 240 2266 της
262 2183 296 2246 δὲ
318 2182 464 2266 τιμωρίας
487 2182 540 2244 καί
564 2179 703 2266 βασάνου
724 2181 832 2256 πολύς.

275 2285 311 2354 5.
334 2285 414 2366 Ἔτι,
439 2285 526 2370 φημί,
548 2285 653 2369 κύριε,
684 2287 720 2349 ού
743 2286 877 2371 νενόηκα
899 2284 980 2361 όλως
1003 2287 1072 2369 περί
1095 2296 1153 2351 τοῦ
1178 2290 1300 2372 χρόνου
1321 2299 1368 2373 τῆς

187 2391 307 2475 ἀπάτης
338 2393 391 2453 καί
423 2400 541 2475 τρυφῆς
572 2392 625 2454 καί
656 2389 814 2476 βασάνου·
849 2388 1097 2475 τηλαυγέστερόν
1129 2412 1186 2475 μοι
1219 2394 1366 2478 δήλωσον.

147 2511 172 2549 ²0
187 2500 216 2561 2.
240 2495 424 2577 ἀποκριθείς
454 2515 504 2578 μοι
527 2492 629 2577 λέγει·
663 2491 701 2556 Ἡ
724 2494 883 2578 ἀφροσύνη
916 2514 972 2556 σου
1000 2494 1189 2578 παράμονός
1214 2497 1299 2577 ἐστι,
1321 2497 1368 2560 καὶ

186 2601 222 2663 ού
245 2598 351 2674 θέλεις
379 2621 435 2663 σου
467 2602 523 2682 τήν
551 2597 681 2681 καρδίαν
710 2597 884 2681 καθαρίσαι
914 2598 967 2660 καί
990 2596 1191 2687 δου[λεύειν]
1227 2610 1273 2685 τῷ
1296 2607 1366 2684 θεῷ.

186 2702 291 2790 βλέπε,
315 2703 407 2788 φησί,
438 2702 557 2787 μήποτε
580 2702 597 2765 ό
619 2703 731 2785 χρόνος
758 2700 916 2785 πληρωθῇ
937 2703 990 2764 καί
1014 2704 1053 2764 σὺ
1082 2704 1200 2786 ἀφρων
1230 2706 1367 2789 εὑρεθῇς.

186 2811 282 2873 ἄκουε
305 2806 375 2888 ούν,
408 2808 499 2894 φησί,
522 2809 635 2882 καθώς
659 2805 773 2892 βούλει,
796 2808 848 2871 ἵνα
871 2805 984 2890 νοήσης
1007 2806 1097 2870 αύτά.
1146 2812 1179 2875 3.
1208 2810 1226 2873 ό
1249 2818 1367 2894 τρυφών

185 2916 238 2976 καί
262 2911 494 2999 ἀπατώ[μενος]
519 2911 590 2994 μίαν
613 2910 731 2995 ἡμέραν
754 2913 809 2975 καί
830 2911 997 2994 πράσσων,
1021 2912 1042 2974 ἀ
1064 2911 1230 2996 βούλεται,
1253 2915 1367 2998 πολλήν

71 3084 74 3089 ,
147 3036 172 3074 υ
186 3018 363 3102 ἀφροσύνην
394 3017 550 3081 ἐνδίδοται
580 3018 633 3079 καί
657 3017 693 3078 οὐ
717 3025 781 3081 νοεῖ
802 3019 858 3099 τήν
889 3014 1017 3098 πρᾶξιν,
1049 3016 1088 3099 ἡν
1112 3027 1218 3081 ποιεῖ·
1253 3021 1297 3096 εἰς
1317 3021 1366 3101 τήν

188 3124 292 3204 αὔριον
315 3120 588 3207 ἐπιλανθά[νεται]
618 3120 694 3204 γάρ,
724 3119 753 3183 τί
776 3121 835 3203 πρδ
862 3129 933 3203 μιᾶς
959 3118 1107 3203 ἔπραξεν·
1140 3121 1252 3208 ἡγὰρ
1273 3125 1367 3207 τρνγὴ

187 3227 240 3289 καί
263 3226 367 3310 ἀπάτη
390 3225 512 3310 μνήμας
542 3226 600 3288 ούκ
622 3225 688 3307 ἔχει
711 3225 762 3288 διὰ
784 3227 840 3308 τήν
862 3224 1057 3308 ἀφροσύνην,
1089 3224 1131 3308 ἡν
1155 3225 1328 3308 ἐνδέδυται,
1348 3225 1367 3308 ἡ

186 3331 221 3393 δὲ
242 3329 372 3413 τιμωρία
386 3331 440 3392 καί
462 3328 482 3412 ἡ
498 3328 632 3414 βάσανος
648 3330 722 3392 όταν
738 3328 887 3412 κολληθη
910 3336 954 3412 τῷ
970 3327 1134 3414 ἀνθρώπῳ
1151 3331 1230 3414 μίαν
1244 3331 1367 3415 ἡμέραν,

186 3434 292 3518 μέχρις
315 3433 456 3498 ἐνιαυτοῦ
480 3443 656 3517 τιμωρεῖται
678 3434 732 3497 καί
757 3433 971 3519 βασανίζεται·
996 3432 1119 3516 μνήμας
1141 3437 1209 3519 γὰρ
1232 3435 1367 3521 μεγάλας

147 3559 172 3597 ιι
186 3540 250 3620 ἔχει
273 3537 293 3620 ἡ
316 3537 445 3621 τιμωρία
473 3538 526 3600 καί
549 3538 570 3622 ἡ
593 3538 738 3624 βάσανος.
783 3542 813 3605 4.
839 3537 1079 3622 βασανιζόμενος
1111 3536 1167 3603 ούν
1192 3543 1251 3604 καί
1280 3562 1368 3624 τιμω·

186 3642 332 3726 ρούμενος
355 3641 428 3705 όλον
450 3643 503 3706 τόν
519 3641 668 3723 ἐνιαυτόν,
691 3641 874 3726 μνημονεύει
897 3642 968 3705 τότε
989 3652 1043 3725 τῆς
1064 3653 1188 3728 τρυφῆς
1213 3648 1268 3710 καί
1292 3642 1367 3708 ἀπά·

185 3767 239 3830 της
270 3747 324 3808 καί
354 3744 518 3829 γινώσκει,
549 3744 611 3830 ό[τι
634 3744 689 3830 δι’]
724 3746 804 3808 αύτά
832 3745 947 3828 πάσχει
980 3747 1019 3807 τὰ
1047 3747 1184 3831 πονηροί.
1234 3759 1296 3824 πᾶς
1318 3745 1368 3812 σύν

253 4022 297 4086 415
315 4021 341 4080 οὶ
360 4044 401 4096 τρ.
419 4045 444 4080 κ.
470 4021 648 4093 ἀπατώμενοι
668 4025 773 4092 thui
802 4023 951 4077 discedunt
978 4021 1159 4090 (desciscunt
1178 4026 1228 4097 L')
1260 4032 1368 4084 ametu

186 4103 270 4160 deiL
294 4109 297 4175 Ι
322 4108 366 4175 617
384 4108 528 4181 ἐλάχιστον
554 4141 589 4149 -
614 4114 807 4184 βασανίζοντα
835 4110 961 4177 L2>G
985 4111 990 4178 Ι
1016 4112 1049 4164 12
1068 4113 1251 4184 τριάκονται
1271 4116 1296 4174 λ’
1323 4116 1367 4180 G!

187 4189 219 4243 13
237 4198 362 4265 τρυφὴσφ
380 4210 508 4251 ειυς-σει
528 4195 621 4250 GAth
645 4205 650 4262 Ι
677 4197 709 4252 18
730 4192 770 4254 ἐτι
788 4196 979 4263 quuoniam
1004 4193 1072 4266 (ότι)
1091 4198 1141 4254 LA
1168 4202 1172 4272 Ι
1199 4202 1237 4260 23
1255 4200 1306 4263 οὗ,
1328 4203 1370 4259 G:

185 4277 1330 4358 111111011¹A‚ergonun0L¹126yapproma2LA131mmmmm
