2834 5018
164 349 205 416 10
649 344 838 401 DOCTRINA

153 527 183 589 4.
208 522 316 587 τέκνον
339 545 408 608 μου,
432 527 474 608 μὴ
497 523 583 606 γίνου
608 523 827 601 οίωνοσκύπος,
852 522 958 604 ἐπειδὴ
982 521 1087 605 ὁδηγεῖ
1109 522 1151 597 είς
1171 524 1227 605 τἠν
1244 521 1333 585 εἰδω-

154 627 337 711 λολατρίαν,
370 629 448 713 μηδὲ
476 628 620 703 ἐταοιδὸς
643 628 720 712 μηδὲ
743 628 963 712 μαθηματικὸς
985 627 1063 711 μηδὲ
1085 627 1332 710 περικαθαίρων,

154 732 232 816 μηδὲ
255 731 333 799 θέλε
355 736 435 796 αὐτὰ
458 732 581 818 βλέπειν
611 732 689 816 μηδὲ
710 730 852 796 ἀκούειν·
889 731 925 795 ἐκ
951 734 1012 815 γὰρ
1039 731 1156 795 τούτων
1184 732 1332 797 ἁπάντων

155 836 377 920 εἰδωλολατρία
398 848 553 921 γεννᾶται.
600 841 628 903 5.
652 836 761 900 τέκνον
784 858 858 920 μου,
882 839 923 921 μὴ
946 837 1033 921 γίνου
1056 837 1200 921 ψεύστης,
1224 837 1332 919 ἐπειδὴ

128 958 141 997 ⁶
156 941 262 1026 ὁδηγεῖ
284 944 319 1006 τὸ
335 943 460 1025 ψεῦσμα
474 942 517 1017 εἰς
532 944 588 1024 τὴν
603 940 735 1024 κλοπήν,
759 941 837 1025 μηδὲ
853 941 1040 1026 φιλάργυρος
1056 943 1134 1027 μηδὲ
1149 942 1331 1019 κενόδοξος.

154 1046 191 1111 ἐκ
212 1049 274 1130 γὰρ
296 1047 413 1110 τούτων
436 1046 583 1110 ἁπάντων
612 1045 727 1109 κλοπαί
756 1054 934 1129 γεννῶνται.
981 1050 1010 1112 6.
1045 1045 1153 1111 τέκνον
1183 1068 1258 1131 μου,
1289 1050 1332 1130 μὴ

153 1151 240 1236 γίνου
262 1151 426 1235 γδγγυσος,
450 1151 555 1234 ἐπειδὴ
579 1151 685 1235 ὁδηγεῖ
708 1151 750 1227 είς
774 1153 830 1235 τὴν
854 1150 1063 1236 βλασφημίαν,
1087 1151 1164 1236 μηδὲ
1187 1152 1332 1236 αὐθάδης

154 1256 232 1341 μηδὲ
253 1257 476 1340 πονηρύφρων·
508 1256 545 1319 ἐκ
567 1256 627 1340 γὰρ
648 1255 766 1319 τούτων
781 1255 928 1319 ἁπάντων
944 1255 1136 1341 βλασφημίαι
1151 1265 1331 1340 γεννῶνται.

156 1363 184 1427 7.
200 1362 269 1426 ίσθι
285 1360 318 1423 δέ
333 1361 441 1442 πραῦς,
457 1359 523 1424 ἐπεί
536 1362 567 1424 οἱ
579 1366 698 1445 πραεῖς
710 1359 1006 1445 κληρονομήσουσι
1021 1362 1085 1444 τήν
1100 1367 1173 1444 γῆν.
1199 1363 1227 1427 8.
1243 1360 1332 1444 γίνου

116 1485 141 1522 10
155 1465 360 1549 μακρύθυμος
382 1467 435 1528 καί
460 1464 600 1548 ἐλεήμων
622 1465 675 1526 καί
699 1465 819 1539 ἄκακος
841 1465 894 1526 καί
917 1464 1045 1547 ήσύχιος
1061 1466 1113 1527 καί
1131 1465 1255 1547 ἀγαθὸς
1278 1467 1331 1528 καί

154 1569 274 1653 τρέμων
303 1573 374 1645 τοὺς
402 1568 513 1653 λύγους
542 1568 594 1632 διδι
625 1568 756 1647 παντὸς,
780 1570 833 1644 οὓς
855 1569 1002 1650 ήκουσας.
1049 1572 1078 1635 9.
1114 1571 1173 1651 οὐχ
1195 1568 1333 1651 ύψιύσεις

155 1675 286 1738 σεαυτὸν
313 1675 386 1737 οὐδὲ
416 1673 526 1749 δώσεις
555 1683 594 1757 τή
617 1673 704 1756 ψυχή
726 1693 783 1735 σου
806 1673 935 1754 θράσος.
982 1674 1017 1735 οὐ
1047 1671 1282 1756 κολληθήσεται
1311 1672 1332 1754 ἡ

154 1778 240 1861 ψυχή
263 1800 320 1842 σου
343 1779 422 1861 μετὰ
444 1777 589 1862 ὑψηλῶν,
619 1775 703 1839 ἀλλὰ
734 1778 812 1858 μετὰ
841 1775 969 1839 δικαίων
1000 1777 1053 1839 καί
1080 1784 1233 1839 ταπεινῶν
1257 1777 1333 1840 ἀνα·

155 1883 329 1968 στραφήση.
378 1885 427 1951 10.
456 1884 495 1945 τδι
519 1880 727 1967 συμβαίνοντα
751 1901 799 1943 σοι
822 1879 1015 1963 ἐνεργήματα
1038 1879 1080 1954 ῶς
1103 1880 1214 1963 ἀγαθὰ
1237 1902 1333 1963 προσ-

117 1987 237 2072 1ῡδέξη,
264 1987 361 2067 εἰδώς,
385 1991 432 2052 δτι
455 1990 528 2069 ἄτερ
552 1990 629 2053 θεοῦ
653 1986 742 2049 οὐδὲν
764 1984 890 2068 γίνεται.

243 2094 300 2158 IV.
341 2090 459 2155 Τέκνον
491 2113 566 2174 μου,
599 2101 653 2154 τοῦ
684 2089 853 2164 λαλοῦντύς
884 2111 931 2152 σοι
964 2090 1016 2152 τδν
1046 2087 1140 2172 λύγον
1168 2099 1222 2152 τοῦ
1253 2093 1333 2155 θεοῦ

155 2195 324 2281 μνησθήση
347 2197 457 2270 νυκτὸς
480 2197 533 2257 καί
555 2192 681 2278 ήμέρας,
704 2192 840 2276 τιμήσεις
863 2193 897 2256 δέ
920 2194 1013 2257 αὐτὸν
1036 2192 1078 2268 ὡς
1101 2193 1220 2275 κύριον
1254 2195 1333 2259 ὅθεν

153 2301 214 2384 γὰρ
243 2299 263 2383 ή
292 2299 435 2383 κυριότης
465 2298 622 2377 λαλεῖται,
653 2297 718 2361 ἐκεῖ
746 2297 851 2380 κύριός
883 2297 974 2360 ἐστιν.
1021 2303 1050 2364 2.
1087 2296 1267 2382 ἐκζητήσεις
1299 2298 1333 2360 δὲ

222 2441 238 2493 2
256 2441 465 2511 περικαθαίρων
484 2437 517 2506 -]-
537 2452 671 2503 quaeres
690 2436 769 2489 ducit
789 2435 825 2488 ad
850 2451 950 2488 vanarn
968 2436 1198 2506 superstitionem
1219 2436 1240 2490 L
1262 2454 1296 2491 ex
1314 2438 1331 2490 l.

156 2529 169 2580 1
188 2541 229 2592 sq.
254 2525 259 2594 Ι
283 2526 299 2579 3
317 2523 386 2595 μηδὲ
404 2522 515 2581 ἀκούειν
535 2523 554 2576 L
576 2524 635 2578 Gan
649 2541 654 2575 ι
667 2526 703 2592 >
721 2523 774 2577 cod
799 2523 803 2594 Ι
829 2523 845 2576 3
865 2540 906 2590 sq.
925 2521 956 2579 ἐκ
974 2524 1028 2597 γὰρ
1048 2555 1080 2564 -
1100 2526 1266 2597 γεννᾶται)
1284 2524 1306 2578 L
1327 2528 1331 2594 Ι

153 2613 171 2665 4
189 2612 288 2670 τέκνον
303 2615 395 2681 μου)
413 2612 441 2673 L,
461 2612 530 2667 item
548 2614 564 2665 6
584 2615 612 2666 et
632 2612 684 2682 16]
701 2613 716 2665 9
736 2616 785 2682 τήν
804 2624 872 2684 γηνι
888 2616 1014 2666 sanctam
1032 2615 1137 2665 terram
1156 2611 1197 2682 L!
1225 2610 1258 2665 10
1277 2609 1332 2668 ἐλε-

153 2703 232 2771 ήμων
249 2707 289 2739 -’
302 2696 411 2772 ἀγαθός
423 2719 429 2752 ι
442 2700 485 2753 tui
504 2700 614 2770 negotii
638 2700 727 2754 bonus
748 2699 769 2753 L
792 2698 797 2769 Ι
826 2702 857 2754 12
876 2701 995 2757 σεαυτὸν
1007 2699 1041 2770 -ψ-
1054 2716 1106 2753 ncc
1129 2697 1283 2754 honorabis
1301 2702 1331 2753 te

154 2788 229 2857 apud
247 2787 376 2841 homines
394 2788 416 2841 L
434 2787 469 2840 cf.
488 2788 570 2841 Burn
592 2788 631 2849 19,
651 2788 667 2842 3
691 2788 697 2854 Ι
724 2787 755 2840 16
774 2785 985 2844 θεοῦιύοιιιίιιί
1003 2787 1050 2841 dei
1069 2788 1089 2841 L

187 2911 211 2963 4.
248 2908 439 2975 οἰωνοσκόπος
458 2949 489 2961 ..
515 2907 654 2977 ἐπαοιδός]
686 2909 726 2963 cf.
791 2908 884 2962 7—10.
905 2908 958 2962 Ηίο
968 2912 1066 2963 auctor
1078 2909 1115 2962 ad
1123 2908 1245 2963 formam
1257 2909 1332 2977 prio·

153 2997 216 3050 Lev.
238 2997 276 3059 19,
296 2996 336 3049 26.
351 2997 400 3057 31;
419 2994 501 3051 Dent.
523 2996 562 3058 18,
584 2996 622 3050 10.
639 2998 677 3050 11.
697 2995 729 3049 In
755 3011 813 3048 rem
832 2995 912 3049 redit.
949 2995 1123 3050 Particulam
1140 2999 1236 3050 autem
1255 3000 1332 3050 arcte

153 3081 275 3137 Teutam
294 3083 447 3151 patriarcis
466 3083 511 3147 lv,
532 3083 565 3138 59
584 3083 665 3137 Iudas
688 3082 728 3137 oi·
757 3098 819 3135 curn
831 3082 1018 3150 praecedente
1032 3098 1185 3136 connexam
1206 3098 1266 3136 esse
1279 3099 1334 3136 vox

153 3169 207 3223 cit:
226 3171 420 3243 ήφιλαργνρία
435 3172 508 3244 πρὸς
519 3167 618 3227 εἴδωλα
628 3169 728 3242 ὁδηγεῖ.
756 3167 785 3224 δὲ
804 3168 921 3222 indicat.
958 3166 1092 3222 Versibus
1106 3172 1242 3234 quattuor
1255 3168 1332 3223 chri-

188 3258 212 3309 5.
242 3256 365 3310 Priorem
390 3257 473 3311 huius
497 3273 594 3311 versus
617 3261 727 3326 partem
756 3255 866 3310 stianus
883 3254 1005 3309 maxime
1024 3257 1056 3309 ut
1073 3254 1207 3309 virtutem
1226 3259 1333 3325 tempe·

153 3342 254 3397 laudat
274 3342 403 3397 Clemens
415 3344 458 3397 Al.
474 3344 574 3399 Strom.
588 3346 608 3405 1,
622 3344 663 3405 20,
679 3344 728 3398 100
755 3342 865 3396 rantiae
885 3346 1014 3396 exercent
1039 3343 1213 3396 admonetur.
1255 3343 1333 3396 Man·

152 3446 179 3499 p.
199 3431 250 3485 377
277 3434 415 3496 tanquam
442 3431 535 3485 locum
557 3430 728 3499 Scripturue.
756 3429 1096 3484 dataoffioiachristiani
1110 3444 1177 3498 erga
1196 3445 1225 3482 sc
1239 3429 1333 3498 ipsum

153 3516 257 3571 Scribit
267 3517 354 3571 enirn:
374 3511 463 3584 Ούτος
476 3520 525 3588 (ια.
539 3519 588 3584 qui
601 3534 642 3576 eo.
655 3533 728 3584 quae
757 3517 900 3571 continere
921 3516 976 3570 dici
994 3519 1120 3584 possunt.

153 3608 218 3659 sunt
245 3605 444 3668 barbarorum,
472 3605 593 3674 sumpsit
620 3608 649 3659 et
668 3608 728 3658 tan·
790 3598 932 3674 κηροῖς]
953 3603 993 3657 cf.
1015 3601 1116 3661 Col.3,
1138 3602 1184 3659 12:
1216 3600 1287 3671 Eph.
1307 3604 1332 3665 4,

152 3707 237 3759 quam
257 3708 309 3744 sun
326 3691 514 3761 praedicavit)
537 3691 656 3762 κλέπτης
675 3688 728 3748 tao
755 3693 802 3752 32;
821 3691 833 3744 l
853 3691 948 3744 Thess.
968 3691 992 3750 5,
1012 3691 1050 3744 14.
1070 3690 1108 3743 15.
1133 3689 1196 3743 Vox
1214 3689 1333 3743 vocibus

153 3790 201 3847 τῆς
218 3790 328 3851 γραφῆς
351 3776 467 3853 εἷ’ρηται·
496 3782 562 3851 φησὶ
580 3787 664 3850 γοῦν·
688 3777 728 3834 υἱὲ
754 3780 895 3851 γόγγνσος
919 3780 948 3830 ct
971 3775 1095 3846 αύθιίδης
1112 3794 1137 3828 ν.
1158 3776 1175 3829 6
1198 3776 1333 3845 opposita

152 3868 190 3932 μι]
216 3867 295 3936 γίνου
322 3866 457 3938 ψεύστης,
495 3865 591 3938 ὁδηγεῖ
613 3863 667 3937 γὰρ
695 3864 727 3920 τὸ
754 3868 804 3918 est..
824 3895 857 3902 —
876 3862 902 3920 oi
919 3872 1016 3934 πραεῖς
1035 3863 1105 3932 κτλ]
1125 3863 1221 3916 Verba
1238 3863 1268 3916 in
1282 3862 1332 3916 Te·

154 3958 265 4019 ψεῦσμα
283 3951 354 4023 πρὸς
372 3957 421 4023 τὴν
438 3956 552 4023 κλοπήν.
756 3953 897 4005 stamento
924 3955 1044 4016 utroque
1071 3951 1213 4018 leguntur.
1262 3949 1332 4003 Con-

188 4037 212 4088 6.
231 4037 379 4108 γύγγνσος]
401 4039 441 4092 ef.
457 4038 537 4092 Prov.
550 4039 589 4101 16,
599 4038 647 4100 28;
667 4036 726 4091 lud.
755 4042 849 4093 textus
880 4040 975 4091 autem
1005 4036 1074 4090 satis
1111 4036 1185 4090 clare
1216 4035 1332 4098 iudicat,

155 4122 202 4181 16;
220 4122 341 4190 Philipp.
352 4123 376 4185 2,
390 4125 432 4186 14;
452 4124 547 4179 IPetr.
558 4125 582 4186 4,
596 4124 625 4186 9;
643 4123 726 4178 IOor.
756 4142 842 4192 quam
862 4127 1032 4193 scripturam
1050 4125 1149 4177 auctor
1167 4123 1331 4192 respexerit.

155 4208 195 4271 10,
218 4208 256 4263 10.
289 4240 324 4248 -
353 4207 485 4281 αὐθάδης]
514 4211 556 4265 cf.
583 4210 637 4265 Tit.
657 4211 677 4270 Ι,
697 4213 727 4273 7;
755 4213 850 4266 Verba
867 4210 932 4270 ίσθε
944 4208 1033 4283 πραῢς
1045 4210 1138 4263 verbis
1153 4209 1268 4264 Domini
1280 4231 1333 4279 μα·

153 4294 180 4348 ΙΙ
198 4294 272 4349 Pctr.
291 4294 314 4357 2,
336 4295 374 4349 10.
754 4299 845 4371 κύριοι
863 4296 890 4353 σί
907 4305 1004 4371 πραεῖς
1021 4296 1122 4351 Matth.
1141 4297 1196 4361 at
1216 4312 1331 4366 respou-
