2834 5018
457 583 483 641 S.
503 582 645 638 IGNA'I'lI
663 582 873 638 EPISTULAE.
1082 588 1248 654 LXXXIII

70 761 178 826 bonum
199 784 282 837 esse,
300 761 418 827 melius
441 766 546 826 autem
560 784 687 826 norum.
733 762 911 846 Prophetas
935 784 1060 847 quoque
1076 763 1249 828 Dominum

71 867 268 931 annuntiasse
294 865 355 949 (9).
403 865 482 931 Cum
505 872 611 931 autem
633 867 766 931 ecclesia
789 866 898 950 Syriae
929 889 1043 952 pacem
1065 868 1245 945 obtinuerit,

71 973 229 1036 diaconum
267 971 476 1036 Antiochiam
509 971 655 1048 mittant,
692 972 746 1054 qui
780 993 851 1036 cum
884 971 1091 1036 Antiochenis
1126 974 1164 1037 de
1186 974 1248 1038 fine

70 1077 293 1159 persecutionis
317 1077 517 1161 congaudeat
540 1075 619 1158 (10).
665 1076 810 1160 Denique
834 1077 954 1159 gratias
977 1098 1011 1140 se
1035 1098 1139 1161 agere,
1164 1079 1248 1162 quod

70 1182 314 1265 Agathopodem
339 1185 372 1245 et
392 1180 560 1245 Philonem
582 1182 661 1245 bene
683 1181 881 1264 susceperint
903 1178 980 1263 (11).

150 1285 391 1371 Smyrnaeis
415 1286 538 1350 scribit:
563 1307 597 1349 se
621 1285 800 1369 glorificare
815 1284 921 1349 lesum
937 1284 1099 1350 Christum
1113 1290 1248 1370 propter

69 1391 158 1455 fidem
186 1392 366 1475 perfectam
396 1413 492 1475 quam
520 1390 660 1454 habeant
682 1389 715 1453 in
738 1388 927 1465 Dominum,
961 1390 1015 1472 qui
1037 1412 1109 1455 vere
1135 1413 1247 1474 passus

69 1496 105 1559 sit
136 1519 176 1560 ac
207 1495 415 1561 resurrexerit
438 1493 494 1576 (1)
539 1494 676 1578 Propter
706 1515 764 1558 nos
797 1497 901 1558 autem
924 1494 1097 1559 Dominum
1118 1517 1248 1579 passum

69 1621 151 1674 esse;
183 1622 258 1664 vere
282 1623 356 1664 eum
385 1621 516 1683 passum
540 1620 607 1663 esse
630 1597 676 1681 (2)
701 1603 797 1681 atque
829 1603 903 1682 post
931 1598 1192 1663 resurrectionem
1216 1605 1247 1663 et

69 1704 168 1768 adhuc
190 1705 225 1768 in
248 1726 342 1768 carno
365 1725 434 1768 esse
450 1702 505 1785 (3).
552 1703 629 1766 Alia
651 1705 799 1768 docentes
816 1703 952 1787 fugiant.
999 1702 1063 1767 (tur
1085 1705 1153 1787 ipse
1175 1703 1245 1768 vin·

69 1808 136 1871 cula
160 1808 246 1871 ferat
269 1804 340 1889 (4l·⁹
371 1805 433 1883 Qui
455 1805 617 1870 Christum
640 1809 808 1890 abnegent,
833 1807 900 1870 fore
923 1810 959 1870 ut
982 1807 1088 1889 potius
1112 1831 1131 1871 a
1153 1806 1246 1872 Chri·

69 1920 114 1974 sto
138 1912 340 1995 abnegentur
363 1909 420 1992 (5).
465 1910 574 1974 Etiam
601 1910 746 1994 angelos,
771 1911 833 1975 nisi
854 1911 887 1974 in
910 1911 1084 1975 Dominum
1107 1914 1244 1990 credant,

68 2015 273 2080 iniudicium
300 2015 481 2080 incursuros
514 2037 591 2079 esse.
637 2015 713 2078 lllos
744 2021 850 2079 autem
873 2036 911 2078 ex
935 2014 1091 2080 fructibus
1121 2038 1246 2101 quoque

69 2120 215 2205 cognosci
239 2118 297 2202 (6).
343 2120 395 2184 Ab
418 2121 471 2197 iis,
502 2120 559 2203 qui
582 2121 621 2183 ab
651 2120 843 2184 eucharistia
865 2125 897 2184 et
926 2121 1069 2185 oratione
1096 2121 1245 2185 ecclesiae

69 2225 264 2301 abstineant,
296 2225 445 2289 recedant
475 2224 538 2307 (7),
569 2246 670 2306 neque
700 2224 873 2308 quidquam
903 2225 970 2288 sine
1000 2224 1147 2308 episcopo
1170 2247 1244 2308 per·

69 2333 164 2413 agant
189 2327 253 2411 (8),
287 2329 470 2412 episcopum
500 2330 607 2412 potius
637 2328 795 2393 honorent
817 2329 860 2412 (9,
888 2328 929 2411 1).
976 2329 1087 2394 Gratia
1116 2330 1177 2393 Dei
1206 2331 1245 2393 iis

67 2435 149 2498 bona
171 2431 344 2509 retribuat,
376 2455 456 2516 quae
478 2434 512 2497 in
534 2435 639 2517 ipsum
662 2434 853 2498 contulerint
876 2433 919 2514 (9,
941 2431 974 2515 2)
998 2438 1030 2497 et
1051 2434 1084 2498 in
1115 2434 1244 2498 comites

68 2559 139 2601 suos
165 2535 245 2619 (10).
292 2535 426 2601 Mittant
455 2539 598 2623 legatum
621 2538 828 2602 Antiochiam
860 2539 902 2602 ob
924 2561 1037 2622 pacem
1063 2539 1244 2602 rest'tutam

68 2640 143 2721 (11).
191 2640 337 2717 Fratres,
368 2643 424 2725 qui
454 2643 517 2706 sint
539 2641 679 2718 Troade,
712 2647 744 2704 et
774 2647 875 2706 semet
904 2643 1009 2725 ipsum
1041 2642 1189 2727 episcopo
1213 2643 1245 2707 et

67 2746 219 2810 fratribus
243 2745 390 2809 omnibus
403 2745 548 2810 'salutem
572 2747 674 2809 dicere
697 2743 862 2827 (la-13).

153 2849 404 2932 Polycarpo,
431 2855 603 2933 postquam
625 2850 686 2913 sibi
709 2851 889 2934 gratulatus
913 2855 970 2927 est,
995 2852 1080 2935 quod
1104 2851 1170 2914 eius
1193 2851 1242 2914 fa·

67 2955 144 3018 ciem
165 2954 314 3030 vidisset,
345 2954 483 3037 epistula
512 2955 639 3018 ineunte
663 2954 757 3037 plura
788 2954 920 3018 consilia
952 2977 989 3019 ac
1011 2959 1181 3037 praecepta
1204 2956 1242 3018 de

67 3059 199 3123 ecelesia
221 3059 361 3143 regenda
388 3060 442 3123 dat
464 3057 576 3142 (1-5)
600 3062 632 3122 et
661 3058 855 3122 intermiscet
884 3059 1033 3141 additque
1061 3055 1108 3140 (6)
1138 3058 1245 3142 aliqua

67 3167 237 3248 praecepta
259 3163 299 3227 ad
328 3164 492 3247 populum.
539 3163 622 3228 Tum
645 3163 834 3246 Smymaeos
866 3169 897 3227 et
926 3164 1109 3247 episcopum
1142 3163 1243 3227 denuo

67 3268 262 3345 adhortatur,
286 3274 324 3332 ut
351 3268 493 3353 legatum
516 3268 723 3332 Antiochiam
751 3268 880 3332 mittant
904 3266 962 3350 (7).
1009 3268 1153 3352 Denique
1178 3266 1242 3331 Po·

66 3370 231 3456 lycarpum
246 3377 349 3457 rogat,
373 3378 409 3436 ut
425 3373 503 3437 alias
519 3373 666 3437 ecclesias
681 3395 738 3455 per
760 3373 884 3437 litteras
901 3373 1077 3449 admoneat,
1100 3377 1137 3437 ut
1158 3373 1242 3435 idem

67 3475 194 3553 iaciant,
220 3477 373 3558 quoniam
395 3478 463 3560 ipse
486 3477 655 3559 impeditus
680 3477 730 3554 sit,
755 3477 922 3559 quominus
945 3477 1009 3541 illis
1032 3478 1158 3541 scribat.

624 3651 681 3715 Vl.

150 3787 319 3873 Epistulas
341 3787 459 3873 Ignatii
482 3790 635 3873 genuinas
656 3790 777 3872 primus
800 3788 926 3853 Isaacus
946 3788 1029 3853 Voss
1052 3789 1141 3872 prelo
1164 3791 1241 3853 sub·

67 3889 136 3955 iecit
166 3914 195 3955 a.
223 3892 339 3955 16461.
392 3892 570 3978 Descripsit
604 3916 657 3958 eas
687 3917 704 3958 e
734 3895 840 3958 codice
872 3892 1240 3958 Mediceo·Laurentiano

68 3994 144 4078 plut.
167 3994 258 4060 LVII
280 4018 311 4059 n.
337 3996 355 4059 7
381 3995 474 4078 (saec.
499 3998 558 4081 ΧΙ)
588 4004 621 4062 et
647 3997 744 4062 edidit
776 4021 840 4062 una
869 4019 939 4061 cum
971 3998 1113 4063 versione
1142 4000 1241 4062 reteri

68 4097 172 4177 latina,
197 4122 296 4184 quam
318 4099 343 4163 Ι.
360 4099 482 4166 Ussher
504 4104 537 4168 in
560 4103 719 4168 codicibus
735 4101 973 4167 Montecutiano
997 4108 1030 4166 et
1044 4100 1170 4166 Caiensi
1193 4103 1242 4167 vel

136 4274 148 4326 l
168 4271 317 4340 Epistolae
336 4271 474 4341 genuinae
495 4272 520 4326 S.
541 4273 646 4343 Ignatii
663 4273 804 4342 martyris,
824 4290 897 4341 quae
915 4289 990 4326 nunc
1008 4273 1130 4342 primum
1149 4274 1240 4328 lucem

72 4355 160 4413 vident
178 4376 213 4412 ex
231 4357 408 4412 bibliotheca
425 4360 596 4414 Florentina.
633 4362 782 4416 Adduntur
801 4361 827 4415 S.
847 4360 953 4429 Ignatii
978 4360 1123 4430 epistolae,
1144 4361 1239 4428 quale·

73 4443 148 4514 vulgo
166 4445 412 4500 circumferuntur.
448 4446 565 4501 Adhaec
583 4448 609 4502 S.
627 4449 776 4503 Barnabae
795 4447 922 4516 epistola
959 4447 1086 4501 Accessit
1105 4448 1240 4502 universis

73 4530 212 4588 translatio
231 4535 323 4586 vetus.
360 4533 571 4587 Amstelodam'u
608 4535 718 4588 Recusa
737 4539 780 4589 est
799 4534 886 4587 editio
906 4550 930 4586 a.
952 4533 1019 4588 1680
1039 4532 1168 4588 Londini.

991 4623 1032 4689 f*
