2834 5018
167 340 231 406 300
529 335 555 390 S.
573 334 781 392 POLYCARPI
798 334 975 390 EPISTULA

168 512 210 586 εἰς
227 514 264 587 ἃς
288 511 342 575 ἐάν
359 510 542 595 ἐγκύπτητε,
567 511 790 596 δυνηθίγσεσθε
805 511 1041 595 οἰκοδομεῖσθαι
1058 510 1100 584 είς
1122 511 1178 592 τὴν
1194 509 1345 576 δοθεῖσαν

167 616 238 699 ύμῖν
253 616 370 679 πίστιν·
395 620 424 682 3.
450 618 521 700 ἥτις
538 617 631 680 ἐστίν
646 620 756 703 μήτηρ
781 618 923 681 πάντων
938 620 1047 701 ἡμῶν,
1064 614 1347 698 ἐπακολουθούσης

167 731 221 806 της
245 720 385 800 ἐλπίδος,
415 719 613 804 προαγούσης
645 729 699 803 τῆς
731 720 854 804 ἀγάπης
876 730 930 804 τῆς
961 720 1003 795 εἰς
1026 721 1103 785 θεὸν
1132 720 1185 782 καί
1209 717 1346 801 Χριστὸν

169 827 222 888 καί
246 825 288 901 είς
311 827 364 889 τὸν
395 823 537 909 πλησίον.
584 822 638 887 ἐὰν
661 824 722 908 γάρ
754 845 799 900 τις
821 824 939 887 τούτων
963 823 1048 899 ἐντὸς
1071 821 1108 908 ᾖ,
1138 822 1346 906 πεπλήρωκεν

143 929 298 1013 ιέντολὴν
330 929 544 1013 δικαιοσύνης·
576 929 676 1012 ὁγὰρ
706 929 788 1011 ἔχων
822 929 946 1013 ἀγάπην
976 929 1099 1011 μακράν
1129 927 1212 992 ἐστιν
1244 928 1348 1011 πάσης

168 1033 329 1117 ἁμαρτίας.

255 1140 311 1204 IV.
336 1138 443 1223 Ἀρχὴ
467 1137 503 1202 δὲ
528 1139 671 1202 πάντων
693 1138 856 1220 χαλεπῶν
884 1136 1096 1222 φιλαργυρία.
1143 1136 1259 1213 εἰδότες
1282 1134 1347 1215 οὖν,

169 1244 215 1305 ὅτι
239 1243 340 1307 οὐδὲν
363 1244 609 1326 εἰσηνέγκαμεν
632 1245 678 1322 είς
702 1244 762 1307 τὸν
785 1245 934 1323 κόσμον,
958 1242 1034 1305 ἀλλ’
1057 1242 1136 1306 οὐδὲ
1159 1239 1349 1325 ἐξενεγκεῖν

169 1370 200 1411 τι
223 1349 355 1429 ἔχομεν,
379 1345 586 1430 δπλισώμεθα
609 1356 672 1421 τοῖς
687 1345 795 1422 ὅπλοις
818 1356 872 1429 της
887 1344 1083 1429 δικαιοσύνης
1106 1347 1159 1408 καί
1175 1344 1348 1429 διδάξωμεν

130 1471 155 1510 ιο
169 1451 298 1526 ἑαυτοὺς
326 1458 448 1532 πρῶτον
477 1450 669 1531 πορεύεσθαι
692 1450 724 1514 ἐν
747 1461 786 1534 τη
809 1450 919 1534 ἐντολῇ
948 1460 1002 1513 τοῦ
1029 1450 1153 1532 κυρίου·
1185 1455 1216 1517 2.
1240 1451 1349 1514 ἔπειτα

169 1557 222 1618 καί
246 1557 300 1630 τδις
327 1564 478 1639 γυναῖκας
504 1554 590 1637 ὑμῶν
613 1554 645 1619 ἐν
667 1565 706 1639 τῇ
728 1555 860 1640 δοθείση
892 1557 998 1630 αὐταῖς
1028 1554 1128 1618 πίστει
1157 1557 1212 1617 καί
1239 1556 1349 1640 ἀγάπη

168 1661 223 1722 καί
247 1660 364 1744 ἁγνείᾳ,
389 1657 578 1743 στεργούσας
601 1661 672 1733 τοὺς
688 1659 808 1722 ἑαυτῶν
832 1659 945 1740 ἄνδρας
969 1658 1001 1721 ἐν
1024 1660 1110 1742 παίση
1132 1657 1274 1742 ἀληθείᾳ
1295 1659 1348 1721 καί

169 1763 342 1848 ἀγαπωσας
365 1764 484 1838 πάντας
506 1762 539 1839 ἐξ
561 1764 630 1824 ἴσου
653 1763 685 1826 ἐν
709 1765 795 1848 πάση
818 1763 993 1847 ἐγκρατείᾳ,
1017 1763 1069 1824 καί
1093 1763 1132 1824 τὰ
1155 1760 1252 1826 τέκνα
1275 1784 1348 1825 παι-

170 1868 268 1931 δεύειν
298 1871 353 1951 την
377 1867 518 1931 παιδείαν
548 1876 602 1930 τοῦ
628 1867 726 1953 φόβου
757 1878 811 1931 τοῦ
835 1869 928 1934 θεοῦ
963 1872 992 1935 3.
1017 1869 1073 1942 τάς
1095 1866 1195 1949 χήρας
1226 1886 1349 1949 σωφρο-

133 1992 157 2031 ιι
171 1973 284 2047 νούσας
313 1973 382 2054 περί
414 1975 469 2054 τὴν
496 1982 551 2035 τοῦ
580 1971 687 2053 κυρίου
718 1972 837 2052 πίστιν,
862 1971 1110 2056 ἐντυγχανούσας
1141 1969 1349 2045 ἀδιαλείπτως

169 2078 239 2159 περί
262 2077 402 2156 πάντων,
434 2079 557 2159 μακρὰν
581 2079 675 2152 οὔσας
699 2077 801 2160 πάσης
824 2076 981 2162 διαβολῆς,
1003 2074 1209 2154 καταλαλιάς,
1234 2074 1349 2157 ψευδο-

171 2181 348 2265 μαρτυρίας,
372 2180 574 2264 φιλαργυρίας
597 2183 650 2243 καί
673 2183 788 2256 παντὸς
811 2190 927 2243 κακοῦ·
957 2179 1190 2264 γινωσκούσας,
1221 2181 1269 2242 δτι
1293 2179 1349 2242 είσί

171 2284 394 2368 θυσιαστήριον
428 2286 506 2347 θεοῦ
535 2286 588 2347 καί
618 2286 664 2347 ὅτι
697 2283 801 2347 πάντα
832 2293 1101 2367 μωμοσκσπεῖται,
1133 2285 1187 2346 καί
1211 2282 1349 2367 λέληθεν

172 2393 265 2454 αύτδν
296 2390 384 2454 οὐδὲν
407 2393 479 2453 οὔτε
507 2388 664 2473 λογισμῶν
688 2391 760 2452 οὔτε
782 2388 909 2452 ἐννοιῶν
932 2392 1004 2451 οὔτε
1025 2409 1053 2450 τι
1083 2394 1154 2452 τῶν
1186 2394 1350 2475 κρυπτῶν

133 2510 158 2550 ⁹⁰
171 2503 230 2581 τῆς
254 2494 402 2580 καρδίας.

259 2602 298 2665 V.
321 2598 448 2674 Εἰδύτες
470 2597 534 2677 οὖν,
558 2600 604 2661 δτι
627 2597 709 2679 θεὸς
738 2601 778 2663 οὐ
800 2598 1049 2683 μυκτηρίζεται,
1073 2595 1240 2679 ὀφείλομεν
1257 2595 1350 2673 ἀξίως

171 2715 226 2789 τῆς
261 2703 387 2789 ἐντολῆς
421 2705 516 2768 αὐτοῦ
550 2704 603 2766 καί
637 2701 728 2787 δόξης
763 2711 951 2783 περιπατεῖν.
1008 2706 1037 2768 2.
1063 2700 1176 2783 δμοίως
1211 2700 1350 2764 διάκονοι

172 2812 326 2893 ἄμεμπτοι
348 2807 541 2873 κατενώπιον
565 2809 662 2870 αὐτοῦ
685 2816 739 2890 τῆς
754 2807 952 2890 δικαιοσύνης
975 2806 1017 2881 ὡς
1040 2808 1119 2871 θεοῦ
1141 2805 1195 2866 καί
1212 2802 1350 2885 Χριστοῦ

50 2930 56 2939 ·
172 2914 310 2978 διάκονοι
333 2915 386 2976 καί
409 2914 468 2989 οὐκ
490 2910 686 2994 ἀνθρώπων·
720 2913 761 2995 μὴ
785 2910 934 2996 διάβολοι,
958 2913 1000 2993 μὴ
1023 2909 1151 2993 δίλογοι,
1175 2907 1351 2993 ἀφιλάργυ-

134 3035 160 3073 νῡ
172 3039 230 3101 ροι,
255 3017 413 3101 ἐγκρατεῖς
442 3018 509 3098 περὶ
539 3016 655 3094 πάντα,
686 3013 911 3097 εὔσπλαγχνοι,
941 3012 1114 3097 ἐπιμελεῖς,
1147 3012 1351 3096 πορευόμενοι

173 3125 256 3185 κατδι
279 3124 334 3205 τὴν
365 3121 519 3205 ἀλήθειαν
542 3130 596 3184 τοῦ
619 3120 741 3203 κυρίου,
772 3120 805 3195 ὃς
834 3119 957 3203 ἐγένετο
986 3118 1129 3193 διάκονος
1153 3118 1298 3181 πάντων·
1327 3114 1351 3201 ᾧ

246 3331 259 3382 1
277 3332 403 3397 δοθῆσαν
422 3327 446 3380 G
462 3327 465 3396 ]
482 3329 497 3381 ’1
514 3332 643 3398 χαλεπῶν
662 3324 844 3380 (λικακῶνύ
860 3325 864 3393 t
880 3326 896 3378 9
915 3322 1104 3396 ὁτλησώμεθα
1117 3324 1142 3379 G
1157 3327 1162 3394 Ι
1180 3326 1211 3379 11
1236 3329 1352 3396 δοθησει

175 3414 198 3469 G
215 3417 219 3484 Ι
238 3416 269 3469 16
286 3419 414 3486 διαβολῆς
432 3412 635 3467 G:diabolieis
653 3413 929 3482 (detrectationibus)
949 3413 970 3466 L
987 3420 991 3476 Ι
1007 3415 1039 3466 21
1059 3416 1274 3485 μοικτειρίζεται
1294 3412 1318 3467 G

173 3592 276 3659 potest.
304 3620 339 3627 -
366 3586 528 3660 ἐγκύπτητε]
557 3587 630 3640 ΟΜ
659 3586 762 3640 (δίειμί
809 3584 854 3649 IV,
875 3588 897 3640 1.
916 3583 1099 3654 δπλισῶμεθα
1117 3585 1188 3654 κτλ]
1219 3585 1261 3639 Cf.
1283 3585 1353 3655 Eph.

173 3676 215 3741 40,
237 3681 265 3740 1;
284 3678 325 3740 45,
344 3678 375 3738 2;
395 3675 436 3738 53,
457 3679 480 3731 1.
760 3674 798 3743 ,6,
820 3673 858 3725 11.
881 3671 919 3725 13.
942 3673 987 3733 14;
1013 3672 1092 3726 Rom.
1113 3673 1153 3733 13,
1175 3672 1223 3733 12;
1245 3672 1353 3728 neor.

209 3767 233 3819 3.
252 3765 311 3835 ἥτις
327 3765 398 3833 κτλ]
426 3762 506 3815 Mart.
535 3761 601 3814 lust.
627 3776 649 3814 c.
669 3760 685 3813 3
704 3748 798 3821 ew,
813 3761 837 3813 7.
855 3790 888 3796 -
907 3758 1075 3831 πορεύεσθαι
1092 3759 1163 3828 κτλ]
1184 3759 1226 3812 cf.
1240 3759 1253 3812 1
1267 3760 1354 3814 clem.

174 3849 276 3905 Bened.
296 3869 322 3920 p.
342 3851 392 3906 587
412 3855 446 3916 (ε.
465 3852 483 3903 ι
501 3849 543 3902 ed.
563 3848 645 3911 οιιο,
665 3849 748 3918 corp.
760 3818 763 3935 ξ
776 3847 799 3911 1,
819 3846 843 3898 3.

158 3992 162 3999 ,
175 3938 256 4005 Apol.
276 3938 318 3990 ed.
337 3937 376 3990 III
394 3937 449 3990 vol.
462 3937 500 3989 111
519 3954 546 4004 p.
560 3934 639 4003 274):
656 3934 672 3991 δ
687 3933 763 4004 ἅλμ’
810 3935 834 3987 2.
848 3927 1184 4008 γυναῖκας-ἐγκρατείᾳ]
1194 3931 1355 3987 Οί.ΙΟΙειπ.

177 4025 256 4090 θινὸς
277 4026 356 4094 ἡμῶν
379 4028 470 4095 πατὴρ
494 4020 569 4079 ἐστιν
592 4020 609 4078 δ
628 4023 750 4095 Χριστὸς
778 4021 800 4082 l,
815 4022 843 4080 33
863 4019 941 4081 “21‚7·
960 4048 995 4057 -
1011 4015 1100 4087 ὑμῶν]
1115 4016 1357 4089 Polycarpushac

176 4113 221 4163 καὶ
248 4115 336 4184 μήτηρ
364 4114 380 4181 η
406 4109 446 4177 εἰς
471 4107 557 4165 αύτδν
585 4111 683 4176 πίστις.
715 4140 750 4148 -
776 4123 844 4160 νοτε
863 4121 959 4159 vocem
977 4103 1092 4172 λοιπούς
1110 4106 1141 4157 in
1159 4125 1185 4160 v.
1206 4106 1220 4159 l
1240 4112 1356 4163 mutans

177 4201 355 4268 πεπλήρωκεν
380 4195 450 4264 κτλ]
479 4194 520 4249 of.
549 4196 627 4249 Rom.
653 4197 699 4258 13,
718 4194 748 4256 8;
776 4192 884 4247 indicat
903 4209 931 4246 se
956 4190 1092 4245 caelibem
1116 4191 1216 4247 fuisse.
1233 4227 1270 4235 —
1294 4217 1357 4253 παι-

179 4279 238 4334 Gal.
257 4283 280 4344 5,
302 4284 347 4345 14;
366 4284 391 4347 6,
410 4284 434 4336 2.
776 4280 873 4349 δεύειν]
892 4295 930 4331 sc.
949 4280 1102 4348 διδάξωμεν
1119 4276 1245 4349 ἑαυτούς.
1274 4282 1358 4352 Poly·
