2834 5018
305 671 531 728 MARTYRIUM
550 674 576 729 S.
595 674 801 731 POLYCARPI
820 676 852 740 II,
875 677 972 743 l-III,
993 681 1017 734 1.
1183 684 1246 749 317

70 852 187 927 simus,
226 853 284 915 deo
319 853 461 917 omnium
493 876 599 918 rerum
632 858 824 937 potestatem
861 856 1074 922 adscribamus
1112 863 1246 942 oportet

70 959 100 1020 2.
127 955 204 1032 Quis
228 957 310 1020 enim
335 958 581 1041 generositatem
603 980 712 1023 corum
734 964 767 1023 et
781 960 969 1043 patientiam
991 967 1024 1026 et
1046 983 1123 1046 erga
1145 963 1248 1029 domi-

69 1084 147 1125 num
169 1063 333 1127 caritatem
364 1083 429 1127 non
461 1063 648 1140 admiretur,
682 1064 736 1148 qui
758 1064 895 1150 flagellis
927 1066 1005 1130 adeo
1035 1066 1182 1145 lacerati,
1212 1073 1248 1133 ut

71 1169 111 1232 ad
133 1168 261 1232 intimas
285 1189 385 1252 usque
407 1189 503 1232 venas
518 1173 552 1232 et
574 1169 705 1233 arterias
721 1170 861 1253 corporis
883 1173 1043 1234 structura
1058 1177 1246 1249 cerneretur,

70 1278 178 1337 tamen
194 1274 420 1349 sustinuenmt,
444 1273 490 1336 ita
511 1278 548 1336 ut
563 1273 659 1337 etiam
682 1274 843 1338 adstantes
858 1275 1082 1339 miserarentur
1105 1280 1139 1339 et
1153 1276 1275 1360 plan-o

71 1381 192 1461 gerent,
216 1378 278 1461 ipsi
299 1400 373 1443 vero
396 1399 434 1442 e0
457 1377 654 1442 fortitudinis
677 1378 835 1453 venirent,
868 1384 904 1443 ut
925 1400 1017 1443 nemo
1040 1379 1168 1444 illorum
1190 1402 1247 1444 ne·

73 1504 133 1565 que
156 1487 366 1546 murmuraret
389 1503 491 1565 neque
505 1482 735 1566 ingemisceret,
760 1483 907 1548 omnibus
922 1483 1014 1548 nobis
1037 1484 1247 1563 ostendentes,

72 1588 155 1670 quod
178 1588 414 1672 generosissimi
437 1592 590 1672 martyres
613 1586 732 1651 Christi
754 1587 834 1651 hora
854 1587 933 1665 ista,
969 1610 1032 1671 qua
1053 1589 1247 1671 torqueban-

70 1695 132 1769 tur,
157 1696 245 1756 extra
267 1713 393 1756 carnem
415 1692 549 1769 fuerint,
580 1698 635 1757 ant
657 1693 781 1776 potius,
816 1692 900 1775 quod
930 1692 1074 1757 dominus
1098 1692 1248 1757 assistens

71 1817 142 1858 cum
165 1794 243 1878 ipsis
266 1799 350 1859 esset
372 1795 570 1860 collocutus?
593 1797 622 1859 3.
648 1795 754 1878 Atque
778 1795 819 1859 ad
834 1794 953 1860 Christi
977 1795 1113 1880 gratiam
1135 1797 1286 1860 auten-10

71 1900 180 1963 dentes
202 1901 362 1964 mundana
384 1904 541 1964 tormenta
563 1901 763 1983 spernebant,
787 1900 880 1964 unius
901 1899 999 1964 horae
1023 1901 1127 1984 spatio
1150 1923 1184 1965 se
1207 1903 1247 1967 ab

71 2011 199 2069 aeterna
228 2028 331 2090 poena
363 2005 560 2071 redimentes.
617 2004 827 2090 Frigidusque
858 2004 936 2087 ipsis
965 2004 1134 2068 videbatur
1163 2006 1247 2090 ignis

70 2110 244 2174 crudelium
267 2111 458 2175 carnificum.
503 2110 586 2174 Prae
608 2110 708 2175 oculis
731 2110 814 2174 enim
833 2109 995 2174 habebant
1018 2108 1128 2193 fugam
1151 2109 1245 2186 illius,

71 2215 125 2298 qni
149 2221 295 2281 aeternus
318 2221 366 2280 est
389 2219 422 2280 et
443 2238 605 2299 nunquam
629 2215 863 2297 exstinguetur,
895 2218 927 2278 et
948 2213 1048 2278 oculis
1072 2213 1174 2278 cordis
1195 2234 1246 2277 re-

70 2320 248 2403 spiciebant
270 2321 310 2384 ad
333 2342 370 2384 ea
384 2321 479 2397 bona,
503 2342 584 2404 quae
607 2323 807 2385 reservantur
825 2318 1063 2396 sustinentibus,
1088 2334 1286 2400 quaenec1⁶

70 2431 165 2488 auris
188 2428 314 2489 audiuit
335 2444 396 2489 nec
411 2428 526 2489 oculus
549 2427 641 2504 otdr't,
664 2444 749 2505 quae
762 2443 823 2487 acc
844 2429 880 2487 r‘n
895 2442 954 2487 cor
975 2426 1119 2488 hominis
1133 2444 1246 2488 ascen·

70 2532 201 2610 derunt,
224 2551 304 2613 quae
326 2551 400 2594 vero
423 2529 463 2593 iis
487 2552 505 2593 a
528 2529 654 2594 domino
677 2531 854 2593 monstrata
869 2532 951 2605 sunt,
975 2531 1087 2611 utpote
1111 2529 1166 2612 qui
1184 2550 1248 2593 non

69 2634 212 2699 homines
244 2636 400 2718 amplius,
433 2636 488 2699 sed
518 2635 583 2699 iarn
614 2633 721 2719 angeli
751 2637 864 2698 essent.
910 2633 940 2696 4.
965 2630 1119 2697 Similiter
1147 2637 1179 2696 et
1208 2632 1248 2696 ad

68 2738 187 2802 bestias
212 2739 411 2803 condemnati
434 2760 547 2824 graves
569 2740 728 2804 cruciatus
751 2738 965 2822 pertulerunt,
997 2759 1091 2821 super
1113 2737 1248 2802 murices

69 2844 222 2926 prostrati
245 2849 276 2907 et
291 2844 363 2908 aliis
385 2843 545 2908 variorum
559 2847 788 2908 tormentorum
811 2844 980 2928 generibus
996 2841 1176 2919 excruciati,
1200 2845 1246 2918 ut,
1262 2861 1287 2899 νο

69 2947 96 3011 si
118 2948 188 3011 fieri
209 2949 383 3031 potuisset,
416 2955 570 3032 tyrannus
599 2970 652 3013 eos
682 2949 866 3014 assiduitate
898 2947 1046 3032 supplicii
1080 2947 1120 3011 ad
1147 2967 1246 3030 nega-

69 3053 187 3117 tionem
211 3052 327 3117 Christi
351 3054 542 3118 adduxisset.

155 3157 212 3221 lII.
243 3157 349 3221 Multa
379 3157 462 3221 enim
494 3157 643 3220 adversus
674 3156 747 3221 illos
778 3155 922 3221 diabolus
955 3154 1156 3219 machinatus
1188 3157 1244 3217 est.

69 3261 133 3326 Sed
155 3262 260 3345 gratia
282 3262 324 3325 sit
346 3261 433 3337 De03
459 3283 533 3325 nam
554 3261 711 3325 neminem
732 3260 792 3323 iste
814 3260 938 3324 vincere
960 3259 1074 3342 potuit.
1121 3257 1244 3322 Fortis·

68 3366 166 3430 simus
189 3367 273 3429 enim
296 3365 501 3431 Germanicus
529 3387 637 3430 eorum
659 3365 861 3428 timiditatem
891 3364 1070 3428 constantia
1094 3384 1151 3426 sua
1174 3384 1244 3426 cor·
1259 3382 1285 3420 as

67 3469 246 3544 roboravit3
280 3471 398 3555 quippe
422 3471 476 3555 qui
500 3470 662 3554 splendide
685 3491 755 3532 cum
782 3468 892 3533 hestiis
915 3467 1112 3552 pugnaverit.
1158 3465 1244 3531 Nam

141 3624 172 3676 15
191 3623 203 3675 1
222 3622 283 3676 cor.
303 3623 327 3685 a,
347 3623 363 3676 9
383 3623 447 3687 (res.
464 3622 505 3681 cr.
524 3623 557 3685 4;
576 3621 618 3685 ss,
641 3621 693 3690 rc).

104 3764 128 3815 2.
147 3760 286 3815 Probatur
305 3778 385 3823 nnnc,
406 3761 482 3828 quod
497 3761 580 3817 initio
599 3778 659 3839 aa!
706 3762 730 3815 3.
749 3761 793 3818 διὰ
809 3768 876 3830 μιᾶς
892 3790 927 3799 -
938 3757 1180 3833 ἐξαγοραζόμενοι]
1201 3756 1244 3812 Cf.

66 3847 136 3917 pitis
155 3847 326 3910 dictumest,
346 3845 483 3915 martyria
494 3845 545 3899 illa
554 3847 642 3902 fuisse
673 3849 713 3911 ll,
732 3850 762 3911 2;
791 3846 840 3916 Ep.
859 3846 946 3916 Lugd.
965 3844 1031 3899 Eos.
1049 3845 1082 3908 V,
1104 3845 1130 3908 1,
1151 3845 1192 3898 26.
1212 3876 1247 3884 —

66 3937 153 3990 beata
171 3939 200 3989 et
219 3951 363 4005 generosa.
392 3964 426 3973 —
452 3938 523 4005 μήτε
546 3936 643 4007 γρύξαι
672 3932 772 3993 dodra
789 3935 859 4004 art]
879 3933 919 3988 CI.
936 3933 949 3986 Ι
968 3932 1053 3987 clem.
1073 3932 1114 3996 34,
1134 3930 1151 3985 8
1169 3935 1227 3985 not.

66 4053 103 4061 —
119 4019 215 4091 ὡμίλει
234 4019 338 4090 αὐτοῖς]
355 4020 397 4074 cf.
416 4018 467 4089 Ep.
487 4020 574 4091 Lugd.
589 4020 642 4076 Eu·
706 4023 731 4076 4.
748 4020 878 4096 κήρυκας]
898 4019 975 4074 Haec
992 4036 1046 4074 vox
1063 4020 1184 4074 fumasse
1202 4035 1246 4072 ae·

67 4110 125 4163 seb.
154 4109 187 4162 H.
207 4108 237 4162 E.
265 4109 305 4171 V,
326 4108 353 4168 l,
372 4109 422 4163 51:
459 4108 644 4181 Ἀλεξάνδρου
672 4126 727 4176 que
747 4126 780 4163 ac
797 4124 892 4162 murex
917 4124 974 4161 non
992 4105 1082 4160 solum
1102 4105 1244 4167 concham,

65 4200 138 4268 μήτε
156 4196 339 4264 στενάξαντος
358 4199 428 4265 μήτε
446 4194 600 4268 γρύξαντός
617 4215 643 4250 τι
672 4197 722 4250 sed
741 4195 828 4250 etiam
840 4195 1058 4247 instrumentum
1071 4192 1170 4246 ferreis
1182 4208 1246 4246 acn-

66 4281 148 4350 ὅλως,
166 4281 236 4340 ἀλλὰ
253 4281 325 4338 κατὰ
342 4285 458 4355 καρδίαν
480 4280 645 4351 ὁμιλοῦντος
671 4282 724 4336 leis
744 4285 936 4336 constructum
948 4278 1086 4348 designat.
1106 4279 1245 4334 Eusebius

66 4380 107 4444 τῷ
134 4375 201 4445 θεῷ.
228 4371 290 4423 Act.
318 4368 428 4437 Perpet.
453 4371 482 4421 et
501 4367 557 4422 Fer
577 4385 599 4423 c.
618 4369 643 4422 4.
673 4370 705 4423 Η.
726 4369 755 4422 Ε.
775 4367 820 4431 IV,
842 4369 881 4431 15,
900 4367 918 4418 4
936 4366 1075 4419 scribens:
1101 4365 1166 4432 τοὺς
1190 4365 1246 4423 ἀπὸ

66 4457 202 4510 Ascensio
229 4457 336 4510 lesaiae
356 4473 378 4509 c.
398 4457 414 4508 5
433 4455 475 4508 ed.
500 4454 644 4509 Dillmann
672 4457 813 4524 θαλάττης
821 4458 948 4526 κήρυκας,
958 4452 993 4507 de
1002 4452 1117 4507 conchis
1127 4452 1244 4523 cogitat.

68 4546 136 4600 1877
149 4563 176 4615 p.
189 4546 231 4599 23.
250 4547 322 4598 Acta
330 4544 460 4598 Andreae
473 4559 495 4598 c.
504 4541 539 4596 48
551 4541 643 4610 (Anal.
707 4542 753 4606 III,
769 4545 790 4595 l.
810 4540 993 4612 Γερμανικὸς]
1003 4539 1070 4595 Eius
1080 4540 1244 4595 memoriam

65 4631 195 4687 Bolland.
215 4634 288 4699 XIII,
307 4633 379 4700 347).
671 4628 836 4684 Latinorum
848 4624 1246 4697 celebrabantmartyrologia
