2834 5018
511 664 578 718 sm.
600 663 671 729 vm,
692 667 715 727 1,
736 666 828 720 1-12.
1191 672 1253 735 557

81 843 213 917 montes,
239 845 271 904 et
294 842 351 905 sub
375 843 519 907 umbram
536 842 640 907 salicis
656 848 809 907 venerunt
825 865 943 922 omnes,
967 845 1021 929 qui
1036 846 1141 910 vocati
1165 850 1254 910 erant

80 944 112 1007 in
136 946 262 1009 nomine
285 946 411 1010 domini.
458 949 487 1010 2.
513 947 626 1011 Stabat
649 954 755 1012 autem
783 949 915 1033 angelus
948 949 1065 1014 domini
1096 949 1254 1034 gloriosus

79 1047 170 1111 valde
193 1049 337 1113 sublimis
359 1050 447 1114 iuxta
475 1051 617 1129 salicem,
651 1052 771 1118 habens
794 1054 909 1119 falcem
924 1076 1085 1139 magnam,
1117 1061 1149 1119 et
1181 1077 1252 1119 cae·

80 1153 175 1217 debat
197 1175 301 1217 ramos
324 1155 361 1218 de
385 1155 481 1219 salice
503 1156 726 1241 tribuebatque
748 1159 889 1242 populo.‚
925 1159 980 1243 qui
1002 1159 1098 1223 salice
1120 1161 1252 1244 tegeba-

79 1262 148 1326 tur:
172 1280 286 1341 parvas
302 1264 407 1322 autem
422 1260 565 1343 virgulas
586 1261 748 1326 tribuebat
765 1262 802 1325 iis
818 1262 905 1326 velut
920 1262 1081 1327 cubitales.
1111 1264 1140 1328 3.
1157 1264 1279 1327 Post-s

80 1384 175 1445 quam
198 1367 303 1426 autem
326 1385 434 1427 omnes
458 1368 646 1447 acceperunt
668 1365 825 1449 virgulas,
858 1367 991 1451 angelus
1014 1367 1129 1431 falcem
1152 1368 1251 1451 depo-

79 1467 151 1543 suit,
176 1472 208 1530 et
231 1468 325 1531 arbor
346 1467 403 1531 illa
426 1490 503 1531 sana
526 1473 609 1544 erat,
635 1469 762 1552 qualem
784 1475 817 1533 et
837 1471 979 1535 videram
1002 1493 1079 1535 eam.
1126 1473 1155 1536 4.
1179 1472 1252 1556 Ego

79 1576 185 1635 autem
213 1573 344 1636 miratus
374 1595 443 1637 sum
474 1573 558 1638 intra
586 1574 781 1638 medicans:
828 1574 991 1651 Quomodo
1015 1577 1109 1640 arbor
1130 1578 1178 1639 tot
1200 1598 1252 1639 ra·

78 1677 137 1739 mis
162 1677 294 1741 desectis
318 1701 395 1742 sana
417 1682 490 1742 est?
534 1678 622 1742 Dicit
644 1679 723 1743 mihi
745 1684 872 1763 pastor:
912 1679 962 1745 Ne
985 1680 1125 1758 mireris,
1149 1681 1177 1744 si
1200 1702 1251 1744 ar-

77 1782 135 1846 bor
167 1805 244 1846 sana
276 1783 452 1865 permansit
484 1788 534 1847 tot
567 1783 661 1846 ramis
684 1784 850 1867 praecisis3
885 1785 940 1848 sed
963 1790 1126 1869 exspecta:
1161 1789 1291 1868 post-10

79 1909 192 1970 quam,
222 1888 342 1971 inquit,
375 1887 481 1950 omnia
503 1887 625 1963 vidisti,
657 1887 752 1951 etiam
776 1888 1045 1953 demonstrabitur
1074 1890 1147 1966 tibi,
1177 1889 1253 1973 quid

78 1993 128 2055 sit.
176 1993 204 2056 5.
230 1993 387 2078 Angelus,
425 1993 478 2077 qui
510 1992 632 2075 populo
660 1991 766 2076 virgas
789 1993 949 2076 porrexit,
984 2015 1036 2057 eas
1069 2015 1177 2056 rursus
1212 1992 1251 2056 ab

77 2096 142 2159 illis
165 2098 365 2180 reposcebat;
389 2101 421 2161 et
444 2096 527 2160 sicut
548 2100 757 2179 acceperunt,
781 2095 825 2158 sic
848 2096 1041 2160 vocabantur
1064 2118 1189 2180 quoque
1212 2096 1252 2159 ad

78 2223 159 2276 eum,
184 2206 216 2265 et
238 2203 454 2286 unusquisque
478 2223 586 2265 eorum
608 2201 760 2265 reddebat
781 2201 897 2284 virgas.
944 2200 1131 2284 Accipiebat
1146 2206 1251 2265 autem

77 2306 209 2389 angelus
233 2306 350 2370 domini
374 2306 653 2388 considerabatque
676 2326 738 2368 eas.
785 2306 814 2368 6.
840 2306 867 2367 A
894 2305 1081 2388 quibusdam
1115 2306 1249 2389 accipie·
1266 2328 1291 2364 rs

77 2411 133 2474 bat
156 2411 261 2494 virgas
284 2411 386 2474 aridas
410 2416 442 2474 et
464 2410 563 2474 veluti
586 2432 605 2473 a
627 2410 712 2473 tinea
736 2431 894 2484 corrosas3
930 2409 1021 2472 iussit
1045 2410 1176 2495 angelus
1200 2432 1250 2474 se·

77 2536 184 2579 orsum
206 2514 304 2578 statui
326 2536 388 2592 eos,
413 2515 466 2598 qui
490 2514 643 2579 eiusmodi
665 2514 770 2598 virgas
782 2514 998 2578 tradiderunt.
1046 2514 1074 2576 7.
1100 2513 1166 2578 Alii
1194 2538 1250 2579 au-

77 2622 142 2681 tem
164 2620 369 2703 porrigebant
393 2618 511 2693 aridas,
536 2618 677 2682 sednon
700 2624 790 2682 erant
813 2640 831 2681 a
854 2617 940 2681 tinea
963 2638 1124 2692 corrosae;
1155 2619 1250 2682 etiam

77 2724 135 2788 hos
157 2723 249 2786 iussit
271 2744 412 2787 seorsum
435 2724 541 2786 statui.
575 2725 603 2786 8.
629 2722 696 2786 Alii
712 2722 917 2807 porrigebant
937 2724 1136 2787 semiaridas:
1154 2723 1250 2786 etiam

77 2827 112 2890 hi
134 2849 274 2892 seorsum
297 2828 526 2892 statuebantur.
574 2827 602 2890 9.
628 2825 694 2891 Alii
724 2827 932 2910 porrigebant
958 2828 1064 2911 virgas
1096 2848 1169 2890 suas
1200 2847 1250 2888 se·
1265 2848 1290 2886 20

77 2933 224 2996 miaridas
248 2937 279 2995 et
301 2933 453 2998 habentes
476 2933 648 3006 scissuras3
678 2932 773 2995 etiam
795 2930 829 2995 hi
852 2953 992 2995 seorsum
1018 2931 1249 2995 statuebantur.

79 3038 126 3101 10.
152 3034 218 3100 Alii
242 3037 450 3122 porrigebant
479 3038 586 3121 virgas
609 3059 683 3101 suas
705 3036 820 3099 virides
854 3040 885 3098 et
908 3035 1059 3098 scissuras
1081 3034 1248 3107 habentes;

76 3141 171 3203 etiam
205 3141 239 3204 hi
271 3163 412 3205 seorsum
445 3142 676 3206 statuebantur.
737 3141 785 3203 ll.
811 3139 877 3203 Alii
908 3138 1113 3223 ponigebant
1144 3138 1250 3221 virgas

76 3266 133 3326 pro
157 3244 286 3309 dimidia
307 3250 399 3328 parte
423 3246 525 3310 aridas
549 3250 580 3309 et
602 3267 661 3329 pro
685 3245 815 3308 dimidia
836 3242 968 3317 virides3
994 3243 1090 3306 etiam
1112 3241 1146 3304 hi
1162 3261 1248 3304 seor-

76 3369 143 3411 sum
167 3351 397 3413 statuebantur.
447 3351 495 3413 12.
520 3349 587 3412 Alii
610 3349 784 3412 afferebant
807 3346 915 3430 virgas
939 3368 1011 3409 suas
1035 3350 1066 3408 et
1083 3346 1161 3408 duae
1184 3344 1247 3407 vir-
1263 3370 1289 3408 aa

76 3474 135 3536 gae
158 3457 265 3535 partes
289 3459 378 3517 erant
400 3453 522 3529 virides,
547 3452 641 3516 tertia
664 3452 765 3527 arida3
790 3451 886 3514 etiarn
908 3449 943 3512 hi
965 3470 1105 3513 seorsum
1127 3452 1248 3511 statue-

74 3655 177 3709 iterum
196 3658 355 3725 probantur
373 3659 407 3728 (c.
426 3661 450 3721 4,
465 3659 480 3712 3
494 3690 527 3698 -
541 3675 563 3711 c.
576 3660 601 3722 5,
614 3659 649 3727 6),
662 3660 665 3771 l
678 3676 700 3711 o.
720 3661 743 3720 7,
764 3658 785 3711 1.

74 3741 130 3796 iarn
149 3760 206 3798 non
225 3744 336 3808 decem,
361 3745 411 3799 sed
430 3762 528 3800 novem
548 3762 651 3816 genera
712 3761 736 3815 9,
755 3760 946 3832 Designantur
965 3760 1044 3815 dubii
1064 3764 1091 3813 et,
1111 3758 1248 3812 detracto.

75 3834 152 3891 aunt3
169 3832 283 3885 tertium
293 3833 368 3885 enim
378 3850 465 3903 genus
475 3849 537 3886 cum
548 3836 649 3900 quarto
676 3864 728 3911 reg,
749 3847 783 3902 cs,
804 3864 826 3901 ο,
845 3851 869 3914 4,
889 3851 919 3910 6;
938 3866 960 3902 ς,
981 3851 1003 3911 7¹
1023 3849 1047 3902 2,
1068 3849 1091 3902 3,

75 3917 255 3987 coniungitur
267 3920 302 3987 (c.
314 3921 338 3981 4,
353 3920 387 3989 6).
417 3920 449 3974 ln
461 3918 649 3990 explicatione

207 4004 212 4014 .
247 4005 273 4015 ..
331 4006 367 4018 ,,
713 3954 752 4006 10.
771 3949 1174 4024 Designanturambitiosi,ef.
1189 3966 1210 4003 e.
1224 3951 1248 4007 5.

75 4008 169 4057 autern
190 4003 383 4060 srmrlrtudmrs
404 4008 436 4074 (e.
456 4007 480 4070 6,
499 4009 559 4060 4-
572 4007 610 4069 10,
621 4009 649 4076 4)
677 4041 705 4102 l;
727 4056 748 4093 c·
769 4043 792 4104 7,
811 4040 887 4094 4—6·

74 4090 176 4143 iterum
207 4092 303 4144 decem
333 4097 515 4160 peecatorum
545 4110 649 4163 genera

75 4176 278 4246 discernuntur.
302 4177 333 4231 In
347 4179 400 4232 hoc
414 4197 493 4232 versu
514 4181 648 4234 ecclesiae

73 4264 232 4333 proditores
257 4265 455 4336 designantur,
475 4268 509 4321 cf.
529 4285 551 4321 c.
570 4270 594 4331 4,
616 4269 647 4330 4;

73 4367 95 4404 c.
116 4354 139 4414 6,
158 4353 183 4405 4.

109 4442 131 4494 7.
152 4439 601 4510 Designanturpseudodoctores,
611 4382 662 4507 eti
711 4441 750 4495 12.
769 4441 967 4511 Designantur,
981 4439 1030 4507 qui
1046 4426 1172 4507 pluribus
1184 4452 1248 4505 pec·

73 4544 95 4580 c.
115 4528 140 4589 4,
160 4528 190 4587 5;
210 4545 231 4579 c.
252 4527 275 4590 6,
295 4527 319 4580 5.
338 4526 362 4579 6.
659 4520 744 4585 leatis
763 4530 935 4598 negaverunt
953 4525 1111 4586 Dominum,
1131 4525 1167 4576 cf.
1187 4541 1209 4577 c.
1223 4526 1247 4587 5,

108 4616 132 4671 8.
152 4614 344 4683 Designantur
363 4611 454 4676 dubii,
476 4615 510 4667 of.
531 4632 552 4668 c
571 4616 596 4678 4,
615 4608 704 4703 6;{3;
723 4633 746 4670 c.
764 4616 788 4675 8,
806 4618 831 4669 4.
850 4617 873 4670 5.

712 4147 751 4200 11.
770 4132 961 4214 Designantur
976 4142 1103 4196 homines
1121 4139 1247 4209 negotia-

675 4230 799 4285 tionibus
818 4230 938 4285 involuti
958 4245 1048 4296 neque
1063 4228 1248 4281 adhaerentes

676 4318 788 4380 sanctis,
807 4317 842 4372 of.
863 4336 885 4372 c.
906 4320 929 4380 5,
950 4319 980 4378 2;
1000 4334 1022 4369 c.
1041 4315 1065 4378 8,
1087 4316 1159 4368 1-3.
