2834 5018
491 616 667 672 EPISTULA
685 617 731 679 ΙΠ,
751 615 848 681 3-1v‚
867 619 890 671 3.
1235 626 1276 688 45

97 803 221 875 seritis,
244 815 354 876 neque
368 799 418 858 sic
433 797 592 859 nocebitis
608 802 767 859 ieiunium
784 805 961 879 occeptum.
1000 799 1029 860 3.
1054 796 1157 861 Nobis
1173 803 1278 861 autem

96 901 186 964 dicit:
211 902 299 964 Ecce
321 902 382 962 too
397 904 568 979 ieiunium,
591 903 681 979 qumi
695 919 753 979 epo
778 904 874 982 slepi,
897 903 978 966 dicit
993 904 1166 966 dominns:
1188 905 1291 966 sotre·

97 1026 190 1070 mnne
213 1008 381 1068 vincutum
404 1010 605 1084 iniustitiae,
634 1007 779 1068 dissolve
808 1007 1028 1085 oblipotioues
1050 1015 1278 1071 contractuum

98 1114 338 1189 riolentorum,
369 1112 498 1172 dimitte
528 1112 661 1187 fractos
690 1116 725 1173 in
755 1116 954 1174 remissione
984 1120 1017 1174 et
1038 1130 1166 1175 omnem
1199 1130 1278 1192 syn·

93 1216 257 1296 propitum
282 1218 430 1292 inciperem
453 1215 612 1295 discerpe.
645 1217 777 1294 Frunpe
800 1217 1023 1279 esurientibus
1041 1234 1163 1296 punem
1186 1225 1305 1278 tuums

97 1329 130 1383 et
151 1338 224 1382 mern
248 1320 372 1382 ursitum
397 1320 539 1397 sideris,
562 1324 656 1398 operi
679 1339 770 1397 νυνι,
804 1339 878 1399 eos,
910 1326 966 1400 qut
987 1325 1061 1383 sine
1083 1328 1167 1383 tecto
1190 1329 1279 1399 sum,

96 1426 196 1487 induc
218 1429 254 1485 in
278 1423 409 1485 rtonrum
433 1432 524 1485 tuum
549 1432 581 1485 et
603 1442 676 1486 creon
692 1425 815 1487 sisteris
830 1426 997 1503 tantilem,
1020 1445 1062 1488 ne
1084 1426 1279 1504 despexeris

98 1548 170 1591 eum
193 1547 301 1607 neque
323 1535 456 1590 avertas
480 1536 512 1589 te
535 1529 577 1589 ab
593 1533 648 1606 iis,
671 1533 727 1606 qui
744 1547 787 1590 es
803 1535 858 1590 tuo
874 1534 1001 1591 sernirte
1015 1536 1101 1591 sum.
1133 1530 1162 1590 4.
1191 1530 1219 1591 T
1216 1547 1279 1592 unc

97 1641 248 1712 erumpet
271 1637 469 1695 matutinum
493 1634 602 1695 trurren
627 1640 728 1711 toturn,
752 1642 785 1696 et
805 1640 998 1696 uestimento
1015 1642 1073 1696 tuo
1088 1639 1153 1696 cito
1169 1639 1278 1696 orien-

99 1747 164 1816 tur,
188 1747 222 1801 et
241 1739 388 1817 praeibit
411 1745 489 1799 urite
512 1745 544 1800 te
566 1743 698 1801 iustitio
723 1746 755 1801 et
775 1741 887 1817 plorio
909 1740 964 1801 rtet
986 1739 1205 1801 circnuutubit
1227 1747 1317 1816 te,:1⁰

99 1846 127 1904 5.
155 1845 246 1905 Tum
268 1843 441 1919 cluniubis,
464 1849 496 1904 et
519 1844 601 1905 rterrs
624 1844 783 1905 esurrrttet
805 1850 848 1920 te,
871 1844 977 1905 adhuc
1000 1850 1033 1904 te
1056 1843 1208 1920 loquente
1230 1844 1278 1904 sti·

98 1956 169 2010 ret:
193 1947 278 2009 Ecce
300 1947 435 2024 urtsum;
457 1951 489 2008 si
511 1948 693 2010 abstuleris
717 1968 737 2009 u
761 1956 794 2010 te
813 1949 1057 2024 colliputionem
1076 1955 1109 2009 et
1123 1965 1278 2010 rrrrrnuum

96 2048 341 2132 porrectionem
364 2058 398 2112 et
419 2051 552 2112 oerbrun
575 2056 868 2129 murnmrotionis,
900 2059 932 2113 et
961 2053 1095 2114 dederis
1118 2056 1280 2113 esurienti

96 2174 217 2235 prrnem
241 2163 333 2216 tuum
356 2174 400 2217 en
422 2160 533 2217 uninco
558 2163 613 2218 tuo
638 2164 671 2219 et
692 2162 826 2220 unimue
855 2158 1051 2219 lrumitiotue
1073 2162 1277 2219 miserearis.

99 2261 127 2321 6.
153 2257 207 2322 Ad
230 2258 290 2321 hoc
311 2258 429 2342 igitur,
464 2258 596 2334 fratres,
621 2261 697 2323 deus
720 2260 912 2343 longanimis
935 2260 1089 2343 providit,
1122 2259 1279 2343 quomodo
1294 2277 1318 2313 1⁶

99 2365 130 2426 in
154 2362 362 2445 simplicitate
385 2362 562 2426 crediturus
585 2369 668 2427 esset
689 2365 837 2449 popuJus,
863 2388 956 2450 quem
977 2364 1103 2450 paravit
1116 2364 1150 2429 in
1166 2365 1280 2428 dilecto

99 2490 164 2539 suo,
190 2472 224 2530 et
246 2488 304 2531 nos
329 2467 367 2530 de
391 2466 538 2530 omnibus
561 2470 779 2551 praemonuit,
812 2492 851 2534 ne
883 2470 1097 2555 affligeremur
1128 2475 1281 2552 tanquam

100 2572 302 2635 advenientes
325 2571 366 2634 ed
387 2570 517 2635 illorum
539 2569 652 2655 legem.

185 2675 244 2739 IV.
269 2675 380 2759 ltaque
404 2680 532 2758 oportet
545 2698 603 2740 nos
620 2677 657 2740 de
672 2677 895 2760 praesentibus
914 2678 1087 2762 plurimum
1102 2680 1278 2742 scrutantes

99 2780 278 2864 exquirere,
313 2801 393 2864 quae
416 2800 473 2843 nos
496 2780 619 2862 possint
648 2779 779 2845 salvere.
826 2781 999 2865 Fugiemus
1023 2805 1099 2868 ergo
1122 2782 1216 2866 plane
1239 2782 1279 2845 ab
1295 2800 1320 2832 ²⁰

99 2885 246 2949 omnibus
278 2884 428 2967 operibus
459 2884 655 2967 iniquitatis,
687 2907 727 2948 ne
759 2908 856 2969 opera
887 2887 1064 2970 iniquitatis
1087 2910 1144 2951 nos
1167 2889 1279 2971 depre-

100 2989 255 3065 hendant,
289 2994 321 3052 et
344 2989 416 3053 odio
437 2988 610 3052 habeamus
633 3010 770 3053 errorem
795 2990 887 3054 huius
910 2991 1079 3074 temporis,
1110 2997 1146 3055 ut
1169 2993 1202 3057 in
1227 2995 1280 3057 fu·

100 3100 169 3157 turo
193 3094 373 3177 diligemur.
420 3094 450 3155 2.
475 3092 525 3156 Ne
549 3093 657 3156 demus
681 3092 805 3158 animae
827 3099 953 3159 nostrae
976 3094 1136 3178 spatium,
1160 3100 1197 3158 ut
1218 3117 1280 3179 po·

100 3202 249 3262 testatem
271 3197 389 3261 hebeat
413 3197 606 3260 discurrendi
637 3220 709 3261 cum
737 3200 955 3282 peccatoribus
986 3204 1018 3263 et
1039 3198 1209 3283 improbis,
1240 3221 1281 3262 ne

102 3302 227 3386 quando
257 3302 321 3366 illis
353 3301 471 3366 similes
503 3301 625 3365 fiemus.
673 3304 704 3367 3.
741 3302 922 3367 Perfectum
953 3303 1137 3368 scandalum
1163 3325 1280 3386 appro·
1295 3316 1320 3355 2⁵

309 3400 326 3431 s

169 3475 186 3527 2
206 3472 258 3526 [es.
278 3472 319 3535 58,
339 3473 434 3526 6-10.

101 3616 227 3682 perfecta
245 3613 372 3680 loquitur
391 3617 419 3666 et
438 3630 551 3666 sensum
572 3612 676 3683 allego·
689 3616 691 3652 Ι
705 3623 755 3671 τοῦ
778 3616 887 3683 κόσμου
911 3613 1012 3670 τούτου
1029 3612 1113 3682 (eph.
1132 3615 1155 3676 2,
1175 3615 1203 3683 2)
1228 3616 1279 3668 ete.

101 3701 158 3753 riae
189 3699 321 3753 altiorem
351 3699 479 3770 appellat
511 3690 723 3783 simplicemji.
743 3718 765 3753 e.
785 3703 906 3769 tempus,
927 3717 981 3766 quo
1000 3700 1031 3752 in
1049 3700 1103 3753 hee
1121 3717 1204 3754 earne
1224 3718 1280 3754 um·

103 3787 142 3841 Cf.
162 3788 187 3851 6,
207 3789 237 3847 5;
265 3788 290 3848 8,
309 3787 340 3847 2;
367 3785 468 3839 Mitller
492 3788 528 3841 ad
552 3789 578 3841 tr
598 3789 615 3842 l.
644 3785 845 3883 -pbulamum
871 3784 915 3839 vel
934 3789 1045 3855 tempus
1071 3787 1107 3840 ub
1128 3788 1217 3841 Adam
1236 3805 1280 3841 us·

104 3873 280 3949 ἡγαπημένῳ]
302 3874 318 3926 i.
339 3890 361 3927 e.
376 3872 496 3928 Christo.
517 3873 558 3931 cf.
571 3875 595 3936 4,
615 3875 639 3928 3.
653 3875 676 3930 8.
691 3888 693 3901 ·
706 3889 761 3940 que
780 3873 816 3925 ad
834 3871 957 3926 reditum
976 3872 1088 3926 Christi.
1127 3874 1220 3944 Πλάνη
1231 3883 1281 3930 τοῦ

102 3960 169 4031 Eph.
192 3962 216 4024 1,
236 3962 260 4014 6.
691 3983 729 4023 ,ν.
749 3983 774 4018 κ.
793 3965 836 4015 est
849 3961 938 4030 igitur
956 3959 1031 4012 idem
1044 3975 1077 4012 ec
1096 3976 1166 4027 opus
1178 3959 1280 4026 iniqui·

134 4049 173 4103 IV
174 4089 180 4109 .
203 4052 226 4103 1.
245 4046 417 4116 ἐνεστώτων]
432 4046 473 4100 Cf.
488 4050 510 4110 1,
521 4049 553 4109 8;
572 4050 679 4111 2,1.-
705 4048 787 4109 tutis,
813 4046 942 4113 nequitie
960 4061 1151 4113 quaeeunque.
1177 4046 1218 4099 cf.
1241 4046 1280 4105 18,

103 4137 234 4208 φύγωμεν
251 4135 321 4204 κτλ]
341 4135 382 4188 cf.
402 4134 428 4189 Η
447 4133 531 4188 (ilem.
554 4133 593 4196 10,
610 4137 631 4188 1.
644 4166 679 4174 -—
691 4106 693 4147 ε
705 4137 729 4188 2.
748 4166 783 4173 -
801 4132 1002 4207 ἅγαπηθῶμεν]
1021 4134 1039 4187 i.
1050 4148 1073 4185 e.
1088 4131 1160 4184 salvi
1173 4132 1280 4185 fiamus.

104 4223 185 4280 sve
201 4222 309 4296 καιρός]
336 4227 368 4276 us
393 4239 513 4288 sequens
536 4221 680 4290 speum
692 4208 693 4215 '
706 4222 748 4276 cf.
767 4223 791 4283 4,
814 4221 859 4284 14;
879 4220 920 4283 21,
941 4221 965 4273 e.

103 4311 217 4373 iudicat,
240 4309 315 4364 idem
334 4308 488 4378 significet.
509 4308 584 4375 quod
602 4309 631 4362 in
645 4268 693 4363 Ni
741 4311 764 4363 3.
785 4308 817 4365 τὸ
831 4328 853 4363 τ.
867 4306 1031 4375 σκάνδαλον]
1051 4307 1146 4360 Verba
1164 4306 1280 4374 quidem

105 4396 132 4452 T.
151 4397 167 4455 t
185 4399 293 4466 κόσμος
312 4389 394 4462 οὗτος
412 4397 518 4463 (Ioenn.
534 4396 572 4458 16,
594 4396 644 4464 11),
663 4394 679 4450 ὁ
705 4394 768 4463 ipro.
792 4395 822 4446 in
839 4394 912 4447 libre
931 4392 1058 4446 Heneehi
1076 4393 1279 4452 desiderantur.

105 4481 222 4552 ἐνεστὼς
239 4483 309 4540 αἰών
327 4482 399 4551 (Gal.
421 4484 443 4546 1,
457 4484 494 4552 4),
513 4483 529 4540 ὁ
547 4481 617 4538 αἰὼν
636 4476 679 4538 eir
706 4481 760 4535 Sed
784 4484 884 4534 auctor
909 4480 1029 4533 fortusse
1051 4480 1168 4550 respicit
1185 4484 1227 4546 89,
1247 4486 1279 4539 61

105 4590 150 4639 τος
169 4572 193 4641 (Ι
212 4570 274 4625 Cor.
294 4572 318 4634 2,
338 4572 361 4625 6.
382 4570 451 4639 eph.
473 4572 496 4634 1,
509 4570 561 4639 21),
581 4569 678 4627 ὁαίὼν
706 4567 776 4621 -64
786 4572 814 4622 et
824 4568 865 4629 90,
881 4568 920 4622 17.
957 4566 1107 4623 Henoehus
1127 4571 1201 4625 enim
1214 4572 1280 4624 Bar·
