<?xml version="1.0" encoding="UTF-8"?>
<!DOCTYPE html PUBLIC "-//W3C//DTD XHTML 1.0 Transitional//EN"
    "http://www.w3.org/TR/xhtml1/DTD/xhtml1-transitional.dtd">
<html xmlns="http://www.w3.org/1999/xhtml" xml:lang="en" lang="en">
 <head>
  <title>
</title>
<meta http-equiv="Content-Type" content="text/html;charset=utf-8" />
  <meta name='ocr-system' content='tesseract 3.04.00' />
  <meta name='ocr-capabilities' content='ocr_page ocr_carea ocr_par ocr_line ocrx_word'/>
</head>
<body>
  <div class='ocr_page' id='page_1' title='image "./patresapostolic00piongoog_0433.png"; bbox 0 0 2834 5018; ppageno 0'>
   <div class='ocr_carea' id='block_1_1' title="bbox 194 303 951 380">
    <p class='ocr_par' dir='ltr' id='par_1_1' title="bbox 194 303 951 380">
     <span class='ocr_line' id='line_1_1' title="bbox 194 303 951 380; baseline -0.033 1"><span class='ocrx_word' id='word_1_1' title='bbox 194 317 257 380; x_wconf 83' lang='grc'><strong>272</strong></span> <span class='ocrx_word' id='word_1_2' title='bbox 615 304 756 361; x_wconf 80' lang='lat' dir='ltr'>IGNATII</span> <span class='ocrx_word' id='word_1_3' title='bbox 772 303 951 359; x_wconf 84' lang='lat' dir='ltr'>EPISTULA</span> 
     </span>
    </p>
   </div>
   <div class='ocr_carea' id='block_1_2' title="bbox 154 478 1373 3069">
    <p class='ocr_par' dir='ltr' id='par_1_2' title="bbox 169 478 1373 987">
     <span class='ocr_line' id='line_1_2' title="bbox 193 478 1372 570; baseline -0.007 -21"><span class='ocrx_word' id='word_1_4' title='bbox 193 485 377 570; x_wconf 79' lang='grc' dir='ltr'>εὐαγγελίῳ,</span> <span class='ocrx_word' id='word_1_5' title='bbox 401 486 437 548; x_wconf 90' lang='grc' dir='ltr'><strong>ού</strong></span> <span class='ocrx_word' id='word_1_6' title='bbox 460 482 614 548; x_wconf 83' lang='grc' dir='ltr'>πιστεύω·</span> <span class='ocrx_word' id='word_1_7' title='bbox 644 482 698 544; x_wconf 84' lang='grc' dir='ltr'><strong>καί</strong></span> <span class='ocrx_word' id='word_1_8' title='bbox 721 479 867 565; x_wconf 88' lang='grc' dir='ltr'><strong>λέγοντός</strong></span> <span class='ocrx_word' id='word_1_9' title='bbox 890 501 949 563; x_wconf 85' lang='grc' dir='ltr'><strong>μου</strong></span> <span class='ocrx_word' id='word_1_10' title='bbox 972 481 1094 557; x_wconf 82' lang='grc' dir='ltr'><strong>αὐτοῖς,</strong></span> <span class='ocrx_word' id='word_1_11' title='bbox 1119 481 1165 542; x_wconf 86' lang='grc' dir='ltr'><strong>ότι</strong></span> <span class='ocrx_word' id='word_1_12' title='bbox 1187 478 1372 564; x_wconf 86' lang='grc' dir='ltr'><strong>γέγραπται,</strong></span> 
     </span>
     <span class='ocr_line' id='line_1_3' title="bbox 194 583 1373 675; baseline -0.007 -21"><span class='ocrx_word' id='word_1_13' title='bbox 194 589 412 675; x_wconf 87' lang='grc' dir='ltr'><strong>ἀπεκρίθησάν</strong></span> <span class='ocrx_word' id='word_1_14' title='bbox 429 586 435 598; x_wconf 83' lang='grc'><strong>’</strong></span> <span class='ocrx_word' id='word_1_15' title='bbox 442 610 512 673; x_wconf 84' lang='grc' dir='ltr'><strong>μοι,</strong></span> <span class='ocrx_word' id='word_1_16' title='bbox 545 589 591 650; x_wconf 88' lang='grc' dir='ltr'><strong>ότι</strong></span> <span class='ocrx_word' id='word_1_17' title='bbox 623 587 793 668; x_wconf 89' lang='grc' dir='ltr'><strong>πρόκειται.</strong></span> <span class='ocrx_word' id='word_1_18' title='bbox 839 585 906 669; x_wconf 84' lang='grc' dir='ltr'><strong>ἐμοί</strong></span> <span class='ocrx_word' id='word_1_19' title='bbox 937 586 971 649; x_wconf 92' lang='grc' dir='ltr'><strong>δέ</strong></span> <span class='ocrx_word' id='word_1_20' title='bbox 1002 585 1113 668; x_wconf 81' lang='grc' dir='ltr'><strong>ἀρχεῖά</strong></span> <span class='ocrx_word' id='word_1_21' title='bbox 1143 585 1226 648; x_wconf 90' lang='grc' dir='ltr'><strong>ἐστιν</strong></span> <span class='ocrx_word' id='word_1_22' title='bbox 1250 583 1373 669; x_wconf 87' lang='grc' dir='ltr'><strong>Ἰησοῦς</strong></span> 
     </span>
     <span class='ocr_line' id='line_1_4' title="bbox 194 688 1371 777; baseline -0.008 -16"><span class='ocrx_word' id='word_1_23' title='bbox 194 695 340 777; x_wconf 86' lang='grc' dir='ltr'><strong>Χριστός,</strong></span> <span class='ocrx_word' id='word_1_24' title='bbox 372 696 411 757; x_wconf 85' lang='grc' dir='ltr'><strong>τά</strong></span> <span class='ocrx_word' id='word_1_25' title='bbox 434 696 554 760; x_wconf 86' lang='grc' dir='ltr'><strong>ἀθικτα</strong></span> <span class='ocrx_word' id='word_1_26' title='bbox 583 693 694 774; x_wconf 85' lang='grc' dir='ltr'><strong>ἀρχεῖα</strong></span> <span class='ocrx_word' id='word_1_27' title='bbox 717 691 734 753; x_wconf 88' lang='grc' dir='ltr'><strong>ό</strong></span> <span class='ocrx_word' id='word_1_28' title='bbox 757 692 888 772; x_wconf 80' lang='grc' dir='ltr'><strong>σταυρὸς</strong></span> <span class='ocrx_word' id='word_1_29' title='bbox 919 691 1014 752; x_wconf 87' lang='grc' dir='ltr'><strong>αὐτοῦ</strong></span> <span class='ocrx_word' id='word_1_30' title='bbox 1038 690 1090 750; x_wconf 85' lang='grc' dir='ltr'><strong>καί</strong></span> <span class='ocrx_word' id='word_1_31' title='bbox 1114 688 1131 751; x_wconf 89' lang='grc' dir='ltr'><strong>δ</strong></span> <span class='ocrx_word' id='word_1_32' title='bbox 1154 689 1295 764; x_wconf 90' lang='grc' dir='ltr'><strong>θοίνατος</strong></span> <span class='ocrx_word' id='word_1_33' title='bbox 1318 690 1371 752; x_wconf 87' lang='grc' dir='ltr'><strong>καί</strong></span> 
     </span>
     <span class='ocr_line' id='line_1_5' title="bbox 193 791 1371 882; baseline -0.003 -20"><span class='ocrx_word' id='word_1_34' title='bbox 193 799 213 882; x_wconf 79' lang='grc' dir='ltr'>ἡ</span> <span class='ocrx_word' id='word_1_35' title='bbox 237 799 406 874; x_wconf 86' lang='grc' dir='ltr'><strong>ἀνάστασις</strong></span> <span class='ocrx_word' id='word_1_36' title='bbox 429 799 524 862; x_wconf 89' lang='grc' dir='ltr'><strong>αύτσῦ</strong></span> <span class='ocrx_word' id='word_1_37' title='bbox 546 797 600 860; x_wconf 83' lang='grc' dir='ltr'><strong>καί</strong></span> <span class='ocrx_word' id='word_1_38' title='bbox 623 795 643 879; x_wconf 71' lang='grc' dir='ltr'><em>ἡ</em></span> <span class='ocrx_word' id='word_1_39' title='bbox 665 795 766 871; x_wconf 80' lang='grc' dir='ltr'><strong>πίστις</strong></span> <span class='ocrx_word' id='word_1_40' title='bbox 788 795 808 879; x_wconf 76' lang='grc' dir='ltr'><strong>η</strong></span> <span class='ocrx_word' id='word_1_41' title='bbox 831 793 870 858; x_wconf 87' lang='grc' dir='ltr'><strong>δι’</strong></span> <span class='ocrx_word' id='word_1_42' title='bbox 892 797 1007 874; x_wconf 89' lang='grc' dir='ltr'><strong>αὐτοῦ,</strong></span> <span class='ocrx_word' id='word_1_43' title='bbox 1041 793 1073 857; x_wconf 88' lang='grc' dir='ltr'><strong>έν</strong></span> <span class='ocrx_word' id='word_1_44' title='bbox 1096 791 1140 869; x_wconf 86' lang='grc' dir='ltr'><strong>οίς</strong></span> <span class='ocrx_word' id='word_1_45' title='bbox 1163 793 1253 859; x_wconf 89' lang='grc' dir='ltr'><strong>θέλω</strong></span> <span class='ocrx_word' id='word_1_46' title='bbox 1277 795 1310 860; x_wconf 90' lang='grc' dir='ltr'><strong>ἐν</strong></span> <span class='ocrx_word' id='word_1_47' title='bbox 1333 805 1371 880; x_wconf 73' lang='grc' dir='ltr'><strong>τῇ</strong></span> 
     </span>
     <span class='ocr_line' id='line_1_6' title="bbox 169 903 705 987; baseline -0.004 -22"><span class='ocrx_word' id='word_1_48' title='bbox 169 913 354 987; x_wconf 78' lang='grc' dir='ltr'><strong>ιπροσευχη</strong></span> <span class='ocrx_word' id='word_1_49' title='bbox 377 904 463 987; x_wconf 83' lang='grc' dir='ltr'><strong>ὑμῶν</strong></span> <span class='ocrx_word' id='word_1_50' title='bbox 486 903 705 984; x_wconf 68' lang='grc' dir='ltr'><strong>δικαιωθῆναι.</strong></span> 
     </span>
    </p>

    <p class='ocr_par' dir='ltr' id='par_1_3' title="bbox 192 1006 1372 1408">
     <span class='ocr_line' id='line_1_7' title="bbox 280 1006 1370 1093; baseline -0.002 -19"><span class='ocrx_word' id='word_1_51' title='bbox 280 1010 335 1075; x_wconf 88' lang='grc' dir='ltr'><strong>ΙΧ.</strong></span> <span class='ocrx_word' id='word_1_52' title='bbox 360 1006 462 1072; x_wconf 87' lang='grc' dir='ltr'><strong>Καλοί</strong></span> <span class='ocrx_word' id='word_1_53' title='bbox 493 1010 546 1072; x_wconf 85' lang='grc' dir='ltr'><strong>καί</strong></span> <span class='ocrx_word' id='word_1_54' title='bbox 576 1008 605 1072; x_wconf 91' lang='grc' dir='ltr'><strong>οί</strong></span> <span class='ocrx_word' id='word_1_55' title='bbox 638 1009 744 1090; x_wconf 79' lang='grc' dir='ltr'><strong>ἱερεῖς,</strong></span> <span class='ocrx_word' id='word_1_56' title='bbox 776 1016 920 1089; x_wconf 84' lang='grc' dir='ltr'><strong>κρεῖσσον</strong></span> <span class='ocrx_word' id='word_1_57' title='bbox 951 1008 1026 1071; x_wconf 86' lang='grc' dir='ltr'><strong>δέό</strong></span> <span class='ocrx_word' id='word_1_58' title='bbox 1056 1010 1216 1093; x_wconf 87' lang='grc' dir='ltr'><strong>ἀρχιερεύς</strong></span> <span class='ocrx_word' id='word_1_59' title='bbox 1239 1009 1256 1072; x_wconf 89' lang='grc' dir='ltr'><strong>δ</strong></span> <span class='ocrx_word' id='word_1_60' title='bbox 1279 1029 1370 1072; x_wconf 85' lang='grc' dir='ltr'><strong>πεπι·</strong></span> 
     </span>
     <span class='ocr_line' id='line_1_8' title="bbox 194 1112 1371 1198; baseline 0 -23"><span class='ocrx_word' id='word_1_61' title='bbox 194 1112 358 1197; x_wconf 83' lang='grc' dir='ltr'><strong>στευμένος</strong></span> <span class='ocrx_word' id='word_1_62' title='bbox 380 1115 420 1177; x_wconf 91' lang='grc' dir='ltr'><strong>τά</strong></span> <span class='ocrx_word' id='word_1_63' title='bbox 452 1117 526 1198; x_wconf 82' lang='grc' dir='ltr'><strong>ἅγια</strong></span> <span class='ocrx_word' id='word_1_64' title='bbox 549 1122 611 1178; x_wconf 86' lang='grc' dir='ltr'><strong>τῶν</strong></span> <span class='ocrx_word' id='word_1_65' title='bbox 639 1112 756 1197; x_wconf 83' lang='grc' dir='ltr'><strong>ἁγίων,</strong></span> <span class='ocrx_word' id='word_1_66' title='bbox 787 1113 820 1188; x_wconf 87' lang='grc' dir='ltr'><strong>δς</strong></span> <span class='ocrx_word' id='word_1_67' title='bbox 843 1112 935 1196; x_wconf 85' lang='grc' dir='ltr'><strong>μόνος</strong></span> <span class='ocrx_word' id='word_1_68' title='bbox 957 1113 1157 1178; x_wconf 74' lang='grc' dir='ltr'><strong>πεπίστευται</strong></span> <span class='ocrx_word' id='word_1_69' title='bbox 1187 1116 1227 1176; x_wconf 88' lang='grc' dir='ltr'><strong>τά</strong></span> <span class='ocrx_word' id='word_1_70' title='bbox 1249 1115 1371 1196; x_wconf 84' lang='grc' dir='ltr'><strong>κρυπτὰ</strong></span> 
     </span>
     <span class='ocr_line' id='line_1_9' title="bbox 193 1215 1372 1308; baseline 0.003 -29"><span class='ocrx_word' id='word_1_71' title='bbox 193 1227 247 1279; x_wconf 92' lang='grc' dir='ltr'><strong>τοῦ</strong></span> <span class='ocrx_word' id='word_1_72' title='bbox 271 1221 364 1283; x_wconf 87' lang='grc' dir='ltr'><strong>θεοῦ·</strong></span> <span class='ocrx_word' id='word_1_73' title='bbox 381 1219 481 1308; x_wconf 81' lang='grc' dir='ltr'><strong>Ιαὐτὸς</strong></span> <span class='ocrx_word' id='word_1_74' title='bbox 504 1218 547 1281; x_wconf 80' lang='grc' dir='ltr'><strong>ὢν</strong></span> <span class='ocrx_word' id='word_1_75' title='bbox 572 1217 656 1300; x_wconf 90' lang='grc' dir='ltr'><strong>θύρα</strong></span> <span class='ocrx_word' id='word_1_76' title='bbox 672 1226 726 1280; x_wconf 90' lang='grc' dir='ltr'><strong>τοῦ</strong></span> <span class='ocrx_word' id='word_1_77' title='bbox 749 1217 875 1298; x_wconf 83' lang='grc' dir='ltr'><strong>πατρός,</strong></span> <span class='ocrx_word' id='word_1_78' title='bbox 899 1216 938 1280; x_wconf 86' lang='grc' dir='ltr'><strong>δι’</strong></span> <span class='ocrx_word' id='word_1_79' title='bbox 961 1215 996 1301; x_wconf 75' lang='grc' dir='ltr'><strong>ἧς</strong></span> <span class='ocrx_word' id='word_1_80' title='bbox 1020 1218 1210 1302; x_wconf 73' lang='grc' dir='ltr'><strong>εἰσέρχονται</strong></span> <span class='ocrx_word' id='word_1_81' title='bbox 1226 1217 1372 1304; x_wconf 84' lang='grc' dir='ltr'><strong>Ἀβραὰμ</strong></span> 
     </span>
     <span class='ocr_line' id='line_1_10' title="bbox 192 1321 1371 1408; baseline 0.002 -24"><span class='ocrx_word' id='word_1_82' title='bbox 192 1323 246 1384; x_wconf 82' lang='grc' dir='ltr'><strong>καί</strong></span> <span class='ocrx_word' id='word_1_83' title='bbox 270 1321 382 1388; x_wconf 86' lang='grc' dir='ltr'><strong>Ἰσαάκ</strong></span> <span class='ocrx_word' id='word_1_84' title='bbox 404 1324 457 1386; x_wconf 85' lang='grc' dir='ltr'><strong>καί</strong></span> <span class='ocrx_word' id='word_1_85' title='bbox 482 1322 597 1408; x_wconf 88' lang='grc' dir='ltr'><strong>Ἰακὼβ</strong></span> <span class='ocrx_word' id='word_1_86' title='bbox 626 1325 680 1386; x_wconf 90' lang='grc' dir='ltr'><strong>καί</strong></span> <span class='ocrx_word' id='word_1_87' title='bbox 703 1322 732 1386; x_wconf 84' lang='grc' dir='ltr'><strong>σί</strong></span> <span class='ocrx_word' id='word_1_88' title='bbox 754 1332 910 1406; x_wconf 76' lang='grc' dir='ltr'><strong>προφῆται</strong></span> <span class='ocrx_word' id='word_1_89' title='bbox 940 1324 994 1385; x_wconf 84' lang='grc' dir='ltr'><strong>καί</strong></span> <span class='ocrx_word' id='word_1_90' title='bbox 1018 1323 1047 1385; x_wconf 89' lang='grc' dir='ltr'><strong>οί</strong></span> <span class='ocrx_word' id='word_1_91' title='bbox 1074 1322 1244 1386; x_wconf 84' lang='grc' dir='ltr'><strong>ἀπόστολοι</strong></span> <span class='ocrx_word' id='word_1_92' title='bbox 1274 1321 1371 1405; x_wconf 76' lang='grc' dir='ltr'><strong>καὶὴ</strong></span> 
     </span>
    </p>

    <p class='ocr_par' dir='ltr' id='par_1_4' title="bbox 155 1424 1371 2032">
     <span class='ocr_line' id='line_1_11' title="bbox 155 1424 1370 1512; baseline -0.002 -21"><span class='ocrx_word' id='word_1_93' title='bbox 155 1455 180 1491; x_wconf 88' lang='lat' dir='ltr'><strong>lo</strong></span> <span class='ocrx_word' id='word_1_94' title='bbox 194 1424 355 1510; x_wconf 82' lang='grc' dir='ltr'><strong>ἐκκλησία.</strong></span> <span class='ocrx_word' id='word_1_95' title='bbox 401 1427 504 1490; x_wconf 88' lang='grc' dir='ltr'><strong>πάντα</strong></span> <span class='ocrx_word' id='word_1_96' title='bbox 534 1438 633 1491; x_wconf 88' lang='grc' dir='ltr'><strong>ταῦτα</strong></span> <span class='ocrx_word' id='word_1_97' title='bbox 662 1428 705 1503; x_wconf 87' lang='grc' dir='ltr'><strong>είς</strong></span> <span class='ocrx_word' id='word_1_98' title='bbox 737 1427 867 1512; x_wconf 82' lang='grc' dir='ltr'><strong>ἑνότητα</strong></span> <span class='ocrx_word' id='word_1_99' title='bbox 898 1431 987 1493; x_wconf 90' lang='grc' dir='ltr'><strong>θεοῦ.</strong></span> <span class='ocrx_word' id='word_1_100' title='bbox 1034 1431 1063 1493; x_wconf 84' lang='grc'><strong>2.</strong></span> <span class='ocrx_word' id='word_1_101' title='bbox 1093 1427 1247 1510; x_wconf 83' lang='grc' dir='ltr'><strong>ἐξαίρετον</strong></span> <span class='ocrx_word' id='word_1_102' title='bbox 1279 1427 1316 1491; x_wconf 88' lang='grc' dir='ltr'><strong>δέ</strong></span> <span class='ocrx_word' id='word_1_103' title='bbox 1344 1447 1370 1490; x_wconf 88' lang='grc' dir='ltr'><strong>τι</strong></span> 
     </span>
     <span class='ocr_line' id='line_1_12' title="bbox 194 1531 1370 1616; baseline 0.002 -24"><span class='ocrx_word' id='word_1_104' title='bbox 194 1531 259 1613; x_wconf 81' lang='grc' dir='ltr'><strong>ἔχει</strong></span> <span class='ocrx_word' id='word_1_105' title='bbox 288 1534 323 1594; x_wconf 87' lang='grc' dir='ltr'><strong>τό</strong></span> <span class='ocrx_word' id='word_1_106' title='bbox 354 1531 555 1616; x_wconf 88' lang='grc' dir='ltr'><strong>εὐαγγέλιον,</strong></span> <span class='ocrx_word' id='word_1_107' title='bbox 587 1535 644 1616; x_wconf 74' lang='grc' dir='ltr'><strong>τὴν</strong></span> <span class='ocrx_word' id='word_1_108' title='bbox 675 1532 847 1614; x_wconf 88' lang='grc' dir='ltr'><strong>παρουσίαν</strong></span> <span class='ocrx_word' id='word_1_109' title='bbox 875 1540 929 1595; x_wconf 94' lang='grc' dir='ltr'><strong>τοῦ</strong></span> <span class='ocrx_word' id='word_1_110' title='bbox 962 1542 1117 1616; x_wconf 77' lang='grc' dir='ltr'><strong>σωτῆρος,</strong></span> <span class='ocrx_word' id='word_1_111' title='bbox 1152 1533 1260 1615; x_wconf 84' lang='grc' dir='ltr'><strong>κυρίου</strong></span> <span class='ocrx_word' id='word_1_112' title='bbox 1283 1532 1370 1616; x_wconf 77' lang='grc' dir='ltr'><strong>ἡμῶν</strong></span> 
     </span>
     <span class='ocr_line' id='line_1_13' title="bbox 195 1636 1371 1721; baseline -0.002 -21"><span class='ocrx_word' id='word_1_113' title='bbox 195 1636 298 1718; x_wconf 83' lang='grc' dir='ltr'><strong>Ἰησοῦ</strong></span> <span class='ocrx_word' id='word_1_114' title='bbox 322 1637 468 1719; x_wconf 90' lang='grc' dir='ltr'><strong>Χριστοῦ,</strong></span> <span class='ocrx_word' id='word_1_115' title='bbox 492 1638 527 1700; x_wconf 84' lang='grc' dir='ltr'><strong>τό</strong></span> <span class='ocrx_word' id='word_1_116' title='bbox 550 1638 656 1713; x_wconf 80' lang='grc' dir='ltr'><strong>πόθος</strong></span> <span class='ocrx_word' id='word_1_117' title='bbox 672 1639 767 1702; x_wconf 93' lang='grc' dir='ltr'><strong>αύτοῦ</strong></span> <span class='ocrx_word' id='word_1_118' title='bbox 791 1638 844 1699; x_wconf 88' lang='grc' dir='ltr'><strong>καί</strong></span> <span class='ocrx_word' id='word_1_119' title='bbox 867 1640 923 1720; x_wconf 77' lang='grc' dir='ltr'><strong>τὴν</strong></span> <span class='ocrx_word' id='word_1_120' title='bbox 939 1638 1119 1701; x_wconf 81' lang='grc' dir='ltr'><strong>ἀνάστασιν.</strong></span> <span class='ocrx_word' id='word_1_121' title='bbox 1166 1638 1195 1700; x_wconf 90' lang='grc' dir='ltr'><strong>οί</strong></span> <span class='ocrx_word' id='word_1_122' title='bbox 1217 1640 1279 1721; x_wconf 91' lang='grc' dir='ltr'><strong>γάρ</strong></span> <span class='ocrx_word' id='word_1_123' title='bbox 1295 1638 1371 1720; x_wconf 83' lang='grc' dir='ltr'><strong>ἀγα-</strong></span> 
     </span>
     <span class='ocr_line' id='line_1_14' title="bbox 193 1740 1370 1825; baseline 0.003 -25"><span class='ocrx_word' id='word_1_124' title='bbox 193 1740 284 1822; x_wconf 84' lang='grc' dir='ltr'><strong>πητοί</strong></span> <span class='ocrx_word' id='word_1_125' title='bbox 308 1750 462 1825; x_wconf 77' lang='grc' dir='ltr'><strong>προφῆται</strong></span> <span class='ocrx_word' id='word_1_126' title='bbox 492 1740 702 1825; x_wconf 75' lang='grc' dir='ltr'><strong>κατήγγειλαν</strong></span> <span class='ocrx_word' id='word_1_127' title='bbox 725 1741 768 1816; x_wconf 84' lang='grc' dir='ltr'><strong>εἰς</strong></span> <span class='ocrx_word' id='word_1_128' title='bbox 798 1742 907 1805; x_wconf 87' lang='grc' dir='ltr'><strong>αὐτόν·</strong></span> <span class='ocrx_word' id='word_1_129' title='bbox 941 1742 976 1803; x_wconf 85' lang='grc' dir='ltr'><strong>τό</strong></span> <span class='ocrx_word' id='word_1_130' title='bbox 999 1742 1033 1804; x_wconf 88' lang='grc' dir='ltr'><strong>δέ</strong></span> <span class='ocrx_word' id='word_1_131' title='bbox 1057 1740 1239 1825; x_wconf 84' lang='grc' dir='ltr'><strong>εὐαγγέλιον</strong></span> <span class='ocrx_word' id='word_1_132' title='bbox 1271 1741 1370 1823; x_wconf 84' lang='grc' dir='ltr'><strong>ἀπάρ·</strong></span> 
     </span>
     <span class='ocr_line' id='line_1_15' title="bbox 193 1843 1369 1931; baseline 0.003 -27"><span class='ocrx_word' id='word_1_133' title='bbox 193 1843 287 1927; x_wconf 86' lang='grc' dir='ltr'><strong>τισμοί</strong></span> <span class='ocrx_word' id='word_1_134' title='bbox 310 1843 392 1909; x_wconf 89' lang='grc' dir='ltr'><strong>ἐστιν</strong></span> <span class='ocrx_word' id='word_1_135' title='bbox 416 1845 606 1927; x_wconf 77' lang='grc' dir='ltr'><strong>ἀφθαρσίας.</strong></span> <span class='ocrx_word' id='word_1_136' title='bbox 652 1845 754 1908; x_wconf 87' lang='grc' dir='ltr'><strong>πάντα</strong></span> <span class='ocrx_word' id='word_1_137' title='bbox 784 1845 862 1928; x_wconf 86' lang='grc' dir='ltr'><strong>όμοῦ</strong></span> <span class='ocrx_word' id='word_1_138' title='bbox 884 1844 969 1909; x_wconf 88' lang='grc' dir='ltr'><strong>καλοί</strong></span> <span class='ocrx_word' id='word_1_139' title='bbox 993 1844 1095 1926; x_wconf 89' lang='grc' dir='ltr'><strong>ἐστιν,</strong></span> <span class='ocrx_word' id='word_1_140' title='bbox 1128 1846 1183 1910; x_wconf 81' lang='grc' dir='ltr'><strong>ἐὰν</strong></span> <span class='ocrx_word' id='word_1_141' title='bbox 1206 1845 1240 1911; x_wconf 90' lang='grc' dir='ltr'><strong>ἐν</strong></span> <span class='ocrx_word' id='word_1_142' title='bbox 1264 1846 1369 1931; x_wconf 81' lang='grc' dir='ltr'><strong>ἀγάπη</strong></span> 
     </span>
     <span class='ocr_line' id='line_1_16' title="bbox 157 1948 367 2032; baseline -0.024 -17"><span class='ocrx_word' id='word_1_143' title='bbox 157 1977 181 2015; x_wconf 77' lang='grc' dir='ltr'><strong>ιι</strong></span> <span class='ocrx_word' id='word_1_144' title='bbox 193 1948 367 2032; x_wconf 88' lang='grc' dir='ltr'><strong>πιστεύητε.</strong></span> 
     </span>
    </p>

    <p class='ocr_par' dir='ltr' id='par_1_5' title="bbox 193 2053 1369 2452">
     <span class='ocr_line' id='line_1_17' title="bbox 280 2053 1368 2139; baseline -0.003 -20"><span class='ocrx_word' id='word_1_145' title='bbox 280 2055 319 2119; x_wconf 90' lang='grc' dir='ltr'><strong>Χ.</strong></span> <span class='ocrx_word' id='word_1_146' title='bbox 345 2053 472 2137; x_wconf 83' lang='grc' dir='ltr'><strong>Ἐπειδὴ</strong></span> <span class='ocrx_word' id='word_1_147' title='bbox 495 2055 578 2116; x_wconf 87' lang='grc' dir='ltr'><strong>κατά</strong></span> <span class='ocrx_word' id='word_1_148' title='bbox 593 2056 648 2137; x_wconf 77' lang='grc' dir='ltr'><strong>τὴν</strong></span> <span class='ocrx_word' id='word_1_149' title='bbox 671 2055 847 2136; x_wconf 82' lang='grc' dir='ltr'><strong>προσευχὴν</strong></span> <span class='ocrx_word' id='word_1_150' title='bbox 863 2053 950 2135; x_wconf 83' lang='grc' dir='ltr'><strong>ὑμῶν</strong></span> <span class='ocrx_word' id='word_1_151' title='bbox 972 2056 1025 2117; x_wconf 87' lang='grc' dir='ltr'><strong>καί</strong></span> <span class='ocrx_word' id='word_1_152' title='bbox 1041 2056 1124 2118; x_wconf 84' lang='grc' dir='ltr'><strong>κατὰ</strong></span> <span class='ocrx_word' id='word_1_153' title='bbox 1136 2058 1175 2119; x_wconf 87' lang='grc' dir='ltr'><strong>τά</strong></span> <span class='ocrx_word' id='word_1_154' title='bbox 1191 2055 1368 2139; x_wconf 81' lang='grc' dir='ltr'><strong>σπλάγχνα,</strong></span> 
     </span>
     <span class='ocr_line' id='line_1_18' title="bbox 193 2156 1369 2243; baseline 0.004 -25"><span class='ocrx_word' id='word_1_155' title='bbox 193 2157 214 2218; x_wconf 83' lang='grc' dir='ltr'><strong>ἃ</strong></span> <span class='ocrx_word' id='word_1_156' title='bbox 237 2157 325 2239; x_wconf 82' lang='grc' dir='ltr'><strong>ἔχετε</strong></span> <span class='ocrx_word' id='word_1_157' title='bbox 349 2157 381 2220; x_wconf 91' lang='grc' dir='ltr'><strong>ἐν</strong></span> <span class='ocrx_word' id='word_1_158' title='bbox 405 2160 529 2241; x_wconf 84' lang='grc' dir='ltr'><strong>Χριστῷ</strong></span> <span class='ocrx_word' id='word_1_159' title='bbox 552 2157 674 2243; x_wconf 91' lang='grc' dir='ltr'><strong>Ἰησοῦ,</strong></span> <span class='ocrx_word' id='word_1_160' title='bbox 701 2156 864 2242; x_wconf 76' lang='grc' dir='ltr'><strong>ἀπηγγέλη</strong></span> <span class='ocrx_word' id='word_1_161' title='bbox 889 2179 958 2242; x_wconf 86' lang='grc' dir='ltr'><strong>μοι,</strong></span> <span class='ocrx_word' id='word_1_162' title='bbox 990 2159 1154 2242; x_wconf 79' lang='grc' dir='ltr'><strong>εἰρηνεύειν</strong></span> <span class='ocrx_word' id='word_1_163' title='bbox 1177 2161 1234 2241; x_wconf 72' lang='grc' dir='ltr'><strong>τὴν</strong></span> <span class='ocrx_word' id='word_1_164' title='bbox 1258 2158 1369 2243; x_wconf 89' lang='grc' dir='ltr'><strong>ἐκκλη-</strong></span> 
     </span>
     <span class='ocr_line' id='line_1_19' title="bbox 194 2260 1369 2348; baseline 0.004 -26"><span class='ocrx_word' id='word_1_165' title='bbox 194 2260 264 2323; x_wconf 91' lang='grc' dir='ltr'><strong>σίαν</strong></span> <span class='ocrx_word' id='word_1_166' title='bbox 286 2264 341 2344; x_wconf 73' lang='grc' dir='ltr'><strong>τὴν</strong></span> <span class='ocrx_word' id='word_1_167' title='bbox 365 2262 397 2325; x_wconf 90' lang='grc' dir='ltr'><strong>ἐν</strong></span> <span class='ocrx_word' id='word_1_168' title='bbox 422 2261 599 2346; x_wconf 81' lang='grc' dir='ltr'><strong>Ἀντιοχείᾳ</strong></span> <span class='ocrx_word' id='word_1_169' title='bbox 621 2273 675 2346; x_wconf 83' lang='grc' dir='ltr'><strong>της</strong></span> <span class='ocrx_word' id='word_1_170' title='bbox 698 2262 827 2344; x_wconf 86' lang='grc' dir='ltr'><strong>Συρίας,</strong></span> <span class='ocrx_word' id='word_1_171' title='bbox 850 2261 968 2345; x_wconf 79' lang='grc' dir='ltr'><strong>πρέπον</strong></span> <span class='ocrx_word' id='word_1_172' title='bbox 991 2263 1073 2327; x_wconf 85' lang='grc' dir='ltr'><strong>ἐστίν</strong></span> <span class='ocrx_word' id='word_1_173' title='bbox 1097 2264 1166 2347; x_wconf 83' lang='grc' dir='ltr'><strong>ὑμῖν</strong></span> <span class='ocrx_word' id='word_1_174' title='bbox 1189 2262 1233 2339; x_wconf 85' lang='grc' dir='ltr'><strong>ὡς</strong></span> <span class='ocrx_word' id='word_1_175' title='bbox 1256 2263 1369 2348; x_wconf 86' lang='grc' dir='ltr'><strong>ἐκκλη·</strong></span> 
     </span>
     <span class='ocr_line' id='line_1_20' title="bbox 194 2365 1369 2452; baseline 0.003 -26"><span class='ocrx_word' id='word_1_176' title='bbox 194 2365 247 2449; x_wconf 79' lang='grc' dir='ltr'><strong>σίᾳ</strong></span> <span class='ocrx_word' id='word_1_177' title='bbox 278 2368 373 2446; x_wconf 88' lang='grc' dir='ltr'><strong>θεοῦ,</strong></span> <span class='ocrx_word' id='word_1_178' title='bbox 403 2377 617 2450; x_wconf 77' lang='grc' dir='ltr'><strong>χειροτονῆσαι</strong></span> <span class='ocrx_word' id='word_1_179' title='bbox 649 2366 793 2430; x_wconf 80' lang='grc' dir='ltr'><strong>διάκονον</strong></span> <span class='ocrx_word' id='word_1_180' title='bbox 825 2366 868 2441; x_wconf 82' lang='grc' dir='ltr'><strong>είς</strong></span> <span class='ocrx_word' id='word_1_181' title='bbox 900 2368 935 2429; x_wconf 83' lang='grc' dir='ltr'><strong>τό</strong></span> <span class='ocrx_word' id='word_1_182' title='bbox 969 2367 1156 2452; x_wconf 83' lang='grc' dir='ltr'><strong>πρεσβεῦσαι</strong></span> <span class='ocrx_word' id='word_1_183' title='bbox 1190 2366 1257 2431; x_wconf 87' lang='grc' dir='ltr'><strong>ἐκεῖ</strong></span> <span class='ocrx_word' id='word_1_184' title='bbox 1293 2371 1369 2434; x_wconf 88' lang='grc' dir='ltr'><strong>θεοῦ</strong></span> 
     </span>
    </p>

    <p class='ocr_par' dir='ltr' id='par_1_6' title="bbox 155 2470 1368 2974">
     <span class='ocr_line' id='line_1_21' title="bbox 155 2470 1367 2555; baseline -0.003 -18"><span class='ocrx_word' id='word_1_185' title='bbox 155 2498 180 2537; x_wconf 86' lang='grc' dir='ltr'><strong>ω</strong></span> <span class='ocrx_word' id='word_1_186' title='bbox 193 2470 376 2555; x_wconf 86' lang='grc' dir='ltr'><strong>πρεσβείαν,</strong></span> <span class='ocrx_word' id='word_1_187' title='bbox 403 2471 445 2546; x_wconf 83' lang='grc' dir='ltr'><strong>είς</strong></span> <span class='ocrx_word' id='word_1_188' title='bbox 468 2472 504 2533; x_wconf 88' lang='grc' dir='ltr'><strong>τό</strong></span> <span class='ocrx_word' id='word_1_189' title='bbox 526 2481 719 2555; x_wconf 82' lang='grc' dir='ltr'><strong>συγχαρῆναι</strong></span> <span class='ocrx_word' id='word_1_190' title='bbox 742 2473 846 2546; x_wconf 84' lang='grc' dir='ltr'><strong>αὐτοῖς</strong></span> <span class='ocrx_word' id='word_1_191' title='bbox 876 2470 925 2534; x_wconf 85' lang='grc' dir='ltr'><strong>ἐπί</strong></span> <span class='ocrx_word' id='word_1_192' title='bbox 949 2473 983 2533; x_wconf 84' lang='grc' dir='ltr'><strong>τό</strong></span> <span class='ocrx_word' id='word_1_193' title='bbox 1007 2473 1083 2534; x_wconf 78' lang='grc' dir='ltr'><strong>αὐτὸ</strong></span> <span class='ocrx_word' id='word_1_194' title='bbox 1116 2471 1295 2555; x_wconf 83' lang='grc' dir='ltr'><strong>γενομένοις</strong></span> <span class='ocrx_word' id='word_1_195' title='bbox 1316 2472 1367 2534; x_wconf 88' lang='grc' dir='ltr'><strong>καί</strong></span> 
     </span>
     <span class='ocr_line' id='line_1_22' title="bbox 193 2573 1367 2660; baseline 0.001 -23"><span class='ocrx_word' id='word_1_196' title='bbox 193 2573 320 2652; x_wconf 84' lang='grc' dir='ltr'><strong>δοξοίσαι</strong></span> <span class='ocrx_word' id='word_1_197' title='bbox 351 2577 385 2638; x_wconf 88' lang='grc' dir='ltr'><strong>τδ</strong></span> <span class='ocrx_word' id='word_1_198' title='bbox 417 2578 524 2660; x_wconf 83' lang='grc' dir='ltr'><strong>ὄνομα.</strong></span> <span class='ocrx_word' id='word_1_199' title='bbox 570 2580 600 2642; x_wconf 86' lang='grc'><strong>2.</strong></span> <span class='ocrx_word' id='word_1_200' title='bbox 625 2575 775 2660; x_wconf 86' lang='grc' dir='ltr'><strong>μοικάριος</strong></span> <span class='ocrx_word' id='word_1_201' title='bbox 806 2575 838 2638; x_wconf 87' lang='grc' dir='ltr'><strong>ἐν</strong></span> <span class='ocrx_word' id='word_1_202' title='bbox 870 2574 972 2660; x_wconf 89' lang='grc' dir='ltr'><strong>Ἰησοῦ</strong></span> <span class='ocrx_word' id='word_1_203' title='bbox 1004 2579 1145 2658; x_wconf 82' lang='grc' dir='ltr'><strong>Χριστῷ,</strong></span> <span class='ocrx_word' id='word_1_204' title='bbox 1177 2576 1211 2650; x_wconf 84' lang='grc' dir='ltr'><strong>ὃς</strong></span> <span class='ocrx_word' id='word_1_205' title='bbox 1242 2573 1367 2652; x_wconf 85' lang='grc' dir='ltr'><strong>καταξι-</strong></span> 
     </span>
     <span class='ocr_line' id='line_1_23' title="bbox 193 2677 1367 2764; baseline 0.003 -22"><span class='ocrx_word' id='word_1_206' title='bbox 193 2679 353 2763; x_wconf 83' lang='grc' dir='ltr'><strong>ωθὴσεται</strong></span> <span class='ocrx_word' id='word_1_207' title='bbox 377 2690 430 2764; x_wconf 81' lang='grc' dir='ltr'><strong>τῆς</strong></span> <span class='ocrx_word' id='word_1_208' title='bbox 457 2680 600 2764; x_wconf 76' lang='grc' dir='ltr'><strong>τοιαύτης</strong></span> <span class='ocrx_word' id='word_1_209' title='bbox 623 2680 796 2760; x_wconf 79' lang='grc' dir='ltr'><strong>διακονίας,</strong></span> <span class='ocrx_word' id='word_1_210' title='bbox 828 2681 881 2743; x_wconf 86' lang='grc' dir='ltr'><strong>καί</strong></span> <span class='ocrx_word' id='word_1_211' title='bbox 904 2681 989 2764; x_wconf 84' lang='grc' dir='ltr'><strong>ύμεῖς</strong></span> <span class='ocrx_word' id='word_1_212' title='bbox 1013 2679 1269 2763; x_wconf 75' lang='grc' dir='ltr'><strong>δοξασθήσεσθε.</strong></span> <span class='ocrx_word' id='word_1_213' title='bbox 1314 2677 1367 2745; x_wconf 84' lang='grc' dir='ltr'><strong>θέ·</strong></span> 
     </span>
     <span class='ocr_line' id='line_1_24' title="bbox 192 2783 1367 2870; baseline -0.002 -23"><span class='ocrx_word' id='word_1_214' title='bbox 192 2783 298 2847; x_wconf 92' lang='grc' dir='ltr'><strong>λουσιν</strong></span> <span class='ocrx_word' id='word_1_215' title='bbox 321 2785 355 2847; x_wconf 89' lang='grc' dir='ltr'><strong>δέ</strong></span> <span class='ocrx_word' id='word_1_216' title='bbox 377 2785 447 2868; x_wconf 86' lang='grc' dir='ltr'><strong>ύμῖν</strong></span> <span class='ocrx_word' id='word_1_217' title='bbox 475 2787 533 2848; x_wconf 90' lang='grc' dir='ltr'><strong>ούκ</strong></span> <span class='ocrx_word' id='word_1_218' title='bbox 555 2786 638 2848; x_wconf 89' lang='grc' dir='ltr'><strong>ἐστιν</strong></span> <span class='ocrx_word' id='word_1_219' title='bbox 661 2785 813 2848; x_wconf 91' lang='grc' dir='ltr'><strong>ἀδύνατον</strong></span> <span class='ocrx_word' id='word_1_220' title='bbox 837 2786 914 2868; x_wconf 86' lang='grc' dir='ltr'><strong>ὑπὲρ</strong></span> <span class='ocrx_word' id='word_1_221' title='bbox 946 2786 1096 2870; x_wconf 79' lang='grc' dir='ltr'><strong>ὀνόματος</strong></span> <span class='ocrx_word' id='word_1_222' title='bbox 1120 2787 1217 2864; x_wconf 84' lang='grc' dir='ltr'><strong>θεοῦ,</strong></span> <span class='ocrx_word' id='word_1_223' title='bbox 1251 2783 1296 2860; x_wconf 83' lang='grc' dir='ltr'><strong>ὡς</strong></span> <span class='ocrx_word' id='word_1_224' title='bbox 1317 2784 1367 2846; x_wconf 80' lang='grc' dir='ltr'><strong>καί</strong></span> 
     </span>
     <span class='ocr_line' id='line_1_25' title="bbox 192 2887 1368 2974; baseline 0.002 -24"><span class='ocrx_word' id='word_1_225' title='bbox 192 2887 224 2950; x_wconf 90' lang='grc' dir='ltr'><strong>αί</strong></span> <span class='ocrx_word' id='word_1_226' title='bbox 253 2888 381 2972; x_wconf 83' lang='grc' dir='ltr'><strong>ἔγγιστα</strong></span> <span class='ocrx_word' id='word_1_227' title='bbox 414 2887 578 2973; x_wconf 80' lang='grc' dir='ltr'><strong>ἐκκλησίαι</strong></span> <span class='ocrx_word' id='word_1_228' title='bbox 607 2888 749 2972; x_wconf 79' lang='grc' dir='ltr'><strong>ἔπεμψαν</strong></span> <span class='ocrx_word' id='word_1_229' title='bbox 779 2888 985 2968; x_wconf 84' lang='grc' dir='ltr'><strong>ἐπισκόπους,</strong></span> <span class='ocrx_word' id='word_1_230' title='bbox 1019 2891 1051 2952; x_wconf 87' lang='grc' dir='ltr'><strong>αί</strong></span> <span class='ocrx_word' id='word_1_231' title='bbox 1080 2890 1114 2953; x_wconf 92' lang='grc' dir='ltr'><strong>δέ</strong></span> <span class='ocrx_word' id='word_1_232' title='bbox 1144 2888 1368 2974; x_wconf 78' lang='grc' dir='ltr'><strong>πρεσβυτέρους</strong></span> 
     </span>
    </p>

    <p class='ocr_par' dir='ltr' id='par_1_7' title="bbox 154 2993 441 3069">
     <span class='ocr_line' id='line_1_26' title="bbox 154 2993 441 3069; baseline -0.003 -11"><span class='ocrx_word' id='word_1_233' title='bbox 154 3021 179 3058; x_wconf 79' lang='grc' dir='ltr'><strong>ιι</strong></span> <span class='ocrx_word' id='word_1_234' title='bbox 192 2994 246 3055; x_wconf 82' lang='grc' dir='ltr'><strong>καί</strong></span> <span class='ocrx_word' id='word_1_235' title='bbox 270 2993 441 3069; x_wconf 80' lang='grc' dir='ltr'><strong>διακόνους.</strong></span> 
     </span>
    </p>
   </div>
   <div class='ocr_carea' id='block_1_3' title="bbox 280 3095 1368 3180">
    <p class='ocr_par' dir='ltr' id='par_1_8' title="bbox 280 3095 1368 3180">
     <span class='ocr_line' id='line_1_27' title="bbox 280 3095 1368 3180; baseline -0.005 -17"><span class='ocrx_word' id='word_1_236' title='bbox 280 3099 335 3163; x_wconf 85' lang='lat' dir='ltr'><strong>XI.</strong></span> <span class='ocrx_word' id='word_1_237' title='bbox 359 3096 434 3180; x_wconf 82' lang='grc' dir='ltr'><strong>Περί</strong></span> <span class='ocrx_word' id='word_1_238' title='bbox 468 3098 502 3160; x_wconf 88' lang='grc' dir='ltr'><strong>δὲ</strong></span> <span class='ocrx_word' id='word_1_239' title='bbox 525 3096 667 3173; x_wconf 82' lang='grc' dir='ltr'><strong>Φίλωνος</strong></span> <span class='ocrx_word' id='word_1_240' title='bbox 700 3108 754 3161; x_wconf 91' lang='grc' dir='ltr'><strong>τοῦ</strong></span> <span class='ocrx_word' id='word_1_241' title='bbox 788 3099 934 3163; x_wconf 83' lang='grc' dir='ltr'><strong>διακόνου</strong></span> <span class='ocrx_word' id='word_1_242' title='bbox 968 3099 1030 3161; x_wconf 80' lang='grc' dir='ltr'><strong>ἀπὸ</strong></span> <span class='ocrx_word' id='word_1_243' title='bbox 1062 3095 1225 3177; x_wconf 89' lang='grc' dir='ltr'><strong>Κιλικίας,</strong></span> <span class='ocrx_word' id='word_1_244' title='bbox 1261 3096 1368 3180; x_wconf 79' lang='grc' dir='ltr'><strong>ἀνδρὸς</strong></span> 
     </span>
    </p>
   </div>
   <div class='ocr_carea' id='block_1_4' title="bbox 192 3247 1367 3586">
    <p class='ocr_par' dir='ltr' id='par_1_9' title="bbox 192 3247 1367 3586">
     <span class='ocr_line' id='line_1_28' title="bbox 263 3247 1366 3324; baseline 0 -19"><span class='ocrx_word' id='word_1_245' title='bbox 263 3250 392 3324; x_wconf 79' lang='grc' dir='ltr'><strong>2ἀρχεῖα</strong></span> <span class='ocrx_word' id='word_1_246' title='bbox 412 3252 464 3323; x_wconf 77' lang='lat' dir='ltr'><strong>Gg</strong></span> <span class='ocrx_word' id='word_1_247' title='bbox 486 3252 679 3321; x_wconf 80' lang='lat' dir='ltr'>:principium</span> <span class='ocrx_word' id='word_1_248' title='bbox 707 3252 744 3316; x_wconf 87' lang='lat' dir='ltr'><strong>L,</strong></span> <span class='ocrx_word' id='word_1_249' title='bbox 777 3253 917 3322; x_wconf 80' lang='lat' dir='ltr'>scriptura</span> <span class='ocrx_word' id='word_1_250' title='bbox 948 3253 1026 3322; x_wconf 81' lang='lat' dir='ltr'>prior</span> <span class='ocrx_word' id='word_1_251' title='bbox 1058 3255 1081 3305; x_wconf 88' lang='lat' dir='ltr'><strong>A</strong></span> <span class='ocrx_word' id='word_1_252' title='bbox 1107 3256 1112 3318; x_wconf 91' lang='grc'><strong>1</strong></span> <span class='ocrx_word' id='word_1_253' title='bbox 1140 3247 1288 3323; x_wconf 77' lang='grc' dir='ltr'><strong>θίίθηκτα</strong></span> <span class='ocrx_word' id='word_1_254' title='bbox 1315 3250 1339 3305; x_wconf 86' lang='lat' dir='ltr'><strong>G</strong></span> <span class='ocrx_word' id='word_1_255' title='bbox 1363 3252 1366 3281; x_wconf 89' lang='lat'><strong>¹</strong></span> 
     </span>
     <span class='ocr_line' id='line_1_29' title="bbox 192 3338 1367 3413; baseline -0.002 -17"><span class='ocrx_word' id='word_1_256' title='bbox 192 3339 286 3409; x_wconf 75' lang='grc' dir='ltr'><strong>ἀρχεῖα</strong></span> <span class='ocrx_word' id='word_1_257' title='bbox 307 3339 331 3393; x_wconf 84' lang='lat' dir='ltr'><strong>G</strong></span> <span class='ocrx_word' id='word_1_258' title='bbox 350 3357 356 3390; x_wconf 80' lang='grc' dir='ltr'><strong>ι</strong></span> <span class='ocrx_word' id='word_1_259' title='bbox 375 3339 516 3407; x_wconf 82' lang='lat' dir='ltr'>principia</span> <span class='ocrx_word' id='word_1_260' title='bbox 534 3340 571 3402; x_wconf 90' lang='lat' dir='ltr'><strong>L,</strong></span> <span class='ocrx_word' id='word_1_261' title='bbox 599 3340 710 3412; x_wconf 80' lang='grc' dir='ltr'><strong>ἀρχεῖον</strong></span> <span class='ocrx_word' id='word_1_262' title='bbox 729 3357 762 3408; x_wconf 77' lang='lat' dir='ltr'><strong>g,</strong></span> <span class='ocrx_word' id='word_1_263' title='bbox 774 3343 850 3407; x_wconf 88' lang='lat' dir='ltr'><strong>&gt;A</strong></span> <span class='ocrx_word' id='word_1_264' title='bbox 873 3344 876 3409; x_wconf 94' lang='grc' dir='ltr'>Ι</span> <span class='ocrx_word' id='word_1_265' title='bbox 899 3343 915 3394; x_wconf 99' lang='grc'><strong>6</strong></span> <span class='ocrx_word' id='word_1_266' title='bbox 934 3350 1063 3413; x_wconf 77' lang='grc' dir='ltr'><strong>κρεῖσσον</strong></span> <span class='ocrx_word' id='word_1_267' title='bbox 1082 3339 1128 3393; x_wconf 84' lang='lat' dir='ltr'><strong>GL</strong></span> <span class='ocrx_word' id='word_1_268' title='bbox 1147 3358 1153 3391; x_wconf 92' lang='lat'>:</span> <span class='ocrx_word' id='word_1_269' title='bbox 1171 3342 1310 3412; x_wconf 82' lang='grc' dir='ltr'><strong>κρείσσων</strong></span> <span class='ocrx_word' id='word_1_270' title='bbox 1328 3338 1367 3407; x_wconf 67' lang='grc' dir='ltr'><strong>εἷ</strong></span> 
     </span>
     <span class='ocr_line' id='line_1_30' title="bbox 194 3423 1365 3500; baseline 0.001 -23"><span class='ocrx_word' id='word_1_271' title='bbox 194 3427 224 3480; x_wconf 90' lang='grc'><strong>11</strong></span> <span class='ocrx_word' id='word_1_272' title='bbox 244 3438 369 3497; x_wconf 79' lang='grc' dir='ltr'><strong>σωτῆρος</strong></span> <span class='ocrx_word' id='word_1_273' title='bbox 387 3425 549 3495; x_wconf 77' lang='lat' dir='ltr'>LAg:&gt;G</span> <span class='ocrx_word' id='word_1_274' title='bbox 566 3427 569 3495; x_wconf 85' lang='grc' dir='ltr'>Ι</span> <span class='ocrx_word' id='word_1_275' title='bbox 586 3427 617 3479; x_wconf 84' lang='grc'><strong>21</strong></span> <span class='ocrx_word' id='word_1_276' title='bbox 638 3423 727 3496; x_wconf 70' lang='grc' dir='ltr'><strong>ὄνομα</strong></span> <span class='ocrx_word' id='word_1_277' title='bbox 746 3427 808 3482; x_wconf 80' lang='lat' dir='ltr'><strong>GL:</strong></span> <span class='ocrx_word' id='word_1_278' title='bbox 823 3428 915 3497; x_wconf 49' lang='grc' dir='ltr'><strong>θεοῦ</strong></span> <span class='ocrx_word' id='word_1_279' title='bbox 932 3430 1029 3500; x_wconf 81' lang='grc' dir='ltr'><strong>κυρίου</strong></span> <span class='ocrx_word' id='word_1_280' title='bbox 1047 3426 1081 3480; x_wconf 81' lang='lat' dir='ltr'><strong>Sf</strong></span> <span class='ocrx_word' id='word_1_281' title='bbox 1090 3428 1165 3496; x_wconf 84' lang='lat' dir='ltr'>A(g)</span> <span class='ocrx_word' id='word_1_282' title='bbox 1182 3427 1186 3495; x_wconf 94' lang='grc' dir='ltr'>Ι</span> <span class='ocrx_word' id='word_1_283' title='bbox 1204 3427 1297 3497; x_wconf 85' lang='grc' dir='ltr'><strong>Ἰησοῦ</strong></span> <span class='ocrx_word' id='word_1_284' title='bbox 1316 3428 1365 3497; x_wconf 83' lang='grc' dir='ltr'><strong>Χρ.</strong></span> 
     </span>
     <span class='ocr_line' id='line_1_31' title="bbox 193 3512 535 3586; baseline 0.003 -18"><span class='ocrx_word' id='word_1_285' title='bbox 193 3512 240 3568; x_wconf 85' lang='lat' dir='ltr'><strong>GL</strong></span> <span class='ocrx_word' id='word_1_286' title='bbox 250 3513 283 3566; x_wconf 85' lang='lat' dir='ltr'><strong>Sf</strong></span> <span class='ocrx_word' id='word_1_287' title='bbox 291 3531 296 3564; x_wconf 75' lang='grc' dir='ltr'><strong>ι</strong></span> <span class='ocrx_word' id='word_1_288' title='bbox 308 3518 359 3586; x_wconf 64' lang='lat' dir='ltr'><strong>Xo-</strong></span> <span class='ocrx_word' id='word_1_289' title='bbox 380 3515 471 3583; x_wconf 86' lang='grc' dir='ltr'><strong>Ἰησοῦ</strong></span> <span class='ocrx_word' id='word_1_290' title='bbox 490 3516 535 3584; x_wconf 84' lang='lat' dir='ltr'><strong>Ag</strong></span> 
     </span>
    </p>
   </div>
   <div class='ocr_carea' id='block_1_5' title="bbox 192 3651 1372 4070">
    <p class='ocr_par' dir='ltr' id='par_1_10' title="bbox 192 3651 1369 3812">
     <span class='ocr_line' id='line_1_32' title="bbox 192 3651 1369 3715; baseline -0.002 -10"><span class='ocrx_word' id='word_1_291' title='bbox 192 3655 281 3705; x_wconf 74' lang='lat' dir='ltr'>turae.</span> <span class='ocrx_word' id='word_1_292' title='bbox 302 3652 343 3706; x_wconf 80' lang='lat' dir='ltr'><strong>cf.</strong></span> <span class='ocrx_word' id='word_1_293' title='bbox 363 3651 440 3705; x_wconf 81' lang='lat' dir='ltr'>Zahn</span> <span class='ocrx_word' id='word_1_294' title='bbox 460 3653 496 3706; x_wconf 83' lang='lat' dir='ltr'><strong>ad</strong></span> <span class='ocrx_word' id='word_1_295' title='bbox 516 3653 542 3707; x_wconf 88' lang='lat' dir='ltr'><strong>h.</strong></span> <span class='ocrx_word' id='word_1_296' title='bbox 560 3653 592 3713; x_wconf 75' lang='grc' dir='ltr'><strong>λς</strong></span> <span class='ocrx_word' id='word_1_297' title='bbox 614 3653 767 3708; x_wconf 75' lang='lat' dir='ltr'><strong>Geschichte</strong></span> <span class='ocrx_word' id='word_1_298' title='bbox 780 3655 783 3667; x_wconf 95' lang='lat'>&#39;</span> <span class='ocrx_word' id='word_1_299' title='bbox 795 3654 837 3709; x_wconf 85' lang='lat' dir='ltr'><strong>cf.</strong></span> <span class='ocrx_word' id='word_1_300' title='bbox 857 3652 957 3706; x_wconf 76' lang='lat' dir='ltr'>Matth.</span> <span class='ocrx_word' id='word_1_301' title='bbox 979 3653 1017 3714; x_wconf 91' lang='lat'><strong>12,</strong></span> <span class='ocrx_word' id='word_1_302' title='bbox 1036 3652 1077 3705; x_wconf 77' lang='lat'><strong>41.</strong></span> <span class='ocrx_word' id='word_1_303' title='bbox 1097 3652 1146 3714; x_wconf 81' lang='lat'><strong>42;</strong></span> <span class='ocrx_word' id='word_1_304' title='bbox 1184 3652 1267 3707; x_wconf 81' lang='lat' dir='ltr'><strong>Prov.</strong></span> <span class='ocrx_word' id='word_1_305' title='bbox 1285 3652 1328 3715; x_wconf 88' lang='lat'><strong>20,</strong></span> <span class='ocrx_word' id='word_1_306' title='bbox 1346 3651 1369 3704; x_wconf 89' lang='grc'><strong>6.</strong></span> 
     </span>
     <span class='ocr_line' id='line_1_33' title="bbox 193 3680 1369 3812; baseline -0.003 -19"><span class='ocrx_word' id='word_1_307' title='bbox 193 3741 240 3793; x_wconf 69' lang='lat' dir='ltr'><strong>des</strong></span> <span class='ocrx_word' id='word_1_308' title='bbox 257 3747 366 3794; x_wconf 72' lang='grc' dir='ltr'><strong>κιυίοεί.</strong></span> <span class='ocrx_word' id='word_1_309' title='bbox 387 3741 504 3794; x_wconf 70' lang='lat' dir='ltr'><strong>Kauaris</strong></span> <span class='ocrx_word' id='word_1_310' title='bbox 521 3739 554 3800; x_wconf 82' lang='grc' dir='ltr'><strong>ΙΙ.</strong></span> <span class='ocrx_word' id='word_1_311' title='bbox 574 3741 718 3794; x_wconf 79' lang='grc'><strong>945-948.</strong></span> <span class='ocrx_word' id='word_1_312' title='bbox 780 3680 835 3805; x_wconf 78' lang='grc'><strong>123.</strong></span> <span class='ocrx_word' id='word_1_313' title='bbox 855 3771 889 3778; x_wconf 97' lang='grc'>-</span> <span class='ocrx_word' id='word_1_314' title='bbox 907 3738 1060 3812; x_wconf 79' lang='grc' dir='ltr'><strong>ἀρχιερεύς]</strong></span> <span class='ocrx_word' id='word_1_315' title='bbox 1081 3738 1122 3791; x_wconf 84' lang='lat' dir='ltr'><strong>cf.</strong></span> <span class='ocrx_word' id='word_1_316' title='bbox 1141 3739 1153 3791; x_wconf 92' lang='grc' dir='ltr'>Ι</span> <span class='ocrx_word' id='word_1_317' title='bbox 1175 3739 1263 3793; x_wconf 78' lang='lat' dir='ltr'>clem.</span> <span class='ocrx_word' id='word_1_318' title='bbox 1285 3739 1328 3801; x_wconf 84' lang='grc'><strong>36,</strong></span> <span class='ocrx_word' id='word_1_319' title='bbox 1348 3741 1369 3792; x_wconf 93' lang='lat' dir='ltr'><strong>l.</strong></span> 
     </span>
    </p>

    <p class='ocr_par' dir='ltr' id='par_1_11' title="bbox 194 3808 1372 4070">
     <span class='ocr_line' id='line_1_34' title="bbox 228 3808 1370 3899; baseline -0.001 -20"><span class='ocrx_word' id='word_1_320' title='bbox 228 3827 274 3889; x_wconf 87' lang='lat' dir='ltr'><strong>IX,</strong></span> <span class='ocrx_word' id='word_1_321' title='bbox 295 3828 316 3878; x_wconf 96' lang='lat'><strong>1.</strong></span> <span class='ocrx_word' id='word_1_322' title='bbox 336 3827 427 3898; x_wconf 72' lang='grc' dir='ltr'><strong>ίερεῖς]</strong></span> <span class='ocrx_word' id='word_1_323' title='bbox 456 3844 507 3880; x_wconf 86' lang='lat' dir='ltr'><strong>nec</strong></span> <span class='ocrx_word' id='word_1_324' title='bbox 526 3830 591 3881; x_wconf 81' lang='lat' dir='ltr'>sunt</span> <span class='ocrx_word' id='word_1_325' title='bbox 608 3827 767 3894; x_wconf 75' lang='lat' dir='ltr'>presbyteri</span> <span class='ocrx_word' id='word_1_326' title='bbox 780 3808 828 3866; x_wconf 71' lang='grc'><strong>1-</strong></span> <span class='ocrx_word' id='word_1_327' title='bbox 847 3826 930 3899; x_wconf 76' lang='grc' dir='ltr'><strong>θύρα]</strong></span> <span class='ocrx_word' id='word_1_328' title='bbox 945 3826 986 3879; x_wconf 81' lang='lat' dir='ltr'><strong>Cf.</strong></span> <span class='ocrx_word' id='word_1_329' title='bbox 1000 3827 1097 3880; x_wconf 81' lang='lat' dir='ltr'>Ioann.</span> <span class='ocrx_word' id='word_1_330' title='bbox 1112 3826 1151 3885; x_wconf 80' lang='grc'><strong>16,</strong></span> <span class='ocrx_word' id='word_1_331' title='bbox 1170 3826 1195 3878; x_wconf 77' lang='lat'><strong>7.</strong></span> <span class='ocrx_word' id='word_1_332' title='bbox 1208 3825 1240 3887; x_wconf 83' lang='lat'><strong>9;</strong></span> <span class='ocrx_word' id='word_1_333' title='bbox 1262 3826 1370 3880; x_wconf 83' lang='lat' dir='ltr'>ICiem.</span> 
     </span>
     <span class='ocr_line' id='line_1_35' title="bbox 194 3912 1372 3980; baseline 0.001 -14"><span class='ocrx_word' id='word_1_334' title='bbox 194 3912 327 3967; x_wconf 75' lang='lat' dir='ltr'>ecclesiae</span> <span class='ocrx_word' id='word_1_335' title='bbox 340 3914 425 3980; x_wconf 74' lang='lat' dir='ltr'>(Cot.)</span> <span class='ocrx_word' id='word_1_336' title='bbox 444 3931 496 3967; x_wconf 82' lang='lat' dir='ltr'><strong>neo</strong></span> <span class='ocrx_word' id='word_1_337' title='bbox 510 3913 663 3969; x_wconf 81' lang='lat' dir='ltr'>Christiani</span> <span class='ocrx_word' id='word_1_338' title='bbox 673 3913 766 3967; x_wconf 80' lang='lat' dir='ltr'>Phila·</span> <span class='ocrx_word' id='word_1_339' title='bbox 779 3915 833 3977; x_wconf 77' lang='grc' dir='ltr'><strong>Ι46,</strong></span> <span class='ocrx_word' id='word_1_340' title='bbox 851 3913 882 3976; x_wconf 83' lang='grc'><strong>4;</strong></span> <span class='ocrx_word' id='word_1_341' title='bbox 910 3914 1002 3967; x_wconf 82' lang='lat' dir='ltr'>Herm.</span> <span class='ocrx_word' id='word_1_342' title='bbox 1023 3913 1088 3966; x_wconf 87' lang='lat' dir='ltr'><strong>Sim.</strong></span> <span class='ocrx_word' id='word_1_343' title='bbox 1108 3912 1160 3975; x_wconf 88' lang='grc' dir='ltr'><strong>ΙΧ,</strong></span> <span class='ocrx_word' id='word_1_344' title='bbox 1180 3914 1204 3966; x_wconf 86' lang='lat'><strong>2.</strong></span> <span class='ocrx_word' id='word_1_345' title='bbox 1227 3915 1267 3967; x_wconf 84' lang='lat'><strong>12.</strong></span> <span class='ocrx_word' id='word_1_346' title='bbox 1296 3912 1372 3967; x_wconf 80' lang='lat' dir='ltr'><strong>Zahn</strong></span> 
     </span>
     <span class='ocr_line' id='line_1_36' title="bbox 195 3972 1371 4070; baseline -0.001 -18"><span class='ocrx_word' id='word_1_347' title='bbox 195 3999 361 4069; x_wconf 78' lang='lat' dir='ltr'>delphenses</span> <span class='ocrx_word' id='word_1_348' title='bbox 380 4001 512 4070; x_wconf 79' lang='lat' dir='ltr'>(Bothe),</span> <span class='ocrx_word' id='word_1_349' title='bbox 538 4000 587 4053; x_wconf 82' lang='lat' dir='ltr'><strong>sed</strong></span> <span class='ocrx_word' id='word_1_350' title='bbox 606 4001 766 4055; x_wconf 78' lang='lat' dir='ltr'><strong>sacerdotes</strong></span> <span class='ocrx_word' id='word_1_351' title='bbox 778 3972 781 4059; x_wconf 77' lang='grc' dir='ltr'><strong>ί</strong></span> <span class='ocrx_word' id='word_1_352' title='bbox 793 4002 933 4070; x_wconf 78' lang='grc' dir='ltr'><strong>(Ιρκοίίυο</strong></span> <span class='ocrx_word' id='word_1_353' title='bbox 950 4017 977 4068; x_wconf 86' lang='lat' dir='ltr'><strong>p.</strong></span> <span class='ocrx_word' id='word_1_354' title='bbox 997 4000 1049 4054; x_wconf 85' lang='grc'><strong>618</strong></span> <span class='ocrx_word' id='word_1_355' title='bbox 1069 4000 1122 4068; x_wconf 78' lang='lat' dir='ltr'>sq.)</span> <span class='ocrx_word' id='word_1_356' title='bbox 1150 3999 1308 4063; x_wconf 76' lang='lat' dir='ltr'>contendit,</span> <span class='ocrx_word' id='word_1_357' title='bbox 1329 3998 1371 4068; x_wconf 79' lang='lat' dir='ltr'><strong>Ig-</strong></span> 
     </span>
    </p>
   </div>
   <div class='ocr_carea' id='block_1_6' title="bbox 193 4064 1373 4336">
    <p class='ocr_par' dir='ltr' id='par_1_12' title="bbox 193 4064 1373 4336">
     <span class='ocr_line' id='line_1_37' title="bbox 193 4064 1373 4163; baseline 0 -24"><span class='ocrx_word' id='word_1_358' title='bbox 193 4087 298 4141; x_wconf 77' lang='lat' dir='ltr'>iudaiei</span> <span class='ocrx_word' id='word_1_359' title='bbox 326 4090 371 4142; x_wconf 74' lang='lat' dir='ltr'><strong>vel</strong></span> <span class='ocrx_word' id='word_1_360' title='bbox 398 4093 478 4142; x_wconf 79' lang='lat' dir='ltr'>vetus</span> <span class='ocrx_word' id='word_1_361' title='bbox 501 4087 676 4151; x_wconf 79' lang='lat' dir='ltr'>oeconomia,</span> <span class='ocrx_word' id='word_1_362' title='bbox 707 4064 917 4163; x_wconf 51' lang='lat' dir='ltr'>qui-{natium</span> <span class='ocrx_word' id='word_1_363' title='bbox 946 4103 1019 4153; x_wconf 82' lang='lat' dir='ltr'>quae</span> <span class='ocrx_word' id='word_1_364' title='bbox 1047 4086 1100 4140; x_wconf 87' lang='lat' dir='ltr'><strong>hoc</strong></span> <span class='ocrx_word' id='word_1_365' title='bbox 1128 4086 1191 4140; x_wconf 79' lang='lat' dir='ltr'><strong>loeo</strong></span> <span class='ocrx_word' id='word_1_366' title='bbox 1213 4086 1315 4145; x_wconf 82' lang='lat' dir='ltr'>docet.</span> <span class='ocrx_word' id='word_1_367' title='bbox 1341 4102 1373 4140; x_wconf 82' lang='lat' dir='ltr'><strong>ex</strong></span> 
     </span>
     <span class='ocr_line' id='line_1_38' title="bbox 194 4173 1371 4277; baseline -0.003 -50"><span class='ocrx_word' id='word_1_368' title='bbox 194 4174 245 4227; x_wconf 86' lang='lat' dir='ltr'><strong>bus</strong></span> <span class='ocrx_word' id='word_1_369' title='bbox 259 4176 412 4244; x_wconf 84' lang='lat' dir='ltr'>opponitur</span> <span class='ocrx_word' id='word_1_370' title='bbox 424 4175 440 4231; x_wconf 86' lang='grc' dir='ltr'><em>ὁ</em></span> <span class='ocrx_word' id='word_1_371' title='bbox 452 4175 600 4248; x_wconf 82' lang='grc' dir='ltr'><strong>ἀρχιερεύς,</strong></span> <span class='ocrx_word' id='word_1_372' title='bbox 620 4174 637 4226; x_wconf 90' lang='lat' dir='ltr'><strong>i.</strong></span> <span class='ocrx_word' id='word_1_373' title='bbox 651 4191 674 4227; x_wconf 81' lang='lat' dir='ltr'><strong>e.</strong></span> <span class='ocrx_word' id='word_1_374' title='bbox 689 4175 766 4229; x_wconf 86' lang='lat' dir='ltr'>Chri·</span> <span class='ocrx_word' id='word_1_375' title='bbox 778 4190 781 4277; x_wconf 83' lang='grc' dir='ltr'><strong>γ</strong></span> <span class='ocrx_word' id='word_1_376' title='bbox 792 4174 886 4227; x_wconf 81' lang='lat' dir='ltr'>Herm.</span> <span class='ocrx_word' id='word_1_377' title='bbox 907 4173 970 4227; x_wconf 70' lang='lat' dir='ltr'><strong>Sim</strong></span> <span class='ocrx_word' id='word_1_378' title='bbox 991 4173 1037 4234; x_wconf 83' lang='lat' dir='ltr'><strong>IX,</strong></span> <span class='ocrx_word' id='word_1_379' title='bbox 1053 4175 1154 4227; x_wconf 81' lang='grc'><strong>12--16</strong></span> <span class='ocrx_word' id='word_1_380' title='bbox 1174 4173 1313 4228; x_wconf 74' lang='lat' dir='ltr'>didicisse</span> <span class='ocrx_word' id='word_1_381' title='bbox 1325 4174 1371 4246; x_wconf 71' lang='grc' dir='ltr'><strong>(θ).</strong></span> 
     </span>
     <span class='ocr_line' id='line_1_39' title="bbox 194 4260 1372 4336; baseline 0.004 -24"><span class='ocrx_word' id='word_1_382' title='bbox 194 4264 253 4315; x_wconf 81' lang='lat' dir='ltr'><strong>stus</strong></span> <span class='ocrx_word' id='word_1_383' title='bbox 270 4263 315 4316; x_wconf 83' lang='lat' dir='ltr'><strong>vel</strong></span> <span class='ocrx_word' id='word_1_384' title='bbox 333 4280 436 4317; x_wconf 85' lang='lat' dir='ltr'><strong>novum</strong></span> <span class='ocrx_word' id='word_1_385' title='bbox 448 4264 555 4316; x_wconf 80' lang='lat' dir='ltr'>foedus.</span> <span class='ocrx_word' id='word_1_386' title='bbox 575 4291 610 4300; x_wconf 93' lang='lat'>—</span> <span class='ocrx_word' id='word_1_387' title='bbox 626 4262 766 4336; x_wconf 84' lang='grc' dir='ltr'><strong>κρεῖσσον]</strong></span> <span class='ocrx_word' id='word_1_388' title='bbox 792 4291 828 4299; x_wconf 97' lang='grc'><strong>-</strong></span> <span class='ocrx_word' id='word_1_389' title='bbox 845 4261 935 4317; x_wconf 79' lang='grc' dir='ltr'><strong>πάντα</strong></span> <span class='ocrx_word' id='word_1_390' title='bbox 947 4261 1017 4329; x_wconf 79' lang='grc' dir='ltr'><strong>κτλ]</strong></span> <span class='ocrx_word' id='word_1_391' title='bbox 1037 4260 1053 4313; x_wconf 90' lang='lat' dir='ltr'><strong>i.</strong></span> <span class='ocrx_word' id='word_1_392' title='bbox 1068 4277 1090 4313; x_wconf 83' lang='grc' dir='ltr'><strong>ε.</strong></span> <span class='ocrx_word' id='word_1_393' title='bbox 1112 4276 1215 4329; x_wconf 80' lang='lat' dir='ltr'>scopus</span> <span class='ocrx_word' id='word_1_394' title='bbox 1234 4267 1299 4317; x_wconf 76' lang='lat' dir='ltr'><strong>tum</strong></span> <span class='ocrx_word' id='word_1_395' title='bbox 1310 4278 1372 4331; x_wconf 86' lang='lat' dir='ltr'><strong>pro·</strong></span> 
     </span>
    </p>
   </div>
   <div class='ocr_carea' id='block_1_7' title="bbox 0 0 1422 5018">
    <p class='ocr_par' dir='ltr' id='par_1_13' title="bbox 0 0 1422 5018">
     <span class='ocr_line' id='line_1_40' title="bbox 0 0 1422 5018; baseline 0 0"><span class='ocrx_word' id='word_1_396' title='bbox 0 0 1422 5018; x_wconf 95' lang='lat' dir='ltr'><strong> </strong></span> 
     </span>
    </p>
   </div>
  </div>
 </body>
</html>
