2834 5018
178 269 241 333 598
610 256 764 313 ΗΕΒΜΑΕ
782 254 925 311 PASTOR

179 438 286 523 μήθην
301 438 386 518 παρὰ
408 437 461 498 τδν
476 434 603 518 πύργον.
650 436 678 500 7.
703 435 862 515 ἔστρωσαν
876 433 937 515 γὰρ
954 429 987 493 αί
1003 427 1178 512 παρθένοι
1195 433 1272 506 τούς
1286 428 1371 503 λινοῦς

177 554 312 627 χιτῶνας
335 542 454 605 ἑαυτῶν
476 542 575 623 χαμαί
598 541 651 602 καί
668 538 723 622 ἐμὲ
746 537 911 601 ἀνέκλιναν
934 536 979 611 είς
995 536 1033 598 τὸ
1059 532 1169 618 μέσον
1193 535 1309 612 αὐτῶν,
1330 533 1369 595 κοί

179 649 268 712 ούδέν
291 646 373 721 ὅλως
403 644 527 708 ἐποίουν
550 645 576 708 εί
599 646 641 727 μὴ
670 643 903 727 προσηύχοντο·
936 641 1031 725 κάγὼ
1057 643 1131 724 μετ’
1160 641 1273 703 αὐτῶν
1300 638 1369 700 ἔδυ·

179 752 311 827 λείπτως
334 748 556 833 προσηυχύμην
587 750 640 811 καί
663 749 722 811 ούκ
753 746 887 810 ἔλασσον
918 744 1063 811 ἐκείνων.
1114 746 1177 809 καί
1203 742 1369 829 ἔχαιρσνιὲ

154 855 332 939 οπαρθένοι
367 856 449 917 οὓτω
476 874 536 936 μου
567 850 829 935 προσευχομένου.
874 851 928 912 καί
960 850 1075 933 ἔμεινα
1109 849 1186 914 ἐκεῖ
1217 848 1308 934 μέχρι
1327 857 1368 929 της

178 963 284 1043 αύριον
317 959 376 1033 ἔως
408 958 491 1040 ὥρας
520 956 664 1040 δευτέρας
693 957 772 1039 μετὰ
801 964 862 1018 τῶν
891 952 1078 1036 παρθένων.
1130 956 1164 1020 8.
1193 953 1264 1017 είτα
1285 962 1367 1034 παρῆν

180 1065 197 1128 ὁ
221 1066 334 1147 ποιμὴν
356 1063 409 1124 καί
434 1061 517 1145 λέγει
540 1070 607 1136 ταῖς
629 1059 817 1143 παρθένοις·
850 1058 901 1141 Μὴ
924 1080 994 1121 τινα
1017 1060 1111 1142 αὐτῷ
1138 1059 1236 1145 ύβριν
1259 1055 1366 1139 πεποιή·

179 1190 272 1247 κατε,
296 1165 429 1249 Ἐρώτα,
454 1165 558 1248 φασίν,
583 1165 686 1230 αύτύν.
732 1163 816 1248 λέγω
838 1165 942 1246 αύτῷ·
966 1161 1080 1245 Κύριε,
1106 1165 1302 1248 εύφροίνθην
1315 1161 1365 1244 με’

181 1274 285 1335 αὐτῶν
307 1270 421 1353 μείνας.
468 1268 517 1348 Τί,
541 1267 650 1352 φησίν,
682 1266 884 1351 ἔδείπνησας;
913 1265 1132 1351 Ἐδείπνησα,
1162 1268 1265 1353 φημί,
1287 1267 1365 1348 κῦρε,

144 1397 168 1433 ιο
183 1377 306 1460 ῥήματα
328 1374 435 1457 κυρίου
458 1374 534 1458 δλην
557 1377 612 1457 τὴν
636 1372 742 1438 νύκτα.
789 1371 915 1450 Καλῶς,
939 1371 1046 1456 φησίν,
1073 1371 1202 1457 ἔλαβόν
1228 1393 1281 1450 σε;
1310 1369 1364 1437 Ns.

182 1480 270 1564 φημί,
294 1479 390 1561 κύριε.
437 1481 466 1544 9.
490 1477 566 1557 Νῦν,
590 1477 682 1562 φησί,
706 1476 735 1541 τί
758 1476 863 1552 θέλεις
892 1484 1016 1557 πρῶτον
1048 1477 1218 1559 ἀκούσαις
1254 1475 1365 1549 Καθύς,

182 1584 270 1669 φημί,
294 1583 391 1666 κύριε,
415 1582 471 1647 ἀπ’
494 1584 592 1667 ἀρχῆς
615 1581 750 1659 ἔδειξας·
785 1581 890 1663 ἐρωτῶ
913 1600 960 1658 σε,
983 1579 1085 1662 κύριε,
1111 1582 1183 1660 ἵνα,
1210 1582 1364 1657 καθύςέν

182 1710 219 1752 σε
241 1687 447 1771 ἔπερωιησω,
477 1690 558 1751 ούτω
590 1709 641 1771 μοι
670 1689 723 1750 καί
755 1685 907 1771 δηλώσης.
954 1684 1083 1762 Καθὼς
1116 1686 1252 1772 βούλει,
1282 1685 1364 1770 φησίν.

184 1796 265 1857 ούτω
289 1814 337 1856 σοι
360 1794 413 1855 καί
438 1791 574 1856 ἔπιλύσω
597 1793 650 1855 καί
674 1791 764 1854 ούδέν
788 1790 868 1865 ύλως
891 1790 1070 1872 ἀποκρύψω
1097 1792 1169 1854 ἀπὸ
1195 1802 1267 1856 σοῦ.

146 1925 171 1962 ιι
274 1895 336 1964 12.
360 1895 505 1979 Πρῶτον,
535 1895 622 1980 φημί,
655 1896 795 1974 ποίντων,
829 1893 932 1975 κύριε,
961 1893 1055 1957 τοῦτό
1081 1916 1138 1978 μοι
1165 1890 1364 1981 δήλωσονή

183 2002 281 2084 πέτρα
303 2003 356 2064 καί
379 2000 399 2083 ἡ
422 2000 504 2085 πύλη
528 2000 572 2076 τίς
597 1999 696 2079 ἐστιν,
728 1996 767 2062 Ἡ
789 1996 902 2080 πέτρα,
926 1996 1038 2081 φησίν,
1064 2001 1153 2083 αὕτη
1179 2003 1239 2065 καί
1263 2001 1283 2084 ἡ
1303 1997 1365 2078 πύλη
1412 2034 1414 2047 =

185 2107 202 2170 ὁ
225 2106 289 2182 υίδς
312 2115 367 2169 τοῦ
390 2108 469 2171 θεοῦ
499 2103 574 2167 ἔστί.
620 2101 702 2183 Πῶς,
726 2102 814 2187 φημί,
838 2101 940 2184 κύριε,
965 2100 986 2183 ἡ
1008 2100 1116 2185 πέτρα
1139 2105 1273 2170 παλαιοί
1294 2104 1366 2168 ἔστι.

184 2210 262 2294 ἠδὲ
284 2209 367 2294 πύλη
394 2208 503 2292 καινή;
537 2208 673 2287 Ἄκουε,
697 2206 788 2292 φησί,
820 2207 874 2269 καί
897 2205 998 2285 σύνιε,
1028 2207 1187 2276 ἀσύνετε.
1239 2215 1270 2278 2.
1293 2207 1367 2291 ὀρθ

187 2315 251 2389 οίδς
274 2323 328 2376 τοῦ
352 2315 431 2379 θεοῦ
454 2313 556 2397 πάσης
571 2322 625 2395 της
649 2311 780 2386 κτίσεως
795 2311 890 2373 αὐτοῦ
912 2307 1169 2394 προγενέστερός
1187 2313 1287 2393 ἐστιν,
1308 2313 1368 2376 tim

148 2446 173 2483 ιο
188 2416 363 2502 σύμβουλον
386 2418 481 2480 αύτὸν
503 2415 653 2501 γενέσθαι
677 2423 721 2499 τῷ
743 2415 835 2497 πατρί
850 2423 904 2496 τῆς
925 2413 1058 2490 κτίσεως
1076 2417 1204 2481 αὐτοῦ·
1231 2420 1285 2484 διὰ
1300 2427 1370 2480 τοῦτο

186 2523 240 2584 καί
263 2521 395 2596 παλαιός
419 2520 511 2587 ἔστιν,
558 2519 597 2583 ‘H
619 2520 653 2583 δὲ
669 2520 751 2605 πύλη
773 2520 853 2583 διατί
867 2517 969 2601 καινίη,
994 2519 1087 2603 φημί,
1114 2521 1232 2605 κύριε,
1256 2529 1288 2592 3.
1308 2520 1371 2594 'Os

187 2626 289 2710 φησίν,
314 2625 362 2689 ἐπ’
386 2625 529 2709 ἔσχσίτων
558 2634 620 2689 τῶν
641 2624 766 2709 ἡμερῶν
789 2635 843 2708 τῆς
870 2622 1048 2699 συντελείας
1073 2629 1227 2710 φανερὸς
1258 2627 1372 2714 ἐγένετο,

186 2731 237 2794 διὰ
259 2740 350 2795 τοῦτο
379 2733 471 2813 καινὴ
494 2728 617 2814 ἐγένετο
639 2728 660 2812 η
682 2729 782 2814 πύλη,
813 2730 865 2791 ίνα
888 2727 916 2791 σί
942 2726 1118 2809 μέλλοντες
1154 2731 1327 2811 σώζεσθαι
1345 2725 1373 2792 δι’

187 2838 282 2919 αὐτῆς
305 2838 352 2918 είς
375 2839 438 2920 τὴν
459 2834 636 2919 βασιλείαν
659 2833 841 2899 εἰσέλθωσι
873 2839 933 2898 τοῦ
953 2831 1050 2896 θεοῦ.
1102 2839 1136 2901 4.
1164 2834 1266 2917 εἶδες,
1289 2834 1376 2921 φησίν,

148 2968 174 3005 οι
187 2944 258 3016 τοὺς
282 2940 391 3015 λίθους
414 2941 486 3014 τούς
508 2937 559 3001 διὰ
581 2948 636 3021 τῆς
660 2936 760 3021 πύλης
783 2934 1028 3021 εἰσεληλυθότας
1055 2935 1105 3011 είς
1129 2939 1195 3023 τὴν
1221 2941 1377 3023 οἰκοδομὴν

187 3054 242 3107 τοῦ
265 3045 383 3128 πύργου
407 3040 660 3129 [βεβλημένους],
683 3043 755 3116 τοὺς
777 3040 812 3103 δὲ
835 3042 877 3123 μὴ
900 3037 1157 3122 εἰσεληλυθότας
1188 3045 1293 3110 πάλιν
1313 3045 1378 3107 ἀπο

188 3147 395 3233 βεβλημένους
418 3147 461 3221 είς
476 3148 529 3210 τὸν
552 3146 628 3209 ἴδιον
644 3146 755 3225 τύπον,
778 3142 881 3225 Εἶδον,
899 3142 985 3227 φημί,
1000 3143 1104 3226 κύριε.
1154 3145 1272 3231 Ούτω,
1289 3147 1379 3233 φησῖν,

260 3340 273 3390 1
294 3338 347 3412 γὰρ
366 3338 518 3394 Gtautem
531 3336 561 3400 L,
580 3339 646 3390 οιΑ
661 3337 697 3407 16
716 3335 886 3409 παρθένοισι
900 3334 936 3403 -ί-
948 3337 977 3387 et
995 3349 1060 3386 cum
1078 3334 1297 3394 adol-essemus
1309 3339 1380 3393 deum

188 3424 291 3496 L¹113
310 3446 342 3483 σε
355 3445 361 3478 :
374 3446 425 3483 σου
444 3424 469 3479 G
493 3430 497 3487 Ι
521 3424 555 3477 22
575 3421 692 3495 ἐσχάτου
711 3426 735 3478 G
757 3425 761 3494 Ι
782 3425 816 3478 26
833 3421 1017 3498 βεβλημένους
1035 3420 1101 3476 UA
1112 3423 1173 3492 (11²)
1190 3431 1252 3495 :>
1265 3429 1291 3485 G
1304 3430 1310 3499 Ι
1324 3427 1381 3485 εἰσι·

189 3513 345 3583 ληλυθύτας
364 3510 469 3570 ίιέΑίῙοΞ
479 3510 506 3580 ‘?)
519 3528 526 3562 :
539 3509 609 3581 ἒληλ
631 3510 655 3566 G

224 3693 247 3745 7.
267 3688 468 3761 προσηύχοντο]
487 3687 643 3742 Nonnullos
656 3686 764 3757 priseos
791 3688 816 3749 4.
829 3689 860 3749 43
879 3686 961 3740 Dent„
974 3683 998 3747 8,
1009 3683 1040 3747 3;
1063 3683 1182 3745 Eccles.
1193 3691 1222 3755 5,
1240 3692 1287 3756 10;
1306 3691 1379 3747 cleis

190 3775 286 3829 fideles
313 3776 390 3828 totas
418 3778 515 3830 noctes
543 3775 571 3828 in
590 3774 718 3829 oratione
736 3777 765 3828 et
792 3774 836 3827 Ad
853 3772 922 3844 virg.
942 3772 974 3834 ΙΙ,
996 3772 1021 3825 2.

190 3866 275 3916 centu
292 3861 465 3931 psalmorum
477 3861 648 3932 transegisse
665 3864 765 3915 notum
828 3861 870 3915 12.
889 3858 993 3928 Incipit
1016 3859 1193 3929 explicatio.
1235 3866 1281 3922 ci.
1301 3863 1381 3921 Prole

192 3951 235 4001 est
247 3947 377 4016 (Hessle).
396 3980 430 3987 —
448 3948 587 4023 δευτέρας]
601 3949 618 4002 i.
633 3965 656 4002 e.
675 3963 764 4016 usque
792 3965 866 4018 gom.
886 3964 907 4002 υ.
926 3948 950 4001 5.

193 4034 229 4086 ού
255 4035 353 4088 horam
381 4041 511 4090 octavam
538 4035 692 4091 secundum
716 4053 764 4090 no·
829 4036 852 4087 1.
871 4033 969 4107 πέτρα]
998 4031 1042 4087 Of·
1069 4032 1175 4095 [Gor.
1196 4041 1249 4107 10,
1268 4043 1300 4096 4:
1330 4037 1383 4110 ηύέ

191 4123 279 4174 σίτοιο
297 4124 432 4192 temporis
451 4125 699 4193 computationem.
791 4121 880 4195 πέτρα
898 4119 932 4191 ἦν
949 4119 965 4176 δ
984 4123 1123 4192 Χριστός.
1170 4125 1206 4181 In
1233 4125 1382 4184 veterrimis

226 4207 250 4261 8.
269 4207 379 4282 ῥήματα
395 4209 485 4280 salef.
499 4210 563 4264 Luc.
576 4211 644 4275 4,4;
663 4210 764 4265 Matth.
793 4207 965 4262 chistianae
992 4208 1133 4277 picturae
1163 4220 1196 4272 et
1229 4221 1381 4289 sculptum
