2834 5018
506 649 684 705 russum
706 651 739 711 v,
762 651 836 705 1-9.
1217 657 1256 720 51

161 827 200 891 V.
237 828 377 912 Propter
399 829 459 892 hoc
481 829 563 891 enirn
588 828 730 892 dominus
753 827 903 892 sustinuit
931 850 1054 893 carnem
1079 831 1201 894 tradere
1226 830 1260 894 in

73 934 263 1017 perniciem,
289 938 326 996 ut
349 933 530 996 remissione
552 936 754 1014 peccatormu
777 931 1062 1010 sanctificaremur,
1098 936 1182 1018 quod
1211 938 1260 998 est

75 1040 107 1101 in
129 1039 315 1121 aspersione
339 1037 503 1121 sanguinis
526 1038 603 1101 eius.
650 1039 678 1100 2.
710 1037 869 1121 Scriptum
892 1043 940 1101 est
962 1039 1045 1103 enim
1069 1040 1107 1103 de
1130 1061 1167 1103 eo
1190 1044 1258 1103 tum

76 1143 114 1206 ad
138 1142 249 1219 lsrael,
273 1148 343 1206 tum
366 1144 406 1207 ad
428 1165 494 1206 nos,
528 1143 614 1207 Dicit
629 1147 734 1207 nutem
751 1143 814 1207 sic:
846 1145 1040 1207 Vulneratus
1058 1153 1109 1207 ecl
1118 1152 1259 1225 propter

76 1254 274 1328 interdictos
304 1257 440 1311 nostras
470 1256 503 1311 el
525 1249 706 1311 incestatas
730 1255 781 1310 est
798 1256 938 1328 propter
961 1257 1100 1328 peccata
1122 1256 1285 1328 nostra;s

80 1356 185 1417 litore
209 1358 282 1415 εἰπε
305 1371 367 1415 nos
389 1357 503 1415 srrrralr'
524 1371 648 1415 sarnus.
697 1354 865 1432 Tanquam
894 1358 965 1416 ocis
996 1355 1042 1416 ad
1062 1358 1259 1416 occisionem

78 1461 198 1521 (irretito
214 1466 267 1520 est
283 1466 316 1520 el
330 1462 417 1520 siem
432 1477 538 1537 aynau
554 1467 665 1520 rautrts
684 1459 883 1535 fratrorum
900 1459 1053 1521 candente
1067 1477 1113 1521 se.
1142 1459 1171 1522 3.
1185 1456 1257 1522 lda-

76 1563 177 1625 ximas
210 1560 311 1644 igitur
345 1562 464 1645 gratias
497 1582 590 1645 agere
625 1561 774 1625 debemus
812 1561 954 1638 domino,
988 1563 1072 1646 quod
1104 1566 1136 1625 et
1165 1583 1257 1646 prae-

75 1667 169 1729 terita
192 1665 287 1729 nobis
310 1666 450 1729 ostendit
473 1670 505 1729 et
527 1666 560 1728 in
582 1666 804 1747 praesentibus
825 1688 884 1729 nos
908 1666 1057 1743 erudivit,
1089 1666 1182 1730 etde
1205 1665 1257 1729 fu-

75 1771 154 1834 turis
178 1792 244 1834 non
268 1792 377 1834 sumus
401 1771 467 1833 sine
490 1769 663 1832 intellectu.
697 1770 726 1831 l.
752 1768 839 1833 Dicit
862 1774 967 1833 autem
989 1771 1160 1853 scriptura:
1184 1774 1259 1834 Non
1273 1792 1298 1829 ιο

75 1881 203 1939 iniuste
226 1878 407 1939 tendantur
429 1880 516 1938 relic
539 1876 664 1937 aribus.
711 1872 782 1937 Hoc
805 1874 890 1948 dicit,
922 1874 1004 1938 iuste
1026 1875 1130 1957 perire
1153 1875 1257 1939 homi·

75 2003 162 2055 nem,
198 1979 253 2063 qui
275 1979 489 2062 cognitionem
523 1978 642 2042 habens
674 1978 742 2040 viae
771 1977 910 2042 iustitiae
933 2000 1001 2042 sese
1033 1984 1195 2042 convertet
1225 1981 1258 2044 in

76 2084 158 2147 riam
183 2085 399 2148 tenebrarum.
439 2084 467 2146 5.
493 2082 608 2146 Adhuc
632 2086 738 2145 autern
762 2087 794 2146 et
816 2082 883 2157 hoo,
908 2082 1023 2146 iratres
1046 2083 1124 2146 mei:
1150 2083 1177 2145 si
1200 2084 1257 2147 do·

76 2190 179 2253 minus
204 2187 357 2252 sustinuit
378 2188 446 2270 pati
467 2209 525 2271 pro
556 2187 661 2251 anima
688 2193 816 2265 nostra,
849 2210 921 2253 cum
950 2189 992 2253 sit
1020 2189 1117 2252 totius
1147 2189 1258 2253 mundi

76 2294 232 2367 dominus,
257 2293 307 2356 cui
330 2291 410 2355 dixit
432 2293 508 2356 deus
530 2291 564 2355 in
587 2292 811 2357 constitutione
843 2294 966 2356 mundi:
1002 2296 1179 2357 Faciamus
1200 2297 1297 2363 lio-15

78 2408 198 2464 mirram
224 2402 271 2463 ad
292 2405 469 2478 imaginem
493 2408 525 2463 et
547 2401 593 2462 ad
619 2400 872 2462 stercilitadirrem
900 2408 1070 2478 nostran&
1101 2399 1257 2482 quomodo

76 2505 176 2589 igitur
200 2524 258 2587 per
280 2525 409 2566 monum
439 2502 602 2566 hominum
630 2502 699 2585 pati
721 2503 894 2566 sustinuit?
937 2503 1069 2567 Discite.
1115 2505 1144 2567 6.
1178 2502 1256 2566 Pro-

76 2609 192 2692 phetae
229 2608 270 2671 ab
305 2627 341 2670 eo
372 2607 509 2690 gratiam
540 2605 694 2670 habentes
730 2606 767 2670 de
799 2628 835 2670 eo
866 2607 1155 2690 prophetaverunt;
1190 2609 1257 2690 ipse

76 2719 202 2789 autem,
230 2711 305 2795 quia
327 2711 360 2774 in
384 2733 477 2775 cerne
500 2710 668 2794 oportebat
690 2732 761 2774 eum
786 2733 952 2794 apparere,
987 2718 1023 2777 ut
1044 2718 1179 2776 mortem
1202 2713 1257 2776 de·

76 2821 212 2881 strueret
235 2822 268 2879 et
288 2816 548 2879 resurrectionem
572 2838 590 2878 a
612 2815 745 2878 mortuis
768 2816 955 2892 ostenderet,
981 2817 1140 2893 sustinuit,
1167 2818 1195 2881 7.
1220 2822 1255 2881 ut
1269 2845 1295 2882 ro

74 2921 223 3004 patribus
239 2920 429 3002 promissum
445 2919 598 2994 redderet,
616 2918 730 3000 etipse
745 2921 898 3003 populum
912 2941 1030 2984 novum
1047 2921 1107 2985 sibi
1129 2943 1255 3004 parens,

75 3048 146 3089 cunr
170 3025 204 3088 in
227 3028 314 3088 terra
337 3028 428 3099 esset,
451 3024 639 3098 ostenderet,
664 3024 891 3088 resurrectione
913 3024 1000 3088 facta
1023 3047 1056 3088 se
1080 3025 1184 3107 ipsum
1206 3026 1256 3089 iu-

76 3132 255 3195 dicaturum
279 3152 355 3193 esse.
389 3130 417 3192 8.
442 3128 542 3192 Porro
566 3128 681 3191 docens
704 3126 802 3191 Israel
825 3150 861 3192 ac
883 3133 949 3192 tam
971 3151 1089 3214 magna
1111 3129 1257 3212 prodigis

75 3241 107 3299 et
130 3236 226 3320 signa
249 3234 368 3297 faciens
391 3231 606 3316 praedicabat,
640 3236 671 3294 et
693 3230 784 3296 valde
806 3232 960 3316 diligebat
984 3254 1064 3297 eum.
1111 3233 1141 3296 9.
1178 3231 1257 3297 Cum

75 3344 182 3403 autem
207 3337 369 3420 apostolos
399 3358 472 3401 suos
503 3335 603 3419 ipsius
633 3334 832 3418 evangelium
853 3337 1090 3418 praedicaturos
1114 3338 1254 3421 eligeret,
1271 3372 1296 3409 2⁶

147 3513 164 3564 5
185 3509 237 3563 les.
257 3509 299 3573 53,
319 3509 343 3562 5.
363 3508 386 3560 7.
404 3538 437 3547 -
459 3511 488 3562 11
509 3506 589 3560 Prov.
607 3508 629 3567 l,
651 3505 691 3559 17.
710 3536 743 3543 -
767 3506 798 3559 16
817 3505 883 3560 Gen.
905 3508 927 3570 1,
947 3509 988 3561 26.

77 3654 111 3706 de
130 3651 262 3707 doctrina
281 3651 341 3705 eius
361 3650 534 3713 vivificante,
557 3652 655 3718 futuro
682 3650 785 3702 Locum
812 3647 911 3702 landet
930 3647 1066 3717 Seru-pion
1090 3649 1256 3703 Thmuensis

76 3742 109 3794 de
129 3739 235 3794 iudicio
262 3742 394 3798 venturo,
420 3737 496 3804 quod
520 3737 655 3791 mandata
681 3736 710 3788 in
732 3735 951 3789 sacramentario
971 3753 997 3788 n.
1011 3735 1042 3790 31
1065 3753 1091 3804 p.
1112 3735 1143 3789 21
1165 3737 1258 3803 (Teste

76 3828 134 3881 eius
155 3828 301 3880 servantes
320 3825 495 3894 effugiemus.
680 3825 739 3878 aad
761 3823 1011 3892 Untersuclmnaen,
1039 3823 1076 3875 N.
1096 3823 1129 3875 F.
1149 3822 1186 3884 ΙΙ,
1206 3822 1256 3892 3¹²).

108 3914 133 3968 4.
153 3913 192 3981 εἰς
211 3914 277 3970 ὁδὸν
295 3933 337 3969 aa.
357 3911 415 3981 du]
439 3912 458 3967 i.
476 3928 499 3965 e.
520 3909 652 3964 caerimo-

76 4001 136 4054 nias
155 4000 282 4053 iudaicus
296 3998 406 4062 retinet,
428 4015 498 4064 quas
517 4013 605 4050 vanas
624 3999 654 4049 et

76 4086 172 4141 inanes
192 4102 254 4140 esse
275 4086 424 4140 intellexit.
446 4085 487 4139 cf.
507 4104 531 4137 v.
551 4087 574 4138 2.

108 4177 132 4228 5.
151 4173 326 4244 ποιήσωμεν]
348 4174 379 4226 In
391 4172 494 4242 plurali
507 4174 605 4225 auctor
618 4188 652 4224 sr-

77 4265 121 4315 cut
140 4261 199 4315 fere
230 4276 327 4315 omnes
355 4263 468 4328 patres,
497 4277 519 4312 e.
540 4278 566 4329 g.
585 4258 652 4313 lust.
716 4242 740 4294 7·
759 4239 920 4308 ἀνάῦῖθῑσῑν]
940 4254 976 4291 ⁸⁰·
996 4239 1177 4303 mmmmm,
1198 4256 1256 4292 non

77 4347 248 4407 1521·ssss&
264 4347 389 4416 Theoph,
402 4347 447 4400 Ad
456 4346 551 4400 Autop,
561 4346 594 4408 Π,
607 4346 652 4407 ls;
680 4328 775 4398 ipsius,
793 4330 826 4382 ut
844 4329 991 4380 contextus
1009 4326 1121 4397 (κρινεῖ)
1139 4326 1228 4380 docet.

77 4432 189 4489 Tertull.
210 4435 280 4487 Adv.
301 4434 382 4488 Prux.
402 4451 424 4486 c.
442 4434 486 4495 12;
525 4433 602 4503 Orig.
623 4433 668 4505 C.¹
714 4433 738 4485 9.
758 4431 834 4501 Orig.
864 4428 892 4483 G.
922 4428 991 4483 Cels.
1015 4428 1042 4490 1,
1061 4429 1102 4483 63.
1140 4430 1254 4486 Hieron.

79 4521 144 4575 Cels.
159 4522 193 4583 ΙΙ,
207 4522 233 4582 9,
248 4520 449 4574 allocutionem
461 4519 546 4583 videt,
566 4536 653 4585 quum
665 4510 668 4559 Ι
680 4518 749 4570 Adv.
768 4518 862 4587 Pelag.
881 4515 928 4580 111,
942 4515 958 4568 2
977 4517 1022 4585 (—
1040 4514 1254 4592 ἀνομωτὲρους).

79 4606 143 4661 lecit
169 4606 245 4661 Deus
273 4610 356 4675 pater
385 4606 421 4659 nd
440 4606 527 4661 Deum
555 4562 714 4695 filiumi-
732 4604 907 4672 ἀποστόλους
923 4602 993 4672 κτλ.]
1013 4603 1050 4658 Cf
1075 4605 1099 4668 8,
1119 4606 1143 4659 3.

1005 4693 1048 4762 4*

716 3948 740 4003 6.
756 3943 804 4001 ‘ivor
813 3976 848 3983 -
857 3943 1064 4017 φανερωθῆναι]
1077 3943 1255 4012 parenthesis

681 4037 731 4087 est.
749 4064 784 4071 —
801 4030 957 4101 ὑπέμεινεν]
977 4030 1199 4100 Subintellegas:
1229 4033 1257 4084 et

680 4119 861 4189 prophetiam
879 4117 1016 4187 implevit.
