2834 5018
177 310 218 376 gg
669 307 866 362 mamma

177 483 321 564 ἀσθενές,
346 485 388 560 ὡς
411 483 543 569 ἀληθῶς
566 483 769 567 οἰκοδομητδς
792 485 865 559 ναός
888 484 939 546 διά
962 484 1083 566 χειρός,
1107 486 1153 547 ότι
1177 483 1214 569 ν’,ν
1238 483 1358 568 πλήρης

176 590 232 672 μέν
257 588 513 671 εἰδωλολατρείας
536 589 589 651 καί
612 586 650 673 ἧν
674 586 758 663 οίκος
782 588 948 670 δαιμονίων
972 589 1023 651 διὰ
1046 590 1081 651 τδ
1104 597 1212 668 ποιεῖν,
1237 591 1297 652 όσα
1320 587 1357 674 ἧν

176 691 300 757 ἐναντία
322 700 366 775 τῷ
391 696 471 776 θεῷ.
518 697 547 760 8.
574 691 891 776 Οἰκοδομηθὴοεται
915 691 951 755 δὲ
975 693 1030 756 ἐπὶ
1061 699 1108 775 τῷ
1132 694 1274 773 ὀνόματι
1299 716 1357 757 κυ-

177 801 271 883 ρίου·
304 797 474 880 προσέχετε
497 796 550 876 δέ,
573 799 625 861 ἵνα
649 797 666 860 ό
689 799 761 873 ναδς
785 806 840 860 τοῦ
863 797 971 879 κυρίου
995 794 1126 873 ἐνδόξως
1150 796 1356 882 οίκοδομηθη.

152 913 253 984 οπως,
277 903 408 987 μάθετε.
442 902 588 988 λαβόντες
611 905 667 985 τὴν
691 904 802 985 ἄφεσιν
825 911 887 965 τῶν
911 903 1068 986 ἁμαρτιῶν
1099 904 1152 966 καί
1176 902 1358 978 ἐλπίσαντες

176 1010 226 1073 ἐπί
249 1013 284 1073 τὸ
308 1013 406 1093 όνομα
430 1008 606 1093 ἐγενόμεθα
621 1009 733 1090 καινοί,
759 1007 853 1072 πάλιν
876 1007 909 1085 ἐξ
933 1009 1031 1091 ἀρχῆς
1046 1007 1235 1091 κτιζόμενοι·
1262 1009 1309 1071 διδ
1326 1006 1358 1071 ἐν

176 1123 219 1198 τῷ
243 1115 473 1200 κατοικητηρίῳ
496 1115 584 1199 ἡμῶν
608 1115 740 1199 ἀληθῶς
764 1114 781 1176 ό
805 1115 880 1188 θεδς
896 1122 1036 1176 κατοικεῖ
1060 1111 1093 1176 ἐν
1108 1112 1189 1196 ημῖν.
1207 1116 1249 1208 ,9.
1274 1123 1357 1193 πῶς,

176 1219 193 1281 ό
216 1218 310 1302 λόγος
338 1221 433 1282 αὐτοῦ
462 1230 517 1303 τῆς
546 1220 697 1298 πίστεως,
731 1218 884 1302 ἡκλησις
914 1220 1008 1281 αύτοῦ
1032 1227 1086 1300 τῆς
1115 1216 1313 1301 ἐπαγγελίας,
1337 1217 1358 1300 η

176 1323 272 1406 σοφία
295 1332 356 1388 τῶν
388 1325 623 1407 δικαιωμάτων,
656 1323 688 1386 αἱ
711 1323 833 1387 ἐντολαί
856 1333 910 1406 τῆς
940 1322 1083 1406 διδαχῆς,
1114 1323 1206 1396 αύτδς
1230 1321 1262 1385 ἐν
1286 1322 1348 1406 ημῐ·

138 1442 163 1478 1⁰
176 1429 395 1513 προφητεύων,
428 1431 520 1505 αύτδς
547 1429 579 1494 ἐν
602 1429 674 1513 ἡμῖν
697 1437 864 1508 κατοικῶν,
888 1431 959 1502 τοὺς
983 1435 1027 1509 τῷ
1051 1427 1182 1510 θανάτῳ
1206 1426 1359 1490 δεδουλω-

176 1532 287 1616 μένους
310 1533 444 1617 άνοίγων
467 1534 538 1617 ἡμῖν
562 1537 622 1617 τὴν
647 1533 748 1616 θύραν
771 1543 826 1596 τοῦ
849 1544 944 1612 ναοῦ,
978 1533 994 1594 ό
1019 1530 1101 1595 ἐστιν
1124 1531 1241 1613 στόμα,
1266 1533 1358 1615 μετοί-

177 1659 263 1702 νοιαν
286 1639 387 1715 διδούς
404 1639 486 1722 ημῖν,
512 1639 632 1724 εἰσάγει
656 1639 699 1715 εἰς
715 1640 767 1703 τδν
790 1640 955 1721 ἄφθαρτον
972 1638 1055 1702 ναόν.
1106 1639 1155 1703 10.
1180 1636 1196 1698 ό
1219 1639 1280 1719 γὰρ
1303 1659 1358 1700 πο-

176 1745 246 1808 aaa
271 1746 414 1828 σωθῆναι
439 1743 545 1829 βλέπει
569 1746 627 1807 οὐκ
649 1744 692 1819 είς
715 1745 768 1806 τδν
784 1744 964 1824 ἄνθρωπον,
989 1741 1061 1805 ἀλλ’
1082 1741 1124 1815 είς
1147 1742 1200 1804 τόν
1224 1740 1257 1804 ἐν
1272 1742 1356 1823 αύτῷ

176 1857 384 1911 κατοικοῦντα
407 1850 460 1911 καί
477 1846 644 1926 λαλοῦντα,
669 1846 719 1910 ἐπ’
743 1848 827 1931 αύτῷ
845 1845 1108 1932 ἐκπλησσόμενος,
1132 1846 1180 1908 ἐπί
1204 1853 1248 1927 τῷ
1266 1845 1357 1930 μηδέ-

138 1963 162 2001 ¹⁶
175 1972 252 2014 ποτε
284 1950 361 2035 μήτε
390 1962 445 2015 τοῦ
469 1950 614 2036 λέγοντος
644 1953 682 2014 τά
706 1952 829 2036 ῥήματα
860 1951 1030 2037 ἀκηκοέναι
1060 1951 1097 2013 ἐκ
1119 1960 1174 2013 τοῦ
1204 1950 1357 2034 στόματος

176 2055 253 2138 μήτε
276 2055 368 2130 αύτός
391 2077 467 2119 ποτε
500 2055 764 2140 ἐπιτεθυμηκέναι
789 2056 924 2121 ἀκούειν.
971 2056 1062 2119 τοῦτό
1086 2055 1168 2118 ἐστιν
1191 2076 1356 2138 πνευματι-

175 2160 230 2234 κός
254 2161 328 2235 ναδς
351 2160 611 2243 οἰκοδομούμενος
633 2168 677 2243 τῷ
700 2159 807 2244 κυρίῳ.

263 2265 366 2331 XVII.
399 2263 471 2347 Ἐφ’
493 2267 566 2328 όσον
590 2263 627 2349 ἦν
651 2263 684 2328 ἐν
708 2265 829 2347 δυνατῷ
853 2265 906 2327 καί
930 2263 1080 2348 ἁπλότητι
1112 2264 1252 2349 δηλῶσαι
1275 2263 1355 2346 ύμῖν,

175 2365 291 2445 ἐλπίζει
314 2389 374 2450 μου
396 2367 417 2451 η
440 2368 543 2452 ψυχή,
567 2379 606 2452 τῇ
628 2368 786 2453 ἐπιθυμίᾳ
808 2391 868 2453 μου
891 2372 932 2452 μὴ
956 2369 1219 2451 παραλελοιπέναι
1243 2391 1270 2432 τι
1295 2378 1355 2432 τῶν

136 2488 161 2524 2⁰
175 2472 355 2556 ἀνηκόντων
380 2474 422 2549 είς
445 2475 609 2560 σωτηρίαν.
657 2479 690 2541 2.
714 2474 768 2539 ἐὰν
792 2478 853 2559 γὰρ
868 2477 936 2556 περί
959 2482 1021 2539 τῶν
1038 2472 1216 2539 ἐνεστύτων
1239 2475 1260 2556 ἡ
1283 2473 1354 2557 μελ-

175 2574 293 2640 λόντων
317 2577 428 2661 γράφω
444 2579 524 2662 ύμῖν,
548 2582 584 2644 ού
608 2583 650 2663 μὴ
670 2579 807 2663 νοήσητε
830 2579 880 2642 διὰ
902 2580 937 2640 τό
954 2577 986 2641 ἐν
1009 2576 1202 2662 παραβολαῖς
1217 2580 1355 2642 κεῖσθαι.

174 2690 273 2745 ταῦτα
296 2684 352 2766 μὲν
376 2686 483 2760 ούτως.

262 2788 379 2854 XVIII.
413 2786 604 2874 Μεταβῶμεν
637 2791 672 2853 δέ
698 2790 752 2852 καί
775 2787 824 2850 ἐπί
864 2785 971 2868 ἑτέραν
995 2797 1109 2869 γνῶσιν
1139 2786 1192 2849 καί
1216 2786 1356 2868 διδαχὴν.

244 2926 261 2979 2
277 2930 324 2982 καὶ
341 2925 419 2997 Vr>
436 2926 462 2978 V
477 2927 481 2996 1
497 2924 574 2994 σίκυς
585 2928 620 3000 -1-
634 2927 845 3001 είδωλυλατρεία
864 2924 897 2997 lav
917 2922 993 2992 οἶκος
1010 2924 1034 2977 V
1060 2927 1064 2993 Ι
1089 2924 1105 2977 3
1124 2923 1167 2980 ἐπὶ
1178 2927 1212 2991 >
1230 2924 1256 2977 Η
1272 2926 1310 2993 14
1327 2923 1355 2980 δὲ

174 3010 288 3080 θΗι>
308 3012 352 3066 VL
377 3014 381 3083 1
407 3016 545 3081 τοῦ>1ί
570 3016 574 3084 1
600 3019 697 3088 κυρίου
715 3016 741 3069 V
761 3016 856 3071 Clem:
872 3020 943 3071 θεοῦ
964 3013 1009 3067 sH
1035 3013 1038 3082 1
1065 3011 1185 3069 θαύτοῦ
1208 3015 1299 3079 see>
1319 3010 1354 3079 81

173 3098 189 3151 9
209 3115 249 3164 sq.
269 3098 354 3168 αύτὸς
366 3097 395 3155 έν
413 3103 478 3171 ἡμῖν
490 3121 576 3175 προφ.
588 3104 622 3168 >
632 3101 658 3154 Η
674 3102 678 3172 1
697 3102 729 3157 10
742 3118 782 3168 sq.
803 3120 864 3158 τοισ
884 3146 889 3157 .
905 3143 911 3155 .
932 3099 1183 3169 δεδουλωμενοισ8
1199 3102 1203 3167 1
1223 3101 1357 3171 11τ1ν>

173 3183 198 3236 V
214 3184 217 3255 1
236 3185 268 3237 14
286 3183 446 3243 ἐνοικοῦντα
459 3188 485 3242 V
501 3188 504 3258 1
521 3187 564 3244 ἐπ’
577 3207 583 3240 ι
598 3187 628 3245 ἐν
648 3188 674 3241 Η
690 3190 694 3259 1
712 3191 744 3244 16
766 3198 851 3246 τοῦτο
866 3191 894 3253 1-
911 3188 940 3245 a
953 3189 979 3242 H
995 3189 998 3258 1
1017 3188 1048 3242 19
1067 3191 1102 3257 τῇ
1115 3185 1249 3264 ἐπιθυμίᾳ
1261 3190 1356 3257 aaa>

175 3272 199 3325 Η
215 3274 219 3341 1
244 3293 269 3327 τι
284 3291 289 3324 :
302 3272 337 3342 μέ
356 3294 382 3329 τι
402 3273 425 3326 V
450 3276 453 3343 1
480 3276 512 3330 19
531 3293 572 3343 sq.
595 3283 653 3332 τῶν
671 3275 836 3347 ἀνηκόντων
849 3295 855 3328 ι
867 3277 902 3345 -1-
915 3274 979 3345 ύμῖν
998 3275 1112 3342 V‚>H
1137 3276 1141 3344 1
1166 3275 1200 3328 20
1216 3275 1255 3342 εἰς
1272 3295 1356 3344 σωτη-

173 3359 302 3432 ριάνι-1-
315 3358 475 3418 ἐνεστώτων
492 3361 608 3430 V,>H
624 3365 628 3435 1
644 3362 812 3421 ἐνεστώτων
830 3366 888 3435 ἢ)
906 3362 932 3415 V
948 3364 951 3434 1
968 3364 1001 3417 ‘23
1020 3368 1066 3421 καὶ
1084 3362 1129 3419 ἐπὶ
1149 3362 1199 3416 HV
1212 3382 1218 3415 ι
1231 3383 1268 3434 aa
1287 3366 1305 3418 S

174 3484 203 3535 et
221 3482 339 3538 lectores
359 3483 535 3538 Christianos
561 3502 576 3539 υ
595 3486 750 3555 gentilibus
763 3488 766 3565 1
779 3485 872 3539 verbis
891 3486 935 3541 διὰ
948 3487 981 3542 τὸ
994 3495 1084 3543 ποιεῖν
1095 3492 1153 3542 κτλ.
1174 3486 1243 3539 satis
1257 3486 1356 3541 elucet.

174 3569 269 3624 fuisse.
290 3570 440 3624 Virrecte.
463 3572 608 3627 Barnabas
628 3570 927 3629 fortasselllarnabas
962 3571 1082 3626 ludaeos
1115 3572 1281 3627 idololatras
1309 3590 1355 3641 ap-

174 3656 285 3711 tristem
298 3657 409 3727 generis
429 3658 546 3711 humani
558 3663 664 3713 statum
684 3665 750 3716 ante
778 3658 874 3728 pellat,
896 3660 964 3727 quia
977 3659 1111 3722 fecerunt,
1132 3677 1204 3726 quae
1218 3660 1278 3714 Deo
1294 3678 1355 3714 con·

175 3744 326 3798 adventum
340 3744 446 3799 Christi
458 3745 505 3798 hia
523 3746 681 3802 describere
695 3748 750 3802 dici
778 3746 866 3799 traria
885 3750 964 3801 sunt.
986 3748 1174 3812 Quamobrem
1187 3747 1287 3802 Henke
1301 3765 1357 3801 ver·

173 3834 276 3897 potest.
309 3831 363 3885 Sed
374 3831 486 3885 etiamsi
496 3835 673 3898 concesseris,
688 3852 751 3888 eum
777 3833 815 3886 ba
842 3835 898 3906 πρὸ
927 3855 950 3890 τ.
972 3837 994 3906 1.
1025 3844 1169 3892 πιστεῦσαι
1201 3836 1273 3889 bene
1304 3836 1358 3888 hoc

175 3917 208 3969 tle
238 3934 298 3971 sese
326 3936 359 3972 ac
392 3919 545 3973 lectoribus
580 3921 637 3974 suis
664 3921 750 3989 loqui,
778 3920 862 3974 modo
882 3921 1100 3990 interpretatur:
1131 3924 1284 3989 antequam
1304 3923 1357 3976 fide

174 4005 270 4058 tamen
295 4005 437 4059 sententia
461 4007 511 4060 illa
537 4024 570 4061 ex
596 4007 651 4061 hoc
669 4025 751 4062 versu
778 4024 843 4060 vera
869 4007 1023 4061 christiana
1041 4008 1130 4062 Deum
1156 4010 1303 4063 coluimus.
1324 4040 1356 4047 -

174 4092 288 4159 probari
317 4093 424 4159 nequit.
472 4091 577 4148 Vocem
608 4094 750 4151 είδωλολα·
778 4090 1026 4166 οίκοςύαιμονίων]
1041 4095 1176 4151 Similiter
1189 4097 1356 4151 Valentinus

174 4180 251 4247 τρεία
277 4177 350 4231 enim
375 4179 480 4233 nonin
505 4196 588 4233 sensu
607 4179 749 4242 strictiori,
779 4179 925 4249 gnosticas
945 4198 993 4235 eor
1012 4182 1133 4236 hominis
1150 4185 1272 4237 infidelis
1291 4190 1356 4240 πολ-

175 4263 225 4316 setl
245 4264 377 4334 ampliori
395 4265 615 4337 intellegendam
634 4283 709 4329 esse,
736 4283 751 4319 e
778 4273 835 4322 λῶν
862 4270 1000 4337 δαιμόνων
1034 4269 1189 4344 οἰκητήριον
1222 4270 1356 4340 appellat.
