2834 5018
170 310 211 374 18
662 302 850 359 oocramn

167 480 374 563 προειπόντες,
397 481 585 563 βαπτίσατε
608 481 655 561 εἰς
679 480 718 544 τὸ
743 479 852 560 ὄνομα
875 487 936 545 τοῦ
959 483 1087 566 πατρὸς
1110 483 1166 546 καὶ
1186 487 1246 545 τοῦ
1270 485 1348 546 υἱοῦ

167 586 223 650 καὶ
247 590 306 649 τοῦ
329 585 425 666 ἁγίου
457 586 651 664 πνεύματος
681 582 714 647 ἐν
736 583 824 647 ὕδατι
856 583 957 662 ζῶντι.
1005 589 1033 650 2.
1059 585 1114 648 ἐὰν
1141 585 1176 648 δὲ
1205 588 1246 668 μὴ
1271 586 1348 669 ἔχῃς

167 688 250 769 ὕδωρ
272 688 351 767 ζῶν,
375 686 418 762 εἰς
441 686 520 751 ἄλλο
543 687 625 769 ὕδωρ
648 685 819 772 βάπτισον·
851 688 877 750 εἰ
901 686 930 751 δ’
954 689 990 751 οὐ
1013 688 1143 752 δύνασαι
1167 688 1199 752 ἐν
1223 688 1347 772 ψυχρῷ,

167 792 200 856 ἐν
223 796 342 875 θερμῷ.
389 794 418 856 3.
443 791 497 857 ἐάν
520 792 554 854 δὲ
577 792 740 875 ἀμφότερα
763 794 806 875 μὴ
822 793 906 876 ἔχῃς,
930 793 1041 876 ἔκχεον
1065 793 1108 868 εἰς
1131 795 1185 876 τὴν
1201 792 1347 876 κεφαλὴν

141 898 230 979 ττρίς
252 897 335 979 ὕδωρ
365 899 411 978 εἰς
435 899 545 978 ὄνομα
578 898 705 982 πατρὸς
729 899 784 963 καὶ
818 902 893 962 υἱοῦ
923 900 979 963 καὶ
1011 901 1108 982 ἁγίου
1140 902 1345 979 πνεύματος.

166 1004 196 1066 4.
220 1003 279 1083 πρὸ
302 1001 337 1064 δὲ
351 1011 405 1065 τοῦ
429 1001 639 1086 βαπτίσματος
654 1003 918 1087 προνήστευσάτω
945 1001 1135 1088 ὁβαπτίζων
1158 1003 1211 1064 καί
1235 1001 1347 1087 ὁβαπ-

166 1106 324 1188 τιζάμενος
346 1106 399 1167 καί
422 1108 451 1168 εἴ
472 1126 550 1181 τινες
574 1105 666 1169 ἄλλοι
689 1104 853 1170 δύνανται·
883 1106 1022 1182 κελεύεις
1044 1106 1079 1169 δὲ
1101 1116 1266 1189 νηστεῦσαι
1292 1108 1346 1169 τὸν

167 1209 389 1295 βαπτιζόμενον
411 1212 471 1293 πρὸ
495 1221 566 1293 μιᾶς
590 1212 611 1294 ή
634 1211 698 1275 δύο.

253 1316 340 1380 VIII.
363 1315 407 1379 Ar
419 1315 456 1379 ὁὲ
471 1323 623 1400 νήστεῖαι
638 1316 725 1399 ὑμῶν
741 1317 783 1398 μὴ
799 1316 941 1379 ἔστωσαν
957 1317 1118 1398 μετὰτῶν
1133 1319 1344 1401 ὑποκριτῶν·

128 1440 153 1477 ιο
167 1419 347 1502 νηστεύουσι
370 1422 430 1504 γὰρ
453 1419 582 1504 δευτέρᾳ
605 1419 772 1505 σαββάτων
797 1421 850 1482 καί
874 1418 1016 1503 πέμπτῃ·
1052 1419 1138 1502 ὑμεῖς
1160 1420 1195 1482 δὲ
1218 1419 1346 1503 νηστεύ·

165 1544 241 1586 σατε
256 1522 388 1606 τετράδα
410 1525 463 1587 καὶ
479 1524 691 1608 παρασκευήν.
740 1527 771 1588 2.
795 1524 873 1607 μηδὲ
888 1523 1124 1609 προσεύχεσθε
1140 1527 1186 1604 ὡς
1209 1526 1241 1587 οἱ
1257 1528 1344 1588 ὑπο-

165 1631 284 1711 κριταί,
307 1627 437 1704 ἀλλ’ὡς
460 1627 623 1691 ἐκέλευσεν
647 1629 664 1690 ὁ
686 1628 790 1711 κύριος
817 1628 909 1711 ἐντῷ
934 1627 1106 1712 εὐαγγελίῳ
1123 1628 1228 1705 αὐτοῦ,
1253 1631 1344 1691 οὕτω

164 1730 415 1816 προσεύχεσθε·
449 1733 565 1818 Πάτερ
595 1737 696 1817 ήμῶν
718 1735 736 1797 ὁ
760 1734 799 1798 ἐν
827 1740 875 1818 τῷ
900 1737 1051 1818 οὐρανῷ,
1082 1731 1281 1816 ἁγιασθήτω
1307 1732 1344 1794 τὸ

164 1838 274 1917 ὄνομά
298 1859 370 1918 σον,
394 1835 523 1903 ἐλθέτω
547 1842 568 1922 ή
591 1837 746 1923 βασιλεία
771 1860 843 1919 σου,
870 1838 1050 1923 γενηθήτω
1068 1838 1106 1901 τὸ
1121 1835 1257 1919 θέλημά
1282 1857 1345 1899 σου

235 1978 268 2031 14
284 1981 430 2049 γενηθήτω
448 1992 492 2029 em
505 1995 511 2029 τ
524 1979 689 2048 γεννηθήτω
708 1973 761 2028 eod

165 2112 214 2149 nes
234 2112 301 2166 ergo
318 2096 415 2150 fideles
435 2095 581 2164 baptizare
597 2100 739 2166 poterant.
767 2100 899 2151 anatura
912 2096 970 2153 sive
983 2097 1018 2150 ab
1028 2094 1189 2150 hominibus
1201 2094 1343 2157 effossum,

163 2182 262 2249 Neque
271 2187 366 2237 tamen
376 2182 441 2236 inde
450 2183 672 2237 concludendum
685 2186 737 2246 est,
767 2183 918 2239 cisternam
931 2185 977 2237 vel
996 2182 1115 2237 similem
1129 2182 1214 2235 aliam
1228 2199 1342 2249 aquam,

163 2286 260 2323 omnes
279 2269 384 2336 ubique
397 2274 601 2324 sacramentum
621 2269 737 2323 admini-
765 2270 849 2325 modo
868 2271 905 2325 sit
918 2271 1030 2340 frigida.
1051 2270 1131 2336 Quod
1145 2269 1250 2324 attinet
1263 2287 1344 2338 prae·

163 2360 274 2410 strasse.
295 2357 369 2411 Ordo
381 2356 545 2425 postulavit,
558 2361 592 2410 ut
605 2356 634 2409 in
650 2358 737 2410 eccle·
765 2358 936 2427 positionem
954 2358 1009 2426 εἰς,
1037 2357 1199 2420 consident,
1225 2356 1343 2410 verbum

163 2443 206 2496 sia
232 2444 389 2497 constituta
416 2444 574 2512 praepositi
603 2447 653 2498 aut
682 2442 738 2512 ipsi
763 2449 904 2520 βαπτίζειν
922 2447 1056 2500 denotare
1074 2443 1290 2497 immersionem.
1310 2473 1343 2482 -

162 2530 341 2600 baptizarent
360 2536 410 2585 aut
430 2532 464 2585 de
482 2531 655 2600 baptismate
674 2548 737 2585 con·
764 2532 798 2591 od
815 2532 939 2601 δύνασαι]
958 2531 976 2585 i.
995 2548 1018 2587 e.
1038 2531 1061 2584 si
1088 2530 1221 2583 valetudo
1249 2529 1342 2583 minus

162 2620 327 2672 sulerentur.
374 2619 414 2673 cf.
443 2618 502 2687 Ign.
531 2618 637 2686 Smyrn.
656 2618 685 2681 8,
704 2619 846 2679 2;:firma
864 2619 909 2673 vel
930 2623 1041 2687 tempus
1065 2616 1131 2669 anni
1150 2633 1231 2669 usum
1251 2633 1343 2683 aquae

163 2705 237 2761 Tert.
251 2705 292 2760 De
304 2707 381 2775 bapt.
393 2722 414 2758 c.
427 2705 466 2759 11.
485 2704 609 2759 Iustinus
623 2721 737 2772 quoque
764 2707 886 2775 frigidae
907 2706 936 2758 in
954 2704 1096 2773 baptismo
1116 2702 1343 2757 administrando

162 2793 243 2862 Apol
264 2793 283 2857 I,
302 2795 335 2848 61
362 2797 469 2846 certum
495 2791 663 2845 sacramenti
686 2790 736 2843 mi·
764 2811 820 2847 non
838 2792 986 2862 penuittit.

161 2881 280 2933 nistrum
298 2899 354 2935 non
372 2880 507 2935 nominat.
533 2909 568 2918 -
591 2899 614 2934 τ.
634 2877 735 2946 πάντα]
799 2882 822 2936 3.
842 2880 914 2952 aluo.
932 2884 970 2950 μή
988 2875 1062 2950 ἔχῃς]
1093 2875 1201 2930 scilicet
1229 2880 1342 2931 tantum

162 2967 270 3022 scilicet
289 2984 361 3034 quae
380 2968 409 3022 in
428 2967 568 3037 capitibus
597 2982 644 3018 sex
663 2964 736 3033 prio·
765 2984 856 3034 aquae
874 2967 956 3020 vivae
974 2964 1020 3019 vel
1039 2965 1118 3027 alius,
1139 2963 1198 3017 sive
1219 2962 1342 3034 frigidae

161 3053 238 3107 ribus
266 3055 395 3124 exposita
421 3058 495 3107 sunt.
522 3084 556 3092 -
583 3055 737 3125 ssuatloare
764 3054 821 3108 sive
834 3053 950 3115 calidae,
970 3055 1002 3105 ut
1013 3052 1179 3121 immergere
1191 3050 1292 3118 possis.
1308 3081 1341 3089 —

160 3141 230 3210 xit]
260 3142 383 3196 Iustinus
410 3141 492 3210 Apol.
513 3139 532 3201 I,
553 3139 585 3194 61
615 3138 658 3191 bis
678 3136 736 3191 ani·
764 3137 860 3213 ἔκχεον
877 3140 917 3206 εἰς
935 3160 959 3195 r.
978 3139 1015 3208 a]
1035 3137 1130 3191 Habes
1148 3137 1195 3190 hic
1212 3137 1341 3191 testimo-

161 3227 329 3287 madvertit.
358 3228 530 3297 baptismum
560 3225 621 3279 dari
640 3225 670 3278 in
688 3240 736 3277 no·
763 3227 841 3281 nium
860 3224 1084 3280 vetustissimum
1102 3224 1209 3276 formae
1229 3223 1341 3277 effusio-

161 3314 237 3368 mine
248 3315 338 3383 patris
355 3319 383 3368 et
401 3314 453 3367 filii
466 3318 494 3367 et
507 3313 624 3382 spiritus
637 3310 735 3364 suncti.
763 3315 806 3367 nis
826 3313 869 3367 vel
889 3311 1060 3380 aspersionis
1079 3309 1108 3363 in
1131 3310 1274 3378 baptismo
1294 3311 1341 3363 ad·

161 3431 195 3440 -
214 3398 244 3457 ἐν
264 3398 338 3458 {Idan
357 3402 448 3471 ζῶντι]
476 3401 505 3455 in
525 3416 600 3467 aqua
623 3399 735 3461 fluente,
763 3400 955 3462 ministrando,
968 3398 1054 3465 idque
1065 3397 1168 3451 certius
1179 3414 1265 3464 quam
1276 3398 1341 3460 alia,

162 3488 179 3541 i.
200 3505 222 3542 e.
242 3489 271 3541 in
289 3489 374 3543 fluvio
392 3488 437 3542 vel
455 3488 542 3542 fonte.
563 3487 605 3540 Cf.
619 3486 684 3540 Lev.
696 3486 735 3549 14,
764 3503 835 3554 quae
855 3490 1010 3554 etempore
1022 3485 1149 3554 priorum
1163 3484 1340 3538 saeculorum

162 3576 185 3629 5.
205 3577 227 3629 6.
253 3577 370 3638 50-52;
398 3575 479 3629 Num.
500 3575 544 3637 19,
566 3576 611 3633 17;
640 3573 734 3626 Ioann-
764 3574 798 3627 ad
826 3590 878 3626 nos
905 3576 1098 3640 pervenerunt.
1140 3570 1341 3625 Animadverte

160 3663 184 3724 4,
207 3665 305 3724 10.11;
326 3662 411 3717 Glem.
425 3661 506 3715 Hom.
520 3661 645 3715 Contest-
667 3677 689 3712 ε.
706 3660 735 3721 1;
763 3660 857 3721 etiam,
877 3663 1020 3712 auctorem
1039 3659 1159 3712 tonnam
1177 3657 1257 3711 illam
1277 3676 1339 3711 cum

162 3749 242 3803 Hom.
261 3749 308 3813 XI,
327 3750 369 3803 26.
406 3748 455 3801 Sin
482 3751 577 3802 autem
599 3745 735 3799 Doctrina
763 3746 933 3801 certitudine
963 3746 1087 3798 validam
1118 3746 1238 3808 habere,
1277 3762 1339 3798 cuni

161 3835 191 3888 in
210 3837 371 3889 universum
396 3836 497 3888 saltem
522 3850 625 3900 aquam
644 3832 735 3885 vivam
762 3833 949 3903 posteriorum
968 3831 1096 3886 nonnulli
1107 3832 1141 3885 de
1161 3831 1221 3884 eius
1240 3831 1338 3884 validi·

161 3922 296 3989 postulat,
315 3921 505 3976 Tertuldanus
525 3921 567 3974 De
580 3919 659 3988 bapt.
679 3936 702 3971 c.
719 3920 736 3971 4
762 3925 823 3974 tate
843 3920 1020 3983 dubitarent,
1039 3922 1071 3973 ut
1090 3919 1211 3987 Magnus
1232 3919 1340 3972 Africa·

162 4007 275 4062 scribit:
306 4009 391 4063 Nulla
408 4008 553 4063 distinctio
579 4012 636 4068 est,
665 4006 736 4059 muri
763 4025 835 4069 nus,
865 4006 944 4060 cuius
972 4022 1092 4059 errorem
1112 4005 1269 4074 Cyprianus
1288 4005 1338 4074 Ep.

163 4093 226 4159 quis
245 4111 280 4147 an
309 4099 425 4166 stagno,
454 4096 568 4150 flumine
594 4111 630 4146 an
648 4092 734 4157 fonte,
763 4094 804 4153 69,
826 4091 1338 4162 12-14001rexit.caeomelap.

161 4179 226 4233 lacu
244 4197 280 4233 an
298 4182 377 4237 alveo
396 4182 530 4236 diluatur.
599 4177 600 4180 ’
763 4180 800 4232 ad
818 4181 883 4234 Fab.
909 4180 1039 4234 Antioch.
1065 4179 1140 4247 apud
1164 4178 1228 4233 Eue.
1255 4180 1287 4233 H.
1308 4178 1338 4233 a.

197 4268 220 4320 2.
240 4266 278 4335 εἰς
295 4263 363 4326 ἄλλο
389 4265 472 4340 ὕδωρ]
502 4286 538 4322 sc.
557 4267 651 4322 lacum
676 4267 735 4321 sive
762 4266 809 4329 VI,
819 4268 860 4322 43.
876 4267 991 4340 -τρίς]
1005 4266 1060 4320 Ter
1075 4283 1150 4333 aqua
1169 4265 1339 4321 effundenda

120 4402 255 4440 *a
