2834 5018
180 322 243 386 382
415 312 736 369 PRESBY'I'ERORUM
753 313 950 379 RELIQUIAE
968 315 988 378 Ι,
1009 315 1119 369 11-16.

181 495 309 579 aliquid,
335 494 419 578 quod
440 515 503 559 non
525 493 652 576 placeat
673 494 741 570 deo,
765 494 981 558 remissionem
996 493 1081 557 ultra
1104 514 1167 557 non
1182 492 1362 558 habeamus

181 600 376 675 delictorum,
402 599 457 663 sed
479 598 683 663 excludamur
706 622 725 662 a
749 620 847 683 regno
871 599 947 662 eius.
995 601 1044 662 12.
1068 599 1112 663 Et
1134 599 1206 663 ideo
1222 599 1361 663 Paulum

180 706 310 769 dixisse:
337 707 375 769 Si
389 711 476 768 calm
491 706 705 768 aatitralae'tae
719 710 826 768 ranila
840 724 906 769 11011
916 710 1078 786 pepercit,
1098 724 1140 768 asc
1151 706 1248 783 forte
1263 704 1361 782 [racc]

180 812 241 874 aba
257 818 390 890 parcat,
414 814 480 889 qul,
502 828 575 871 cara
598 828 690 872 erues
713 811 874 885 oleaster,
899 815 1048 872 insertae
1070 827 1107 872 ee
1128 814 1164 871 la
1181 811 1359 890 piaqaedr'·

153 927 254 979 ⁶acaa
277 918 395 993 olicae,
418 922 452 978 ct
473 919 585 976 coclite
603 914 719 991 sactus
743 932 778 976 es
796 915 1012 994 manasedais
1035 918 1123 991 eias;
1156 911 1306 975 similiter
1327 916 1362 974 et

179 1019 283 1103 plebis
305 1016 593 1102 praevaricationes
614 1016 722 1079 videns
746 1015 919 1100 descriptas
943 1038 1011 1079 esse
1033 1037 1098 1079 non
1120 1019 1252 1098 propter
1274 1015 1359 1089 illos,

179 1124 235 1208 qui
257 1128 334 1187 tunc
356 1120 684 1205 transgrediebantur,
717 1121 827 1183 sedin
850 1121 1079 1204 correptionem
1100 1124 1245 1183 nostram
1268 1124 1300 1183 et
1324 1124 1361 1184 ut

178 1229 329 1293 sciremus
353 1247 450 1289 unum
473 1229 505 1288 et
527 1225 659 1287 eundem
683 1225 792 1301 deum,
824 1225 857 1288 in
880 1247 973 1308 quem
996 1225 1045 1288 illi
1076 1224 1304 1308 delinquebant
1327 1230 1361 1288 et

178 1332 212 1396 in
235 1353 329 1415 quem
351 1351 434 1393 nunc
457 1328 644 1412 delinquunt
668 1328 796 1411 quidam
818 1350 857 1392 ex
878 1329 945 1406 his,
981 1328 1035 1413 qui
1058 1328 1227 1392 credidisse
1251 1349 1285 1393 se
1308 1328 1358 1391 di-

140 1441 264 1501 1⁰cunt.
312 1436 361 1499 13.
385 1434 429 1498 Et
457 1433 517 1497 hoc
545 1437 651 1496 autem
684 1433 862 1517 apostolum
893 1434 926 1497 in
956 1433 1105 1516 epistola,
1139 1455 1221 1517 quae
1246 1438 1295 1497 est
1318 1434 1359 1497 ad

179 1538 370 1615 Corinthios,
394 1536 652 1602 manifestissime
674 1537 856 1614 ostendisse,
882 1539 1054 1602 dicentem:
1079 1541 1163 1602 Nola
1189 1545 1278 1602 etaim
1300 1559 1360 1603 vor

178 1650 338 1724 lariorare
361 1691 418 1706 ...
443 1644 553 1706 adeat
574 1644 746 1706 accedat.

267 1748 316 1811 14.
349 1746 424 1812 Sine
454 1746 651 1810 dubitatione
681 1746 779 1829 igitur
808 1750 840 1808 et
870 1745 937 1809 sine
969 1745 1217 1810 contradictione
1249 1750 1357 1810 osten·

178 1853 270 1917 dente
294 1850 448 1935 apostolo,
472 1872 570 1914 unum
593 1855 625 1913 et
646 1851 779 1914 eundem
802 1871 870 1914 esse
894 1851 996 1926 deum,
1021 1851 1075 1933 qui
1097 1854 1130 1913 et
1151 1848 1210 1913 illa
1232 1849 1357 1914 iudica·

139 1972 164 2009 1⁶
178 1956 224 2019 vit
239 1958 271 2019 et
294 1976 339 2030 ea,
358 1975 438 2038 quae
452 1974 536 2016 nunc
552 1956 635 2031 sunt,
653 1953 799 2036 exquirit,
817 1958 849 2018 et
865 1975 993 2017 causam
1009 1953 1232 2037 descriptionis
1248 1974 1357 2017 eorum

177 2059 422 2135 demonstrante,
445 2058 563 2122 indocti
587 2063 619 2121 et
641 2060 794 2135 audaces,
820 2058 923 2122 adhuc
946 2059 1042 2123 etiam
1065 2060 1284 2142 imprudentes
1307 2059 1356 2122 in·

176 2164 345 2227 veniuntur
366 2183 483 2238 omnes,
508 2162 562 2246 qui
583 2168 716 2246 propter
737 2164 1024 2246 transgressionem
1046 2186 1169 2239 eorum,
1200 2164 1257 2247 qui
1279 2163 1357 2228 olim

177 2267 314 2346 fuerunt,
339 2272 370 2330 et
391 2271 523 2349 propter
538 2266 744 2349 plurimorum
766 2267 885 2332 indicto
902 2268 1104 2343 audientiam,
1129 2268 1269 2332 alterum
1284 2266 1354 2352 qui·

177 2374 248 2436 dem
271 2373 360 2436 aiunt
381 2371 507 2435 illorum
531 2371 628 2435 fuisse
644 2373 736 2436 deum
759 2378 790 2436 et
812 2373 897 2437 hunc
913 2394 980 2437 esse
1002 2373 1112 2436 mundi
1127 2373 1356 2438 fabricatorem

137 2491 163 2529 20
176 2481 209 2541 et
231 2498 299 2540 esse
322 2477 354 2540 in
370 2475 594 2548 diminutione;
618 2475 754 2540 alterum
769 2498 842 2541 vero
866 2477 1027 2541 aOhristc
1050 2478 1204 2542 traditum
1220 2483 1355 2562 patrem,

177 2585 209 2645 et
230 2581 315 2645 huno
338 2602 421 2657 esse,
456 2581 509 2665 qui
534 2580 575 2643 sit
605 2580 645 2644 ab
673 2602 862 2664 unoquoque
893 2603 1001 2645 eorum
1028 2587 1132 2645 mente
1166 2587 1354 2666 conceptus:

178 2686 228 2748 15.
252 2706 315 2749 non
338 2685 576 2770 intellegentes,
602 2686 764 2769 quoniam,
797 2687 1060 2769 quemadmodum
1083 2685 1128 2750 ibi
1151 2686 1185 2749 in
1208 2686 1355 2770 plurimis

176 2811 292 2867 eorum,
317 2791 371 2873 qui
393 2795 612 2873 peccaverunt,
636 2810 699 2853 non
722 2789 801 2853 bene
824 2791 922 2854 sensit
937 2791 1022 2865 deus,
1047 2790 1092 2854 sio
1115 2794 1148 2853 et
1170 2789 1225 2854 hic
1249 2797 1355 2856 cocali

175 2898 283 2975 malti,
300 2901 403 2978 pauca·
425 2914 501 2959 aero
525 2897 640 2973 electi,-
671 2895 934 2976 quemadmodum
956 2895 1001 2959 ibi
1023 2895 1133 2958 iniusti
1162 2897 1194 2958 et
1218 2895 1353 2960 idolola-

137 3014 163 3053 25
176 3004 245 3063 trae
268 3004 300 3063 et
330 2999 538 3063 fornicatores
569 2998 667 3061 vitani
699 2998 918 3081 perdiderunt,
942 2999 1042 3063 sicet
1071 2999 1137 3075 hic,
1170 3005 1203 3063 et
1227 3000 1353 3064 domino

178 3105 303 3188 quidem
327 3103 539 3186 praedicante,
564 3108 597 3165 ta
622 3108 730 3182 larsem
746 3112 917 3167 aeternam
941 3104 1026 3167 mitti
1043 3103 1132 3177 tales,
1159 3108 1191 3166 ct
1208 3104 1354 3187 apostolo

176 3210 316 3273 dicente:
340 3210 388 3272 Aa
412 3214 587 3288 rarior-aas,
610 3215 764 3287 precatam
780 3214 897 3272 latiali
920 3228 1056 3287 reanum
1077 3210 1132 3271 dei
1155 3228 1223 3273 noa
1239 3211 1355 3273 lacre·

175 3316 352 3377 ditabant?
371 3314 484 3375 Nolite
504 3314 635 3376 sedaret:
658 3333 763 3393 raeque
781 3315 1011 3392 fornicatores
1027 3333 1132 3394 steorte
1148 3316 1355 3378 idololatrae

176 3439 281 3498 raeqae
303 3419 449 3480 adsaltert
470 3436 574 3496 acqrte
596 3421 715 3481 mallee
745 3437 849 3498 raeque
871 3421 1094 3480 asascaloram
1121 3420 1356 3482 coramtbltarer

136 3536 162 3574 ⁸0
175 3543 280 3603 acuite
299 3525 398 3600 furer
420 3541 525 3601 aaeqeee
547 3527 642 3585 avari
663 3541 768 3603 aeqrte
791 3525 914 3586 ebriosa·
936 3542 1041 3603 saeuite
1063 3524 1222 3586 maledici
1251 3542 1357 3604 aeaeae

175 3637 331 3709 raptores·
345 3645 482 3707 reptatas
505 3627 560 3689 (lei
577 3628 804 3707 possidebant.
852 3627 901 3689 16.
926 3627 969 3690 Et
985 3626 1135 3709 quoniam
1151 3647 1217 3690 non
1235 3629 1276 3691 ad
1292 3649 1354 3702 eos,

245 3779 357 3832 3Rom.
379 3782 419 3842 11,
437 3778 480 3832 21.
502 3780 593 3832 11-
615 3778 676 3831 111
696 3780 758 3834 Cor.
780 3781 818 3841 10,
841 3781 932 3834 1-13.
959 3810 991 3818 —
1017 3780 1051 3833 23
1070 3778 1172 3832 Matth.
1195 3780 1239 3839 20.
1262 3781 1303 3834 16.
1323 3810 1354 3819 -

175 3864 327 3919 2611111111.
348 3867 388 3927 25,
407 3865 450 3919 41.
468 3896 503 3903 -
521 3865 553 3917 27
573 3865 585 3918 Ι
604 3866 664 3920 601.
684 3868 707 3929 6,
727 3867 750 3920 9.
774 3870 812 3923 10.

212 4004 480 4059 14-19.Re‹101ent
503 4005 615 4073 quidem
637 4006 666 4059 lii
689 4009 762 4073 ver-l
811 4008 849 4060 14.
871 4007 977 4060 indicto
992 4003 1178 4073 audientiam]
1197 4005 1216 4058 i.
1232 4023 1255 4060 e.
1276 4006 1344 4061 inob

176 4105 223 4141 sus
241 4090 322 4158 (Iron.
342 4090 388 4153 IV,
408 4091 449 4152 27,
467 4093 496 4158 4)
516 4091 612 4144 stilum
631 4092 746 4146 lrcnaei.
758 4116 761 4185 p
774 4093 953 4147 oedientiam.
990 4092 1032 4146 cf.
1055 4093 1124 4144 lren.
1146 4091 1194 4155 IV,
1217 4093 1243 4155 2,
1264 4093 1356 4146 61111-

176 4175 245 4228 Cum
272 4180 366 4231 autem
393 4177 541 4230 mediisin
560 4178 652 4232 verbis
671 4197 747 4248 pree·
773 4180 849 4233 dicto
870 4179 1023 4233 audientes.

174 4260 267 4328 byteri
284 4263 423 4331 leguntur,
442 4280 490 4318 eos
510 4266 640 4319 omittere
659 4267 760 4320 nolui..
