2834 5018
182 335 244 398 128
646 329 658 381 1
677 326 882 383 υιυυιιιντιι

180 507 323 590 μιουργός
345 507 399 568 καί
422 504 572 588 δεσπότης
595 512 657 567 τῶν
681 504 827 568 ἁπάντων
844 504 876 567 ἐν
900 504 1006 589 εἰρήνη
1021 507 1074 568 καί
1097 504 1229 588 ὁμονοίᾳ
1244 503 1353 586 προσέ-

180 611 270 688 ταξεν
293 609 384 690 εἶναι,
415 612 585 695 εὐεργετῶν
614 611 654 672 τὰ
675 610 795 687 πάντα,
825 609 1093 692 ὑπερεκπερισσῶς
1116 610 1151 672 δέ
1180 606 1263 691 ἡμᾶς
1286 611 1355 683 τοὺς

182 716 457 800 προσπεφευγότας
479 724 542 789 τοῖς
566 714 732 796 οἰκτιρμοῐς
755 717 850 777 αὐτοῦ
873 714 924 777 διὰ
940 725 994 778 τοῦ
1017 714 1124 796 κυρίου
1146 712 1235 797 ἡμῶν
1253 711 1353 798 Ἰησοῦ

181 818 328 903 Χριστοῦ,
364 824 414 888 12.
439 818 464 903 ᾧ
486 818 506 902 ἡ
529 819 604 897 δόξα
626 820 679 882 καί
706 817 726 901 ή
749 817 956 903 μεγαλωσύνη
987 819 1029 894 είς
1051 822 1122 894 τοὺς
1154 818 1271 894 αἰῶνας
1294 827 1353 881 τῶν

157 923 314 988 οαίὡνων.
349 924 440 1008 ἀμήν.

267 1031 352 1095 XXI.
379 1028 510 1111 Ὁρᾶτε,
534 1027 710 1112 ἀγαπητοί,
744 1030 785 1111 μή
809 1028 841 1090 αί
864 1028 1034 1113 εὐεργεσίαι
1067 1029 1162 1091 αδτοῦ
1187 1026 1219 1090 αί
1242 1025 1354 1090 πολλαί

179 1132 330 1217 γένωνται
354 1134 396 1208 είς
418 1132 514 1216 κρίμα
536 1143 630 1195 πᾶσιν
653 1132 734 1215 ἡμῖν,
759 1132 813 1196 ἐόιν
837 1136 879 1217 μὴ
896 1133 989 1211 ἀξίως
1011 1135 1107 1196 αὐτοῦ
1122 1131 1354 1216 πολιτευόμενοι

180 1239 219 1300 τὰ
248 1237 333 1301 καλά
363 1239 417 1300 καί
450 1239 601 1319 εὐάρεστα
633 1236 764 1301 ένιόπιον
796 1239 890 1302 αὐτοῦ
922 1247 1059 1321 ποιῶμεν
1091 1236 1167 1320 μεθ’
1201 1237 1352 1319 ὁμονοίας.

181 1345 210 1407 2.
242 1341 325 1426 λέγει
348 1342 408 1426 γάρ
430 1363 507 1405 που·
532 1343 678 1424 Πνεῦμα
700 1346 818 1427 κυρίου
841 1344 964 1425 λύχνος
987 1343 1200 1428 ἐρευνῶντα
1224 1348 1354 1424 ταμιεῖα

143 1469 168 1507 ιο
181 1456 240 1532 τῆς
262 1449 414 1533 γαστρός.
461 1452 490 1515 3.
515 1448 639 1531 ἴδωμεν,
662 1458 728 1523 πῶς
752 1447 843 1532 ἐγγύς
859 1447 952 1527 ἐστιν,
974 1449 1027 1510 καί
1044 1449 1090 1510 ότι
1113 1446 1203 1509 οὐδέν
1220 1444 1354 1530 λέληθεν

181 1554 274 1616 αὐτόν
303 1561 364 1616 τῶν
394 1551 520 1616 ἐννοιῶν
548 1551 637 1635 ἡμῶν
667 1552 739 1615 οὐδὲ
770 1559 832 1615 τῶν
861 1551 1070 1636 διαλογισμῶν
1101 1548 1144 1614 ὧν
1167 1551 1353 1633 ποιούμεθα.

180 1662 211 1724 4.
236 1657 355 1720 δίκαιον
387 1655 440 1720 οὖν
465 1656 566 1735 ἐστίν,
599 1660 641 1741 μὴ
664 1656 877 1720 λειποτακτεῐν
899 1654 981 1738 ἡμᾶς
1004 1657 1066 1718 ἀπό
1096 1666 1150 1719 τοῦ
1176 1655 1354 1739 θελήματος

181 1765 286 1827 αὐτοῦ.
332 1767 361 1829 5.
386 1761 506 1845 μᾶλλον
530 1761 710 1844 ἀνθρώποις
733 1764 846 1843 ἄφροσι
869 1763 922 1824 καί
946 1760 1088 1844 ἀνοήτοις
1111 1763 1164 1823 καί
1188 1758 1352 1843 ἐπαιρομέ-

181 1888 243 1941 νοις
266 1869 319 1930 καί
343 1865 594 1952 ἐγκαυχωμένοις
619 1865 835 1949 ένάλαζονείρι
856 1864 1023 1949 τοῦλόγου
1047 1867 1150 1928 αὐτῶν
1167 1865 1354 1947 προσκόψω-

144 1992 169 2028 1⁶
181 1992 236 2055 μεν
259 1972 279 2055 ή
301 1979 345 2054 τῷ
369 1974 447 2055 θεῷ.
494 1975 523 2037 6.
548 1973 601 2035 τὸν
624 1971 730 2053 κύριον
754 1969 874 2054 Ἰησοῦν
891 1969 1037 2053 Χριστόν,
1061 1969 1097 2033 οῦ
1120 1971 1156 2033 τό
1179 1967 1256 2052 αίμα
1280 1970 1354 2050 ὑπὲρ

180 2076 268 2159 ήμῶν
292 2075 405 2160 ἐδόθη,
430 2075 644 2159 ἐντραπῶμεν,
667 2079 739 2150 τοὺς
760 2073 1011 2159 προηγουμένους
1033 2073 1121 2156 ήμῶν
1145 2074 1353 2157 αἰδεσθῶμεν,

180 2183 251 2255 τοὺς
267 2179 490 2265 πρεσβυτέρους
506 2179 693 2263 τιμήσωμεν,
717 2183 788 2254 τοὺς
804 2177 891 2254 νέους
906 2178 1122 2261 παιδεύσωμεν
1142 2180 1198 2260 τήν
1214 2163 1355 2241 παιδείαν

181 2295 235 2347 τοῦ
259 2285 357 2370 φόβου
380 2293 435 2347 τοῦ
458 2287 553 2363 θεοῦ,
582 2286 637 2360 τὰς
658 2294 809 2368 γυναῖκας
831 2283 919 2366 ήμῶν
943 2283 991 2346 ἐπὶ
1016 2284 1051 2345 τό
1074 2283 1199 2366 ἀγαθὸν
1223 2283 1355 2365 διορθω-

181 2388 324 2471 σώμεθα.
372 2392 400 2454 7.
423 2389 459 2451 τό
482 2388 693 2473 ἀξιαγοίπητον
716 2399 769 2472 της
786 2389 911 2472 ἁγνείας
933 2387 1015 2474 ήθος
1031 2386 1296 2466 ένδειξοίσθωσαν,
1321 2389 1355 2449 τδ

142 2521 167 2559 τι
182 2493 326 2575 ἀκέραιον
342 2503 396 2576 της
410 2495 584 2577 πραΰτητος
600 2495 702 2557 αὐτῶν
726 2492 867 2579 βούλημα
883 2492 1146 2571 ἀποδειξάτωσαν,
1170 2493 1206 2554 τὸ
1223 2491 1355 2566 ἐπιεικές

180 2608 234 2681 της
266 2597 410 2682 γλώσσης
440 2600 543 2661 αὐτῶν
575 2598 626 2660 διὰ
657 2608 710 2682 τῆς
741 2608 829 2681 σιγης
865 2598 997 2679 φανερὸν
1028 2598 1267 2680 ποιησαίτωσαν,
1302 2599 1355 2680 τήν

180 2702 305 2786 ἀγάπην
329 2705 431 2766 αὐτῶν
454 2705 495 2785 μή
519 2704 601 2764 κατὰ
615 2701 823 2783 προσκλίσεις,
847 2700 930 2765 ἀλλὰ
952 2711 1046 2764 πᾶσιν
1066 2710 1130 2777 τοῖς
1153 2700 1354 2787 φοβουμένοις

180 2808 233 2869 τόν
263 2808 339 2872 θεόν
370 2808 463 2881 ὁσίως
492 2809 560 2891 ἴσην
590 2806 822 2889 παρεχέτωσαν.
869 2810 897 2872 8.
923 2809 962 2868 τὰ
993 2805 1088 2869 τέκνα
1120 2806 1208 2889 ήμῶν
1239 2817 1295 2891 τῆς
1324 2805 1355 2870 ἐν

181 2908 307 2994 Χριστῷ
330 2912 469 2987 παιδείας
500 2910 840 2996 μεταλαμβανέτωσαν·
872 2911 1079 2993 μαθέτωσαν,
1103 2910 1132 2973 τί
1155 2931 1356 2994 ταπεινοφρο·

142 3042 168 3080 α
182 3015 258 3099 σόνη
280 3018 366 3097 παρὰ
389 3019 456 3098 θεῷ
482 3016 591 3098 ἰσχύει,
615 3014 643 3077 τί
665 3015 772 3100 ἀγάπη
795 3015 875 3099 ἁγνὴ
898 3015 983 3097 παρὰ
1006 3017 1074 3097 θεῷ
1090 3014 1228 3093 δύναται,
1252 3025 1319 3091 πῶς
1339 3014 1355 3077 ό

182 3119 277 3203 φόβος
300 3122 394 3182 αὐτοῦ
425 3118 523 3195 καλὸς
545 3122 598 3182 καὶ
626 3119 723 3203 μέγας
745 3121 798 3182 καί
827 3118 937 3196 σώζων
961 3119 1080 3194 πάντας
1108 3121 1180 3194 τοὺς
1204 3118 1236 3182 ἐν
1271 3120 1354 3200 αὐτῷ

181 3223 273 3298 ὁσίως
289 3222 575 3306 ἀναστρεφομένους
592 3223 624 3286 ἐν
640 3226 770 3308 καθαρᾷ
785 3223 916 3308 διανοίᾳ.
962 3226 991 3289 9.
1017 3222 1181 3307 ἐρευνητὴς
1196 3224 1258 3306 γάρ
1274 3222 1354 3286 ἐστιν

182 3327 306 3392 ἐννοιῶν
329 3329 382 3391 καί
399 3327 621 3411 ἐνθυμήσεων·
646 3326 681 3390 οὗ
705 3328 821 3410 ήπνοὴ
845 3330 940 3392 αὐτοῦ
958 3327 990 3391 έν
1005 3327 1077 3411 ἡμῖν
1094 3326 1186 3405 ἐστίν,
1210 3329 1264 3390 καί
1281 3330 1353 3391 ὅταν

182 3431 273 3516 θέλη,
298 3433 401 3497 ἀνελεῖ
423 3431 528 3515 αὐτήν.

142 3562 167 3600 ιι
269 3540 369 3605 XXII.
396 3537 504 3601 Ταῦτα
526 3537 560 3600 δέ
583 3537 685 3600 πάντα
701 3537 819 3622 βεβαιοῖ
840 3536 860 3619 ή
884 3537 916 3600 ἐν
932 3536 1058 3619 Χριστῷ
1081 3536 1198 3611 πίστις·
1222 3539 1354 3620 καὶγὰρ

251 3713 267 3767 3
287 3711 516 3784 προσφεύγοντας
535 3712 561 3764 Η
586 3713 590 3782 Ι
616 3715 630 3766 7
649 3715 734 3785 κρίμα
751 3721 836 3770 πᾶσιν
853 3713 1029 3786 Αικρίματα
1051 3712 1102 3770 σὺν
1120 3713 1160 3775 Η,
1185 3715 1272 3785 κρίμα
1291 3711 1353 3777 Ιιθί

181 3798 197 3851 9
216 3799 314 3871 λίγνον
333 3800 357 3852 A
373 3800 376 3869 ί
396 3800 426 3853 15
446 3799 572 3870 Χριστὸν
592 3797 638 3851 AL
653 3817 658 3851 :
672 3802 707 3865 >
725 3798 770 3852 HS
785 3801 863 3855 Olem
879 3803 882 3867 Ι
901 3802 932 3855 17
951 3799 1157 3874 πρεσβυτέρους
1176 3799 1244 3853 HLS
1260 3798 1354 3854 Clem:

180 3887 214 3949 -ή-
226 3907 304 3955 ημων
323 3888 347 3938 Α
363 3886 366 3954 Ι
382 3885 415 3939 21
434 3897 512 3956 σιγης
524 3903 530 3936 ι
544 3906 638 3956 φωνης
657 3886 681 3936 Α
706 3887 709 3955 ί
732 3886 765 3938 23
784 3888 862 3956 ήμῶν
880 3886 920 3939 Ls
934 3884 1011 3940 Olem
1024 3905 1030 3937 ι
1045 3883 1123 3955 ὑμῶν
1140 3884 1193 3939 AH
1210 3887 1213 3955 Ι
1230 3887 1264 3940 25
1282 3885 1355 3958 παρὰ

181 3970 207 4022 Η
220 3971 297 4025 Olem
310 3991 316 4024 z
330 3974 364 4043 †
378 3992 417 4027 τω
436 3973 459 4024 Α
476 3972 479 4041 ί
495 3972 529 4025 27
549 3969 667 4040 gom>
686 3971 797 4027 helem
824 3974 827 4042 1
853 3972 887 4026 29
906 3971 999 4030 ἀνελεῖ
1015 3973 1062 4026 AL
1076 3972 1153 4027 Olem
1167 3991 1173 4025 τ
1186 3972 1297 4048 ἀναιρεῖ
1311 3971 1353 4026 Η8

218 4109 256 4161 12.
275 4108 337 4163 Non
357 4109 446 4163 solum
465 4109 495 4162 in
512 4109 579 4171 fine,
598 4109 648 4163 sed
667 4110 767 4165 etiam·
781 4112 826 4180 64)
845 4111 971 4165 Clemens
990 4127 1067 4166 more
1088 4111 1146 4166 divi
1165 4112 1248 4167 Pauli
1273 4114 1354 4167 doxo-

180 4195 211 4248 in
229 4195 321 4249 medio
341 4196 480 4265 epistulae
498 4198 545 4264 (cf.
559 4198 600 4258 32,
620 4199 648 4260 4;
668 4199 709 4261 38,
722 4199 753 4260 4;
781 4198 858 4268 logia
876 4199 972 4252 utitur.

179 4282 222 4344 43,
241 4283 269 4344 6;
297 4283 338 4345 45,
358 4285 388 4344 ’ί;
415 4284 457 4348 50,
477 4287 507 4346 7;
534 4284 580 4347 58,
600 4286 630 4345 2;
658 4285 703 4348 61,
723 4283 753 4345 3;
817 4284 888 4347 ΧΧΙ,
910 4289 930 4341 1.
950 4288 1170 4357 πολιτευόμενοι]
1191 4287 1234 4341 cf.
1253 4288 1277 4350 3,
1296 4287 1319 4340 4.
