2834 5018
536 636 714 691 arrarum
733 637 765 700 x,
785 637 863 693 a-r.
1244 645 1285 709 69

104 816 197 891 libus,
222 816 279 900 qui
302 815 422 880 similes
445 821 520 880 sunt
542 817 664 900 porcis;
696 816 816 880 scilicet
839 818 914 901 qui,
944 839 1015 881 cum
1037 818 1070 881 in
1094 819 1213 883 deliciis
1236 818 1285 882 vi-

105 926 189 995 vunt,
215 921 337 984 domini
360 920 605 999 obliviscrmtur,
630 942 699 984 cum
725 927 830 984 autem
853 921 1069 986 destituuntur
1090 922 1283 999 necessariis,

107 1026 269 1090 dominum
293 1030 480 1109 agnoscunt,
504 1025 585 1090 sicut
609 1029 641 1089 et
655 1047 780 1108 porcus,
808 1026 932 1109 quando
954 1027 1099 1103 eomedit,
1125 1028 1286 1091 dominum

106 1153 168 1196 non
190 1131 290 1206 novit,
316 1131 442 1214 quando
465 1134 571 1194 autem
594 1130 706 1206 esurit,
731 1130 849 1195 clamat
871 1134 904 1194 et
927 1135 1055 1213 accepta
1078 1153 1150 1195 esca
1172 1131 1287 1195 iterum

106 1241 200 1301 tacet.
248 1239 279 1300 4.
316 1238 384 1299 Nec
415 1238 631 1299 neonduculu'e
660 1239 807 1315 aquilam
834 1255 939 1315 neque
969 1242 1160 1317 occimlrem
1183 1256 1313 1317 nequer

108 1346 242 1406 nrtlmun
265 1360 372 1420 aeque
394 1360 547 1419 curacura·
575 1362 637 1404 non
661 1341 864 1417 adhaerebiS‚
896 1339 984 1416 dicit,
1013 1363 1070 1404 nec
1092 1341 1203 1405 similis
1226 1341 1288 1405 eris

108 1447 144 1509 iis
167 1446 361 1521 hominibus,
385 1446 439 1528 qni
461 1446 606 1509 nesciunt
629 1446 690 1511 sibi
713 1445 822 1511 labore
845 1468 881 1509 ac
904 1445 1016 1510 sudore
1033 1469 1145 1529 parare
1159 1447 1286 1524 victum,

109 1554 162 1616 sed
184 1551 291 1616 aliena
313 1552 443 1635 rapiunt
464 1552 497 1615 in
519 1553 686 1635 iniquitate
709 1557 820 1615 suaet
843 1551 934 1635 quasi
956 1551 988 1614 in
1004 1551 1206 1634 simplicitate
1219 1573 1287 1614 anr-

110 1656 259 1721 bulantes
282 1656 488 1740 speculantur
510 1662 542 1720 et
565 1658 823 1741 circumspiciunt
864 1678 958 1740 quem
980 1657 1021 1720 ob
1045 1657 1210 1721 avaritiam
1233 1657 1288 1719 de-

109 1761 261 1843 spolient,
294 1761 377 1825 sicut
400 1767 433 1824 et
461 1759 520 1823 hae
544 1782 616 1824 aves
648 1761 734 1825 solae
763 1764 889 1843 pastum
911 1759 973 1823 sibi
1000 1781 1065 1823 non
1095 1765 1287 1844 comparant,
1302 1773 1327 1810 ¹⁰

110 1865 163 1929 sed
186 1865 309 1928 otiosae
332 1865 475 1929 sedentes
492 1873 657 1949 quaerunt,
683 1867 840 1950 quomodo
857 1866 975 1930 alienas
999 1887 1108 1930 carnes
1130 1869 1287 1943 devorent,

111 1976 248 2053 suntque
271 1970 304 2033 in
327 1970 449 2048 malitia
472 1993 530 2034 sua
552 1971 731 2053 pestiferae.
778 1970 807 2033 5.
832 1974 900 2034 Nec
923 1973 1153 2051 rnunuucaua,
1175 1972 1287 2055 inquit,

113 2095 308 2140 rrrrrraeuom
331 2095 436 2156 aeque
447 2079 608 2158 polypum
631 2097 736 2157 neque
750 2082 896 2157 cerritum
917 2096 989 2151 non,
1006 2076 1118 2159 inquit,
1136 2077 1288 2141 adhaere-

111 2181 159 2245 bis
190 2201 250 2244 nec
279 2179 392 2243 similis
422 2180 482 2243 en's
513 2179 695 2244 huiusmodi
726 2180 923 2256 hominibus,
957 2180 1011 2262 qni
1039 2180 1072 2242 in
1100 2185 1288 2264 perpetuum

112 2285 200 2368 impii
224 2288 298 2348 sunt
321 2288 353 2347 et
374 2285 439 2347 iarn
462 2285 501 2348 ad
524 2290 659 2348 mortem
684 2284 871 2360 adiudicati,
897 2285 1160 2366 quemadmodum
1182 2289 1214 2348 et
1236 2284 1289 2348 isti
1303 2295 1328 2333 ¹⁶

113 2389 274 2472 pisciculi,
308 2389 369 2452 soli
392 2389 570 2467 maledicti,
595 2391 627 2454 in
651 2390 808 2474 profundo
831 2389 1017 2452 volutantur
1038 2410 1095 2452 nec
1117 2393 1154 2452 ut
1175 2388 1291 2471 reliqui

112 2494 214 2576 pisces
238 2498 413 2576 emergunt,
438 2493 549 2557 sedin
570 2498 665 2571 terra,
690 2515 770 2575 quae
793 2492 825 2556 in
848 2493 1007 2576 profundo
1029 2493 1126 2557 maris
1149 2497 1209 2568 est,
1235 2492 1289 2556 de·

112 2604 199 2681 grint.
248 2600 277 2662 6.
309 2598 371 2663 Sed
402 2603 434 2662 et
468 2602 615 2680 leporem
645 2619 711 2662 noa
743 2600 904 2662 comedes.
950 2595 1186 2672 Quamobrem?
1217 2595 1291 2660 Non

113 2703 171 2767 eris
194 2724 365 2785 puerorum
382 2708 547 2787 corruptor
570 2726 627 2767 nec
644 2704 779 2767 similem
801 2708 833 2767 te
855 2703 974 2767 talibus
990 2703 1118 2780 efficiea
1143 2702 1291 2784 qnoniam

112 2806 201 2890 lepus
225 2809 317 2872 annis
340 2808 474 2892 singulis
497 2832 592 2873 anum
622 2808 833 2892 multiplicat;
866 2813 943 2892 quot
966 2808 1050 2871 enim
1082 2829 1180 2871 annos
1203 2807 1290 2881 vivit,
1305 2822 1331 2859 2⁰

112 2916 159 2975 tot
190 2912 290 2976 habet
320 2913 485 2978 foramina.
533 2915 561 2977 7.
587 2913 649 2978 Sed
683 2935 742 2978 uec
771 2917 935 2995 liquentum
964 2915 1198 2991 strandacabrq
1228 2932 1292 2975 non

113 3017 189 3089 eris,
223 3017 342 3098 inquit,
374 3019 498 3082 adulter
528 3040 631 3102 neque
659 3024 826 3102 corruptor
848 3040 1019 3101 puerorum
1041 3038 1143 3100 neque
1173 3015 1291 3079 talibus

114 3120 348 3185 assimilaberis.
396 3122 520 3198 Quare?
551 3123 633 3200 Quia
655 3125 739 3188 istud
763 3125 880 3188 animal
904 3124 1066 3188 annuatim
1089 3143 1198 3185 sexum
1220 3142 1290 3183 rnu-

182 3303 284 3357 4Lev.
308 3305 347 3367 11,
372 3306 480 3360 13-16.
501 3336 533 3345 -
555 3307 588 3361 13
606 3307 668 3362 Lev.
690 3309 729 3370 11,
751 3308 791 3360 10.
809 3338 844 3345 -
865 3305 897 3360 18
915 3304 980 3358 Lev.
1002 3304 1041 3367 11,
1061 3304 1084 3356 5.
1110 3332 1144 3340 -
1171 3301 1202 3354 21
1224 3299 1239 3352 ‘l

114 3451 221 3505 tionem
251 3452 361 3507 faciunt
398 3454 589 3509 Tertullianus
621 3454 773 3508 Adalvat.
793 3452 833 3506 De
852 3452 906 3505 cib.
924 3451 979 3504 iud.
999 3467 1023 3503 o.
1041 3451 1065 3504 3.

116 3538 200 3592 blare.
214 3539 247 3602 ΙΙ,
259 3539 300 3602 20,
314 3542 545 3595 Ps.·Athanasius
557 3543 690 3611 Synopsis
753 3542 775 3593 7.
795 3539 892 3606 Neque
916 3539 1027 3606 hyaena
1052 3536 1083 3589 in
1101 3537 1126 3591 S.
1148 3536 1294 3606 Scriptura

116 3624 141 3678 S.
155 3625 258 3695 Script.
269 3627 318 3684 lib.
329 3629 376 3690 ΙΙΙ,
390 3630 484 3698 sepiae
499 3633 526 3683 et
539 3646 691 3683 muraenae
718 3627 793 3681 inter
816 3625 951 3679 animalia
977 3624 1123 3678 immunda
1146 3623 1293 3692 speciatim

115 3711 690 3785 HieronymusEp.121c.10(PL.2·2.1033).
718 3714 893 3775 nominatur;
921 3712 1066 3766 Barnabas
1094 3728 1156 3765 eam
1183 3711 1294 3779 profert

149 3801 173 3854 6.
192 3804 400 3877 παιδοφθόρος]
429 3804 531 3858 Mttller
548 3805 621 3857 hano
646 3821 691 3857 vo·
718 3806 855 3867 tanquam
883 3800 1003 3869 figuram
1030 3799 1173 3853 hominurn
1201 3796 1293 3850 libidi-

116 3905 174 3942 cem
194 3890 229 3943 de
245 3890 392 3945 abortione
416 3891 545 3961 intellegi
568 3889 636 3954 vult,
656 3890 691 3943 cf.
718 3905 850 3942 nosorum
859 3883 1293 3956 praeeipuam.-aaaooema]

118 3977 155 4036 19,
175 3979 204 4037 ὃς
225 3976 311 4031 Clenr.
332 3977 375 4030 Al.
395 3979 516 4046 Paedog.
537 3979 569 4035 ΙΙ,
591 3979 630 4038 10,
650 3978 691 4032 81.
719 3977 796 4030 Haec
809 3974 906 4044 opinio
920 3974 995 4043 apud
1007 3975 1116 4026 veteres
1128 3970 1212 4041 longe
1225 3970 1294 4022 late·

117 4064 148 4117 &3
167 4082 195 4133 p.
216 4065 275 4118 221.
295 4064 347 4117 223
371 4065 406 4118 de
426 4081 520 4118 amore
542 4082 692 4135 puerorum
721 4081 774 4130 que
794 4062 898 4116 diffusa
917 4064 984 4122 erat,
1005 4074 1176 4126 quamquam
1195 4073 1294 4111 anon·

116 4150 157 4203 vel
184 4151 366 4221 paederastia
394 4151 526 4218 loquitur.
550 4183 584 4191 -
610 4174 634 4208 κ.
655 4150 692 4208 ἐν.
719 4150 804 4204 nullis
832 4150 903 4203 duce
929 4147 1084 4201 Aristotele
1110 4143 1184 4196 Hist.
1210 4142 1295 4196 anim.

116 4245 278 4297 πλεονεκτεῖ
293 4240 364 4309 att]
385 4240 495 4294 Similia
512 4241 629 4293 narrant
641 4242 693 4293 Ae·
722 4237 767 4299 Vl,
788 4237 821 4291 32
840 4234 1066 4304 impugnabatur.
1087 4231 1128 4284 Cf.
1140 4229 1222 4284 Diod.
1241 4229 1294 4285 Sic.

119 4325 181 4380 lian.
196 4327 269 4381 Hist.
279 4330 338 4381 nat.
358 4329 442 4381 anim.
454 4327 487 4389 ΙΙ,
499 4329 544 4383 12;
564 4328 636 4390 XIII,
649 4328 693 4388 12;
721 4324 796 4393 apud
825 4322 904 4376 Phot.
932 4318 1066 4373 Bibliom
1095 4318 1154 4372 cod
1173 4317 1226 4371 244
1252 4318 1295 4371 ed

120 4412 205 4468 Varro
226 4414 267 4468 De
287 4431 317 4468 re
329 4420 397 4468 rust.
411 4414 458 4476 Ill,
474 4414 519 4475 123
539 4413 608 4467 Plin.
620 4413 693 4467 Hist.
721 4409 833 4463 Bekker
851 4408 870 4469 Ι,
891 4407 982 4468 arsen
1009 4403 1109 4458 Aelian
1127 4404 1145 4456 l.
1165 4422 1186 4458 c.
1207 4405 1226 4468 Ι,
1246 4405 1295 4467 25;

120 4506 175 4554 nat.
194 4501 267 4563 VIII,
287 4503 321 4554 55
341 4502 377 4554 al.
397 4504 445 4562 81;
474 4501 558 4555 Clam.
577 4499 620 4553 nl.
640 4500 658 4552 l.
671 4517 692 4553 c.
722 4491 1075 4557 Plin.l.c.VIIl‚30al.44;
1094 4490 1296 4561 TertDepall.

120 4587 201 4642 Clenr.
221 4589 301 4642 Rom.
322 4587 446 4655 Recogn.
466 4585 544 4649 VIII,
564 4585 612 4648 25;
640 4585 694 4639 No·
722 4599 745 4637 c.
757 4586 787 4647 3;
806 4581 943 4637 cremat
957 4580 1040 4635 Paed.
1054 4580 1086 4645 II,
1102 4579 1141 4643 10,
1154 4580 1225 4648 841).
1236 4579 1294 4634 221.
