2834 5018
239 658 288 713 AD
310 657 441 712 SMYRN.
462 658 522 722 XII,
546 659 668 713 l—AD
687 658 935 715 POLYCARPUM
956 659 1071 715 INSCR.
1180 670 1242 733 287

66 840 140 923 plar·
163 840 260 904 divini
290 841 462 905 ministerii.
510 841 741 906 Remuneretur
769 842 875 927 ipsum
905 843 1011 928 gratia
1041 864 1099 926 per
1129 844 1243 908 omnia.

65 947 96 1007 2.
123 944 233 1009 Saluto
257 947 442 1030 episcopum
466 948 523 1011 deo
550 948 680 1031 dIgnum
702 952 734 1012 ct
757 947 814 1011 deo
842 947 992 1011 dilectum
1014 949 1244 1031 presbyterium

66 1053 98 1112 et
123 1071 289 1115 conservos
311 1073 397 1115 meos
422 1052 570 1116 diaconos
586 1052 836 1136 singillatimque
860 1051 952 1115 acin
974 1051 1148 1116 universum
1173 1074 1243 1117 om·

65 1176 122 1217 nes
145 1153 178 1217 in
194 1155 319 1218 nomine
342 1156 415 1220 Iesu
431 1154 550 1218 Christi
572 1159 603 1220 et
619 1157 651 1220 in
675 1177 767 1220 carne
784 1156 850 1219 eius
867 1160 899 1219 et
917 1155 1080 1239 sanguine,
1097 1156 1243 1238 passione

65 1263 98 1322 et
121 1259 346 1323 resurrectione
362 1258 520 1343 corporali
543 1260 637 1324 simul
660 1265 692 1324 et
707 1259 875 1343 spirituali,
899 1259 932 1322 in
955 1259 1069 1324 unione
1093 1281 1164 1323 cum
1184 1261 1268 1323 deor

66 1386 104 1428 ac
137 1364 308 1429 vobiscum.
355 1363 465 1429 Gratia
499 1366 607 1441 vobis,
642 1364 871 1441 misericordia,
905 1387 987 1447 pax,
1023 1364 1178 1448 patientia
1201 1365 1243 1429 sit

65 1490 199 1550 semper.

155 1570 240 1635 XIII.
266 1572 376 1637 Saluto
400 1573 537 1638 familias
559 1576 694 1639 fratrum
717 1596 858 1638 meorum
882 1597 952 1640 cum
974 1575 1124 1639 uxoribus
1148 1578 1180 1636 et
1201 1573 1241 1637 li·

63 1676 150 1739 beris
174 1681 205 1739 et
219 1677 360 1761 virgines
383 1683 510 1743 vocatas
525 1679 645 1743 viduas.
693 1679 804 1744 Fortes
828 1681 897 1744 sitis
913 1681 945 1744 in
968 1681 1084 1744 virtute
1100 1679 1240 1763 spurtus

65 1778 193 1843 Salutat
215 1803 271 1844 vos
295 1780 402 1859 Philo,
433 1784 488 1866 qui
517 1804 640 1847 mecum
663 1788 720 1848 est.
766 1786 796 1848 2.
821 1782 930 1849 Saluto
963 1785 1090 1848 domum
1113 1783 1239 1860 Taviae,
1257 1807 1282 1844 ιο

66 1907 162 1968 quam
185 1890 260 1966 opto
284 1886 403 1950 firmari
425 1886 485 1949 fide
502 1891 533 1949 et
557 1886 687 1950 caritate
703 1887 858 1970 corporali
882 1892 914 1951 et
929 1886 1097 1971 spirituali.
1131 1885 1241 1950 Saluto

65 1988 184 2065 Alcen,
216 1989 424 2061 desiderabile
447 1990 526 2053 mihi
548 2011 677 2066 nornen,
712 1995 743 2054 et
766 1991 940 2074 Daphnum
963 1991 1241 2074 incomparabilem

65 2098 97 2156 et
120 2094 298 2157 Eutecnum
321 2115 494 2178 omnesque
517 2095 712 2159 nominatim.
758 2094 873 2159 Valete
896 2096 928 2159 in
952 2096 1056 2179 gratia
1079 2095 1137 2160 dei.

397 2680 446 2734 AD
465 2680 609 2735 POLYCA
616 2680 719 2735 RPUM
738 2680 916 2737 IGNATIUS.

153 2857 305 2941 ignatius,
331 2859 385 2942 qui
408 2864 440 2923 et
463 2860 680 2943 Theophorus,
704 2860 896 2943 Polycarpo,
921 2860 1069 2944 episcopo
1092 2859 1240 2925 ecclesiae
1255 2887 1279 2925 u

198 2961 456 3045 Smyrnaeorum,
492 2965 546 3046 qui
569 2964 637 3048 ipse
665 2965 772 3049 potius
805 2964 988 3048 episcopum
1020 2964 1119 3030 habet
1147 2967 1240 3031 deum

196 3073 317 3150 patrem
342 3073 373 3131 et
396 3068 557 3132 dominum
580 3068 684 3133 Iesum
707 3067 877 3145 Christum,
900 3067 1068 3151 plurimam
1094 3070 1237 3134 salutem.

64 3224 92 3273 et
112 3219 207 3273 officia
226 3219 328 3273 viduae
347 3220 394 3283 III,
416 3220 638 3289 1-8(ef.v[11‚
666 3226 710 3275 tas
730 3221 818 3274 fuisse
843 3220 969 3274 conlcere
988 3220 1085 3282 liceat,
1112 3227 1239 3290 apparet,

64 3309 114 3371 ¹25),
135 3307 310 3361 diaconissae
329 3307 376 3368 ΙΙΙ,
397 3310 429 3361 15
449 3307 495 3374 (cf.
509 3307 581 3371 VIII,
598 3310 637 3362 19.
667 3307 809 3375 quomodo
828 3307 951 3377 virgines
971 3308 1057 3361 etiam
1069 3306 1172 3362 viduae
1190 3327 1238 3362 no·

64 3395 109 3461 ’20)
137 3393 345 3455 describentes,
365 3394 446 3457 111‚7
474 3395 573 3448 viduas
598 3395 637 3447 in·
665 3394 768 3447 minari
779 3395 931 3462 potuerint.
951 3395 992 3449 Os.
1007 3395 1091 3459 Zahn,
1111 3396 1239 3464 Ipnatius

65 3498 149 3550 super
167 3482 331 3536 diaconissis
345 3482 521 3536 subicientes.
542 3482 638 3552 Light·
665 3502 688 3538 v.
706 3486 741 3538 A.
760 3503 786 3554 p.
807 3485 857 3539 334
876 3501 938 3550 sqq.
956 3485 1006 3537 581
1026 3501 1088 3551 sqq.

64 3570 125 3623 foot
145 3570 360 3638 interpretatur:
389 3571 482 3625 saluto
509 3569 637 3631 feminas,
701 3572 723 3624 2.
747 3569 873 3640 Ταουΐας]
901 3570 969 3624 Cum
989 3571 1041 3625 hoe
1068 3586 1170 3624 nomen
1188 3587 1239 3639 per

65 3672 142 3721 quas,
163 3657 275 3710 etiarnsi
293 3658 407 3712 nomine
426 3662 454 3712 et
473 3656 638 3711 condicione
665 3661 753 3713 testes
773 3657 828 3711 fide
847 3658 988 3728 digniores
1007 3658 1137 3711 tradatur
1154 3674 1238 3725 quarn

65 3745 180 3796 externa
197 3744 300 3797 viduae
314 3747 386 3801 sunt.
400 3745 523 3814 virgines
536 3762 638 3799 vocare
666 3761 767 3799 nomen
786 3743 905 3809 Puov'r'u,
924 3744 1101 3798 retinendum
1120 3760 1180 3797 esse
1199 3743 1237 3795 vi·

64 3830 168 3894 malim,
189 3830 285 3897 quales
304 3835 420 3899 propter
431 3831 587 3899 puritatem
605 3848 638 3885 uc
650 3858 653 3873 ·
667 3833 755 3893 detur,
776 3847 948 3898 quamquam
966 3831 995 3884 in
1008 3830 1238 3900 inscriptionibus

65 3918 244 3972 devotionem
272 3935 364 3971 coram
391 3919 450 3972 Deo
480 3921 551 3972 sunt.
590 3919 637 3972 Sin
665 3919 777 3973 nonnisi
798 3918 901 3972 Tarius
919 3917 962 3971 bis
975 3917 1104 3971 occurrit.
1122 3949 1157 3959 -
1173 3915 1238 3975 ''At-

63 4011 158 4060 uutem
178 4006 235 4075 Ign.
256 4007 326 4059 haec
351 4006 443 4059 dicere
462 4007 565 4067 voluit,
590 4022 637 4058 vo·
663 4029 716 4078 κην
734 4028 756 4062 τ.
776 4027 803 4062 π.
823 4028 851 4076 μ.
865 4002 964 4076 ὄνομα]
987 4007 1056 4060 Item
1069 4006 1161 4073 Polyc.
1176 4006 1199 4067 8,
1213 4005 1237 4058 3.

63 4111 109 4148 ces
135 4096 160 4147 ei
183 4094 365 4148 invertendae
392 4099 479 4148 era-nt.
517 4092 579 4147 Non
597 4093 636 4147 vi·
665 4093 774 4148 Nomen
798 4093 901 4163 legitur
928 4093 1014 4146 etiam
1041 4090 1135 4160 Polyo.
1156 4092 1236 4146 Mart.

63 4182 133 4234 duas
159 4181 267 4233 salutat
290 4181 486 4247 aliquomodo
514 4180 637 4250 virgines
667 4180 742 4242 122.
768 4180 896 4235 Occurrit
914 4180 1063 4247 praeterea
1081 4178 1110 4231 in
1129 4178 1238 4232 duabus

61 4268 265 4337 appellandas,
294 4269 344 4322 sed
371 4269 494 4338 virgines
521 4272 637 4322 vocatas
665 4266 910 4336 inscriptionibus,
955 4283 1073 4333 quamnr
1109 4283 1166 4319 una
1202 4266 1238 4319 ad

61 4355 170 4408 viduas.
206 4356 296 4410 Locus
315 4359 411 4422 Itaque
430 4357 464 4408 de
481 4355 810 4431 virginibrrs,Smymam
838 4352 979 4421 pertinet,
1009 4353 1099 4408 altera
1123 4352 1179 4407 loci
1197 4352 1238 4406 in·

62 4445 267 4515 intellegendus
288 4448 343 4506 est,
373 4458 492 4508 cumque
510 4447 637 4511 tempore
649 4438 652 4563 q
665 4440 734 4494 certi
747 4443 796 4493 est.
821 4438 863 4492 uf.
878 4438 985 4507 Corpus
998 4440 1126 4508 Inscript.
1146 4456 1236 4509 graec.

59 4532 260 4603 progrediente
279 4530 427 4582 viduarum
445 4530 536 4582 coetui
549 4529 637 4582 etiam
666 4526 741 4589 3268,
762 4526 837 4578 7064.

58 4619 186 4689 virgines
200 4617 304 4672 aetatis
318 4615 501 4684 provectioris
515 4570 652 4684 adseripi
699 4613 783 4666 lnscr.
803 4609 1014 4688 ἐπισκοπημένῳ
1025 4613 1095 4681 nt]
1114 4612 1156 4667 cf.
1169 4614 1193 4675 8,
1206 4611 1236 4675 3;
