<?xml version="1.0" encoding="UTF-8"?>
<!DOCTYPE html PUBLIC "-//W3C//DTD XHTML 1.0 Transitional//EN"
    "http://www.w3.org/TR/xhtml1/DTD/xhtml1-transitional.dtd">
<html xmlns="http://www.w3.org/1999/xhtml" xml:lang="en" lang="en">
 <head>
  <title>
</title>
<meta http-equiv="Content-Type" content="text/html;charset=utf-8" />
  <meta name='ocr-system' content='tesseract 3.04.00' />
  <meta name='ocr-capabilities' content='ocr_page ocr_carea ocr_par ocr_line ocrx_word'/>
</head>
<body>
  <div class='ocr_page' id='page_1' title='image "./patresapostolic00piongoog_0026.png"; bbox 0 0 2834 5018; ppageno 0'>
   <div class='ocr_carea' id='block_1_1' title="bbox 354 547 1296 624">
    <p class='ocr_par' dir='ltr' id='par_1_1' title="bbox 354 547 1296 624">
     <span class='ocr_line' id='line_1_1' title="bbox 354 547 1296 624; baseline 0.008 -24"><span class='ocrx_word' id='word_1_1' title='bbox 354 547 544 604; x_wconf 83' lang='lat' dir='ltr'><strong>DOCTRINA</strong></span> <span class='ocrx_word' id='word_1_2' title='bbox 563 548 759 605; x_wconf 81' lang='lat' dir='ltr'><strong>DUODECIM</strong></span> <span class='ocrx_word' id='word_1_3' title='bbox 776 550 1057 607; x_wconf 82' lang='lat' dir='ltr'><strong>APOS&#39;POLORUM.</strong></span> <span class='ocrx_word' id='word_1_4' title='bbox 1217 558 1296 624; x_wconf 82' lang='lat' dir='ltr'>XIII</span> 
     </span>
    </p>
   </div>
   <div class='ocr_carea' id='block_1_2' title="bbox 115 726 1296 3845">
    <p class='ocr_par' dir='ltr' id='par_1_2' title="bbox 115 726 1296 1337">
     <span class='ocr_line' id='line_1_2' title="bbox 116 726 1295 817; baseline 0.004 -24"><span class='ocrx_word' id='word_1_5' title='bbox 116 749 283 793; x_wconf 88' lang='lat' dir='ltr'><strong>consonare</strong></span> <span class='ocrx_word' id='word_1_6' title='bbox 317 731 478 792; x_wconf 81' lang='lat' dir='ltr'><strong>censeant.</strong></span> <span class='ocrx_word' id='word_1_7' title='bbox 523 727 584 792; x_wconf 83' lang='lat' dir='ltr'><strong>Dat</strong></span> <span class='ocrx_word' id='word_1_8' title='bbox 614 731 721 792; x_wconf 89' lang='lat' dir='ltr'><strong>autem</strong></span> <span class='ocrx_word' id='word_1_9' title='bbox 751 727 832 792; x_wconf 84' lang='lat' dir='ltr'><strong>alius</strong></span> <span class='ocrx_word' id='word_1_10' title='bbox 863 726 952 793; x_wconf 92' lang='lat' dir='ltr'><strong>locus</strong></span> <span class='ocrx_word' id='word_1_11' title='bbox 973 731 1100 815; x_wconf 87' lang='lat' dir='ltr'><strong>utrique</strong></span> <span class='ocrx_word' id='word_1_12' title='bbox 1121 733 1295 817; x_wconf 79' lang='lat' dir='ltr'><strong>scripturae</strong></span> 
     </span>
     <span class='ocr_line' id='line_1_3' title="bbox 115 831 1294 921; baseline 0.005 -24"><span class='ocrx_word' id='word_1_13' title='bbox 115 833 295 909; x_wconf 77' lang='lat' dir='ltr'><strong>communis,</strong></span> <span class='ocrx_word' id='word_1_14' title='bbox 321 838 354 898; x_wconf 89' lang='lat' dir='ltr'><strong>et</strong></span> <span class='ocrx_word' id='word_1_15' title='bbox 377 831 530 896; x_wconf 90' lang='lat' dir='ltr'><strong>Harnack</strong></span> <span class='ocrx_word' id='word_1_16' title='bbox 551 831 693 896; x_wconf 88' lang='lat' dir='ltr'><strong>iudicans</strong></span> <span class='ocrx_word' id='word_1_17' title='bbox 715 831 898 897; x_wconf 89' lang='lat' dir='ltr'><strong>Bamabam</strong></span> <span class='ocrx_word' id='word_1_18' title='bbox 920 836 988 911; x_wconf 85' lang='grc'><strong>4,9</strong></span> <span class='ocrx_word' id='word_1_19' title='bbox 1011 840 1134 901; x_wconf 85' lang='lat' dir='ltr'><strong>textum</strong></span> <span class='ocrx_word' id='word_1_20' title='bbox 1156 837 1294 921; x_wconf 88' lang='lat' dir='ltr'><strong>primiti·</strong></span> 
     </span>
     <span class='ocr_line' id='line_1_4' title="bbox 115 937 1296 1025; baseline 0.003 -23"><span class='ocrx_word' id='word_1_21' title='bbox 115 961 184 1002; x_wconf 83' lang='lat' dir='ltr'><strong>rum</strong></span> <span class='ocrx_word' id='word_1_22' title='bbox 199 938 364 1016; x_wconf 79' lang='lat' dir='ltr'><strong>exhibere,</strong></span> <span class='ocrx_word' id='word_1_23' title='bbox 395 959 459 1002; x_wconf 92' lang='lat' dir='ltr'><strong>non</strong></span> <span class='ocrx_word' id='word_1_24' title='bbox 488 937 675 1002; x_wconf 89' lang='lat' dir='ltr'><strong>Doctrinam</strong></span> <span class='ocrx_word' id='word_1_25' title='bbox 700 937 749 1014; x_wconf 88' lang='grc'><strong>16,</strong></span> <span class='ocrx_word' id='word_1_26' title='bbox 767 938 863 1015; x_wconf 88' lang='grc'>2-3,</span> <span class='ocrx_word' id='word_1_27' title='bbox 894 939 976 1004; x_wconf 90' lang='lat' dir='ltr'><strong>hanc</strong></span> <span class='ocrx_word' id='word_1_28' title='bbox 999 941 1096 1004; x_wconf 85' lang='lat' dir='ltr'><strong>etiam</strong></span> <span class='ocrx_word' id='word_1_29' title='bbox 1116 943 1296 1025; x_wconf 90' lang='lat' dir='ltr'><strong>nuperrime</strong></span> 
     </span>
     <span class='ocr_line' id='line_1_5' title="bbox 117 1042 1294 1130; baseline 0.004 -24"><span class='ocrx_word' id='word_1_30' title='bbox 117 1044 153 1106; x_wconf 87' lang='lat' dir='ltr'><strong>ad</strong></span> <span class='ocrx_word' id='word_1_31' title='bbox 173 1043 255 1106; x_wconf 89' lang='lat' dir='ltr'><strong>illud</strong></span> <span class='ocrx_word' id='word_1_32' title='bbox 287 1046 415 1126; x_wconf 89' lang='lat' dir='ltr'><strong>tempus</strong></span> <span class='ocrx_word' id='word_1_33' title='bbox 444 1042 495 1106; x_wconf 82' lang='lat' dir='ltr'><strong>vel</strong></span> <span class='ocrx_word' id='word_1_34' title='bbox 528 1042 568 1106; x_wconf 89' lang='lat' dir='ltr'><strong>ad</strong></span> <span class='ocrx_word' id='word_1_35' title='bbox 590 1063 689 1106; x_wconf 90' lang='lat' dir='ltr'><strong>annos</strong></span> <span class='ocrx_word' id='word_1_36' title='bbox 713 1042 885 1108; x_wconf 84' lang='lat'>120-160</span> <span class='ocrx_word' id='word_1_37' title='bbox 907 1044 1013 1108; x_wconf 83' lang='lat' dir='ltr'><strong>refert.</strong></span> <span class='ocrx_word' id='word_1_38' title='bbox 1059 1045 1216 1130; x_wconf 81' lang='lat' dir='ltr'><strong>Equidem</strong></span> <span class='ocrx_word' id='word_1_39' title='bbox 1239 1048 1294 1112; x_wconf 91' lang='lat' dir='ltr'><strong>de·</strong></span> 
     </span>
     <span class='ocr_line' id='line_1_6' title="bbox 117 1146 1295 1233; baseline 0.004 -23"><span class='ocrx_word' id='word_1_40' title='bbox 117 1154 307 1211; x_wconf 86' lang='lat' dir='ltr'><strong>monstrasse</strong></span> <span class='ocrx_word' id='word_1_41' title='bbox 334 1146 415 1211; x_wconf 89' lang='lat' dir='ltr'><strong>mihi</strong></span> <span class='ocrx_word' id='word_1_42' title='bbox 436 1147 579 1225; x_wconf 77' lang='lat' dir='ltr'><strong>video11,</strong></span> <span class='ocrx_word' id='word_1_43' title='bbox 602 1147 784 1212; x_wconf 86' lang='lat' dir='ltr'><strong>Barnabam</strong></span> <span class='ocrx_word' id='word_1_44' title='bbox 805 1152 975 1233; x_wconf 89' lang='lat' dir='ltr'><strong>utrumque</strong></span> <span class='ocrx_word' id='word_1_45' title='bbox 997 1148 1102 1214; x_wconf 87' lang='lat' dir='ltr'><strong>locum</strong></span> <span class='ocrx_word' id='word_1_46' title='bbox 1124 1149 1295 1215; x_wconf 81' lang='lat' dir='ltr'>Doctrinae</span> 
     </span>
     <span class='ocr_line' id='line_1_7' title="bbox 119 1250 942 1337; baseline 0.002 -22"><span class='ocrx_word' id='word_1_47' title='bbox 119 1251 235 1330; x_wconf 81' lang='lat' dir='ltr'><strong>debere,</strong></span> <span class='ocrx_word' id='word_1_48' title='bbox 260 1251 417 1316; x_wconf 87' lang='lat' dir='ltr'><strong>Hermam</strong></span> <span class='ocrx_word' id='word_1_49' title='bbox 441 1274 566 1337; x_wconf 90' lang='lat' dir='ltr'><strong>quoque</strong></span> <span class='ocrx_word' id='word_1_50' title='bbox 590 1253 630 1317; x_wconf 87' lang='lat' dir='ltr'><strong>ab</strong></span> <span class='ocrx_word' id='word_1_51' title='bbox 653 1251 713 1317; x_wconf 87' lang='lat' dir='ltr'><strong>hac</strong></span> <span class='ocrx_word' id='word_1_52' title='bbox 737 1254 912 1337; x_wconf 88' lang='lat' dir='ltr'><strong>dependere</strong></span> <span class='ocrx_word' id='word_1_53' title='bbox 920 1250 942 1317; x_wconf 75' lang='lat'><strong>².</strong></span> 
     </span>
    </p>

    <p class='ocr_par' dir='ltr' id='par_1_3' title="bbox 121 1354 1296 2782">
     <span class='ocr_line' id='line_1_8' title="bbox 200 1354 1293 1443; baseline 0.002 -23"><span class='ocrx_word' id='word_1_54' title='bbox 200 1354 258 1420; x_wconf 88' lang='lat' dir='ltr'><strong>Sin</strong></span> <span class='ocrx_word' id='word_1_55' title='bbox 281 1361 390 1422; x_wconf 89' lang='lat' dir='ltr'><strong>autem</strong></span> <span class='ocrx_word' id='word_1_56' title='bbox 411 1358 565 1423; x_wconf 80' lang='lat' dir='ltr'><strong>Doctrina</strong></span> <span class='ocrx_word' id='word_1_57' title='bbox 587 1358 674 1442; x_wconf 90' lang='lat' dir='ltr'><strong>prior</strong></span> <span class='ocrx_word' id='word_1_58' title='bbox 696 1363 745 1423; x_wconf 90' lang='lat' dir='ltr'><strong>est</strong></span> <span class='ocrx_word' id='word_1_59' title='bbox 761 1359 928 1424; x_wconf 83' lang='lat' dir='ltr'><strong>Barnabae</strong></span> <span class='ocrx_word' id='word_1_60' title='bbox 950 1359 1096 1443; x_wconf 83' lang='lat' dir='ltr'><strong>epistula,</strong></span> <span class='ocrx_word' id='word_1_61' title='bbox 1121 1358 1293 1443; x_wconf 85' lang='lat' dir='ltr'><strong>quaeritur,</strong></span> 
     </span>
     <span class='ocr_line' id='line_1_9' title="bbox 121 1462 1296 1546; baseline 0.003 -22"><span class='ocrx_word' id='word_1_62' title='bbox 121 1465 233 1543; x_wconf 90' lang='lat' dir='ltr'><strong>quanto</strong></span> <span class='ocrx_word' id='word_1_63' title='bbox 264 1462 420 1546; x_wconf 85' lang='lat' dir='ltr'><strong>temporis</strong></span> <span class='ocrx_word' id='word_1_64' title='bbox 451 1463 556 1546; x_wconf 85' lang='lat' dir='ltr'><strong>spatio</strong></span> <span class='ocrx_word' id='word_1_65' title='bbox 579 1462 654 1528; x_wconf 90' lang='lat' dir='ltr'><strong>huic</strong></span> <span class='ocrx_word' id='word_1_66' title='bbox 676 1465 850 1528; x_wconf 84' lang='lat' dir='ltr'><strong>antecedat</strong></span> <span class='ocrx_word' id='word_1_67' title='bbox 897 1464 1043 1531; x_wconf 87' lang='lat' dir='ltr'><strong>Sabatier</strong></span> <span class='ocrx_word' id='word_1_68' title='bbox 1064 1464 1209 1528; x_wconf 90' lang='lat' dir='ltr'><strong>libellum</strong></span> <span class='ocrx_word' id='word_1_69' title='bbox 1231 1464 1296 1528; x_wconf 87' lang='lat' dir='ltr'><strong>iam</strong></span> 
     </span>
     <span class='ocr_line' id='line_1_10' title="bbox 122 1564 1295 1652; baseline 0.003 -24"><span class='ocrx_word' id='word_1_70' title='bbox 122 1564 241 1629; x_wconf 86' lang='lat' dir='ltr'><strong>sacculo</strong></span> <span class='ocrx_word' id='word_1_71' title='bbox 264 1565 279 1630; x_wconf 95' lang='grc' dir='ltr'>Ι</span> <span class='ocrx_word' id='word_1_72' title='bbox 310 1567 416 1632; x_wconf 87' lang='lat' dir='ltr'><strong>medio</strong></span> <span class='ocrx_word' id='word_1_73' title='bbox 438 1568 648 1650; x_wconf 85' lang='lat' dir='ltr'><strong>compositum</strong></span> <span class='ocrx_word' id='word_1_74' title='bbox 669 1567 767 1631; x_wconf 88' lang='lat' dir='ltr'><strong>fuisse</strong></span> <span class='ocrx_word' id='word_1_75' title='bbox 790 1569 920 1645; x_wconf 84' lang='lat' dir='ltr'><strong>censuit,</strong></span> <span class='ocrx_word' id='word_1_76' title='bbox 945 1592 982 1634; x_wconf 90' lang='lat' dir='ltr'><strong>ao</strong></span> <span class='ocrx_word' id='word_1_77' title='bbox 1004 1568 1150 1634; x_wconf 86' lang='lat' dir='ltr'><strong>nonnulli</strong></span> <span class='ocrx_word' id='word_1_78' title='bbox 1172 1569 1200 1633; x_wconf 89' lang='lat' dir='ltr'><strong>ei</strong></span> <span class='ocrx_word' id='word_1_79' title='bbox 1222 1568 1295 1652; x_wconf 89' lang='lat' dir='ltr'><strong>plus</strong></span> 
     </span>
     <span class='ocr_line' id='line_1_11' title="bbox 123 1669 1294 1756; baseline 0.005 -24"><span class='ocrx_word' id='word_1_80' title='bbox 123 1670 218 1734; x_wconf 90' lang='lat' dir='ltr'><strong>minus</strong></span> <span class='ocrx_word' id='word_1_81' title='bbox 242 1671 364 1734; x_wconf 85' lang='lat' dir='ltr'><strong>assensi</strong></span> <span class='ocrx_word' id='word_1_82' title='bbox 386 1675 468 1736; x_wconf 89' lang='lat' dir='ltr'><strong>sunt.</strong></span> <span class='ocrx_word' id='word_1_83' title='bbox 515 1669 717 1755; x_wconf 84' lang='lat' dir='ltr'><strong>Argumenta</strong></span> <span class='ocrx_word' id='word_1_84' title='bbox 733 1694 816 1749; x_wconf 81' lang='lat' dir='ltr'><strong>vero,</strong></span> <span class='ocrx_word' id='word_1_85' title='bbox 842 1695 923 1756; x_wconf 88' lang='lat' dir='ltr'><strong>quae</strong></span> <span class='ocrx_word' id='word_1_86' title='bbox 938 1674 1122 1752; x_wconf 78' lang='lat' dir='ltr'><strong>attulerunt,</strong></span> <span class='ocrx_word' id='word_1_87' title='bbox 1146 1695 1211 1738; x_wconf 92' lang='lat' dir='ltr'><strong>non</strong></span> <span class='ocrx_word' id='word_1_88' title='bbox 1225 1673 1294 1738; x_wconf 86' lang='lat' dir='ltr'><strong>suf·</strong></span> 
     </span>
     <span class='ocr_line' id='line_1_12' title="bbox 124 1772 1296 1861; baseline 0.004 -26"><span class='ocrx_word' id='word_1_89' title='bbox 124 1772 235 1850; x_wconf 65' lang='lat' dir='ltr'><strong>ficiunt,</strong></span> <span class='ocrx_word' id='word_1_90' title='bbox 269 1778 301 1838; x_wconf 89' lang='grc'><strong>01</strong></span> <span class='ocrx_word' id='word_1_91' title='bbox 335 1774 429 1859; x_wconf 90' lang='lat' dir='ltr'><strong>plura</strong></span> <span class='ocrx_word' id='word_1_92' title='bbox 459 1775 577 1841; x_wconf 88' lang='lat' dir='ltr'><strong>indicia</strong></span> <span class='ocrx_word' id='word_1_93' title='bbox 608 1776 764 1861; x_wconf 83' lang='lat' dir='ltr'><strong>originem</strong></span> <span class='ocrx_word' id='word_1_94' title='bbox 790 1777 998 1860; x_wconf 86' lang='lat' dir='ltr'><strong>posteriorem</strong></span> <span class='ocrx_word' id='word_1_95' title='bbox 1026 1779 1105 1842; x_wconf 90' lang='lat' dir='ltr'><strong>satis</strong></span> <span class='ocrx_word' id='word_1_96' title='bbox 1135 1779 1296 1842; x_wconf 85' lang='lat' dir='ltr'><strong>evidenter</strong></span> 
     </span>
     <span class='ocr_line' id='line_1_13' title="bbox 124 1877 1295 1965; baseline 0.004 -24"><span class='ocrx_word' id='word_1_97' title='bbox 124 1879 261 1960; x_wconf 87' lang='lat' dir='ltr'><strong>probant.</strong></span> <span class='ocrx_word' id='word_1_98' title='bbox 310 1877 432 1944; x_wconf 78' lang='lat' dir='ltr'><strong>Auctor</strong></span> <span class='ocrx_word' id='word_1_99' title='bbox 462 1901 525 1944; x_wconf 88' lang='lat' dir='ltr'><strong>non</strong></span> <span class='ocrx_word' id='word_1_100' title='bbox 554 1878 656 1944; x_wconf 89' lang='lat' dir='ltr'><strong>solum</strong></span> <span class='ocrx_word' id='word_1_101' title='bbox 688 1880 900 1965; x_wconf 83' lang='lat' dir='ltr'><strong>Evangelium</strong></span> <span class='ocrx_word' id='word_1_102' title='bbox 922 1882 1088 1960; x_wconf 87' lang='lat' dir='ltr'><strong>Matthaei,</strong></span> <span class='ocrx_word' id='word_1_103' title='bbox 1122 1883 1295 1946; x_wconf 89' lang='lat' dir='ltr'><strong>sedetiam</strong></span> 
     </span>
     <span class='ocr_line' id='line_1_14' title="bbox 126 1981 1295 2069; baseline 0.003 -23"><span class='ocrx_word' id='word_1_104' title='bbox 126 1981 328 2067; x_wconf 81' lang='lat' dir='ltr'><strong>llvangelium</strong></span> <span class='ocrx_word' id='word_1_105' title='bbox 350 1982 451 2049; x_wconf 80' lang='lat' dir='ltr'><strong>Lucae</strong></span> <span class='ocrx_word' id='word_1_106' title='bbox 474 1989 506 2048; x_wconf 89' lang='lat' dir='ltr'><strong>et</strong></span> <span class='ocrx_word' id='word_1_107' title='bbox 527 1984 634 2068; x_wconf 86' lang='lat' dir='ltr'><strong>plures</strong></span> <span class='ocrx_word' id='word_1_108' title='bbox 657 1985 812 2069; x_wconf 88' lang='lat' dir='ltr'><strong>epistulas</strong></span> <span class='ocrx_word' id='word_1_109' title='bbox 834 1985 919 2052; x_wconf 85' lang='lat' dir='ltr'><strong>Novi</strong></span> <span class='ocrx_word' id='word_1_110' title='bbox 934 1986 1129 2051; x_wconf 88' lang='lat' dir='ltr'><strong>Testamenti</strong></span> <span class='ocrx_word' id='word_1_111' title='bbox 1152 1986 1295 2069; x_wconf 87' lang='lat' dir='ltr'><strong>cognitas</strong></span> 
     </span>
     <span class='ocr_line' id='line_1_15' title="bbox 126 2082 1293 2173; baseline 0.004 -24"><span class='ocrx_word' id='word_1_112' title='bbox 126 2082 265 2152; x_wconf 83' lang='lat' dir='ltr'><strong>babuisse</strong></span> <span class='ocrx_word' id='word_1_113' title='bbox 286 2089 420 2165; x_wconf 76' lang='lat' dir='ltr'><strong>videtur,</strong></span> <span class='ocrx_word' id='word_1_114' title='bbox 443 2089 588 2173; x_wconf 89' lang='lat' dir='ltr'><strong>inprimis</strong></span> <span class='ocrx_word' id='word_1_115' title='bbox 611 2088 705 2154; x_wconf 88' lang='lat' dir='ltr'><strong>Pauli</strong></span> <span class='ocrx_word' id='word_1_116' title='bbox 727 2092 768 2156; x_wconf 89' lang='lat' dir='ltr'><strong>ad</strong></span> <span class='ocrx_word' id='word_1_117' title='bbox 790 2090 961 2168; x_wconf 81' lang='lat' dir='ltr'><strong>Romanos,</strong></span> <span class='ocrx_word' id='word_1_118' title='bbox 986 2096 1018 2155; x_wconf 86' lang='lat' dir='ltr'><strong>et</strong></span> <span class='ocrx_word' id='word_1_119' title='bbox 1041 2092 1081 2155; x_wconf 90' lang='lat' dir='ltr'><strong>ad</strong></span> <span class='ocrx_word' id='word_1_120' title='bbox 1103 2088 1293 2167; x_wconf 78' lang='lat' dir='ltr'><strong>Corinthios,</strong></span> 
     </span>
     <span class='ocr_line' id='line_1_16' title="bbox 129 2188 1293 2275; baseline 0.002 -21"><span class='ocrx_word' id='word_1_121' title='bbox 129 2188 202 2255; x_wconf 88' lang='lat' dir='ltr'><strong>Petri</strong></span> <span class='ocrx_word' id='word_1_122' title='bbox 231 2192 403 2275; x_wconf 89' lang='lat' dir='ltr'><strong>epistulam</strong></span> <span class='ocrx_word' id='word_1_123' title='bbox 424 2192 448 2257; x_wconf 93' lang='grc' dir='ltr'><strong>Ι.</strong></span> <span class='ocrx_word' id='word_1_124' title='bbox 495 2192 544 2258; x_wconf 82' lang='lat' dir='ltr'><strong>cf.</strong></span> <span class='ocrx_word' id='word_1_125' title='bbox 568 2194 710 2259; x_wconf 84' lang='lat' dir='ltr'><strong>adnotat.</strong></span> <span class='ocrx_word' id='word_1_126' title='bbox 735 2195 775 2259; x_wconf 91' lang='lat' dir='ltr'><strong>ad</strong></span> <span class='ocrx_word' id='word_1_127' title='bbox 800 2196 828 2270; x_wconf 82' lang='lat'><strong>1,</strong></span> <span class='ocrx_word' id='word_1_128' title='bbox 845 2195 946 2270; x_wconf 86' lang='lat'>2-5;</span> <span class='ocrx_word' id='word_1_129' title='bbox 971 2197 1001 2274; x_wconf 86' lang='lat'><strong>2,</strong></span> <span class='ocrx_word' id='word_1_130' title='bbox 1017 2197 1119 2271; x_wconf 84' lang='lat'><strong>2-3;</strong></span> <span class='ocrx_word' id='word_1_131' title='bbox 1145 2195 1293 2273; x_wconf 79' lang='lat'>5‚1-2;</span> 
     </span>
     <span class='ocr_line' id='line_1_17' title="bbox 131 2295 1295 2377; baseline 0.009 -23"><span class='ocrx_word' id='word_1_132' title='bbox 131 2295 1180 2377; x_wconf 68' lang='grc'>1,1.3;8,2;10,5.6;11,7;12,1;13,1;16,1.5-63.</span> <span class='ocrx_word' id='word_1_133' title='bbox 1216 2298 1295 2364; x_wconf 80' lang='lat' dir='ltr'><strong>Oum</strong></span> 
     </span>
     <span class='ocr_line' id='line_1_18' title="bbox 130 2399 1295 2488; baseline 0.002 -23"><span class='ocrx_word' id='word_1_134' title='bbox 130 2399 283 2467; x_wconf 84' lang='lat' dir='ltr'><strong>Barnabae</strong></span> <span class='ocrx_word' id='word_1_135' title='bbox 307 2403 445 2487; x_wconf 89' lang='lat' dir='ltr'><strong>epistula</strong></span> <span class='ocrx_word' id='word_1_136' title='bbox 469 2403 596 2468; x_wconf 86' lang='lat' dir='ltr'><strong>saeculo</strong></span> <span class='ocrx_word' id='word_1_137' title='bbox 617 2403 633 2468; x_wconf 93' lang='lat' dir='ltr'>I</span> <span class='ocrx_word' id='word_1_138' title='bbox 656 2410 789 2469; x_wconf 84' lang='lat' dir='ltr'><strong>exeunte</strong></span> <span class='ocrx_word' id='word_1_139' title='bbox 813 2410 923 2469; x_wconf 85' lang='lat' dir='ltr'><strong>exorta</strong></span> <span class='ocrx_word' id='word_1_140' title='bbox 945 2426 1013 2469; x_wconf 88' lang='lat' dir='ltr'><strong>esse</strong></span> <span class='ocrx_word' id='word_1_141' title='bbox 1028 2405 1179 2481; x_wconf 78' lang='lat' dir='ltr'><strong>videatur,</strong></span> <span class='ocrx_word' id='word_1_142' title='bbox 1204 2406 1295 2488; x_wconf 88' lang='lat' dir='ltr'><strong>equi-</strong></span> 
     </span>
     <span class='ocr_line' id='line_1_19' title="bbox 132 2505 1294 2592; baseline 0.005 -24"><span class='ocrx_word' id='word_1_143' title='bbox 132 2505 190 2570; x_wconf 88' lang='lat' dir='ltr'><strong>dem</strong></span> <span class='ocrx_word' id='word_1_144' title='bbox 212 2507 358 2572; x_wconf 87' lang='lat' dir='ltr'><strong>libellum</strong></span> <span class='ocrx_word' id='word_1_145' title='bbox 391 2509 432 2572; x_wconf 86' lang='lat' dir='ltr'><strong>ad</strong></span> <span class='ocrx_word' id='word_1_146' title='bbox 453 2530 554 2573; x_wconf 84' lang='lat' dir='ltr'><strong>anuos</strong></span> <span class='ocrx_word' id='word_1_147' title='bbox 577 2510 707 2575; x_wconf 85' lang='lat'>80-90</span> <span class='ocrx_word' id='word_1_148' title='bbox 729 2511 901 2575; x_wconf 89' lang='lat' dir='ltr'><strong>retulerim.</strong></span> <span class='ocrx_word' id='word_1_149' title='bbox 948 2509 1009 2586; x_wconf 85' lang='lat' dir='ltr'><strong>Qui</strong></span> <span class='ocrx_word' id='word_1_150' title='bbox 1032 2509 1213 2574; x_wconf 86' lang='lat' dir='ltr'><strong>Barnabam</strong></span> <span class='ocrx_word' id='word_1_151' title='bbox 1235 2531 1294 2592; x_wconf 94' lang='lat' dir='ltr'><strong>po·</strong></span> 
     </span>
     <span class='ocr_line' id='line_1_20' title="bbox 133 2612 1295 2695; baseline 0.003 -21"><span class='ocrx_word' id='word_1_152' title='bbox 133 2615 189 2674; x_wconf 79' lang='lat' dir='ltr'><strong>stoa</strong></span> <span class='ocrx_word' id='word_1_153' title='bbox 208 2612 372 2695; x_wconf 92' lang='lat' dir='ltr'><strong>scripsisse</strong></span> <span class='ocrx_word' id='word_1_154' title='bbox 396 2618 533 2691; x_wconf 72' lang='lat' dir='ltr'><strong>censent,</strong></span> <span class='ocrx_word' id='word_1_155' title='bbox 557 2613 701 2679; x_wconf 88' lang='lat' dir='ltr'><strong>libellum</strong></span> <span class='ocrx_word' id='word_1_156' title='bbox 723 2615 880 2679; x_wconf 84' lang='lat' dir='ltr'><strong>saeculol</strong></span> <span class='ocrx_word' id='word_1_157' title='bbox 902 2614 1028 2679; x_wconf 86' lang='lat' dir='ltr'><strong>exeunti</strong></span> <span class='ocrx_word' id='word_1_158' title='bbox 1050 2613 1101 2677; x_wconf 89' lang='lat' dir='ltr'><strong>vel</strong></span> <span class='ocrx_word' id='word_1_159' title='bbox 1120 2613 1248 2678; x_wconf 86' lang='lat' dir='ltr'><strong>saeculo</strong></span> <span class='ocrx_word' id='word_1_160' title='bbox 1263 2612 1295 2677; x_wconf 90' lang='grc' dir='ltr'><strong>ΙΙ</strong></span> 
     </span>
     <span class='ocr_line' id='line_1_21' title="bbox 134 2711 566 2782; baseline 0.016 -7"><span class='ocrx_word' id='word_1_161' title='bbox 134 2711 238 2779; x_wconf 88' lang='lat' dir='ltr'><strong>ineunti</strong></span> <span class='ocrx_word' id='word_1_162' title='bbox 260 2717 432 2781; x_wconf 89' lang='lat' dir='ltr'><strong>attribuere</strong></span> <span class='ocrx_word' id='word_1_163' title='bbox 455 2718 566 2782; x_wconf 90' lang='lat' dir='ltr'><strong>solent.</strong></span> 
     </span>
    </p>

    <p class='ocr_par' dir='ltr' id='par_1_4' title="bbox 137 2819 1295 3845">
     <span class='ocr_line' id='line_1_22' title="bbox 207 2819 1294 2907; baseline 0.001 -23"><span class='ocrx_word' id='word_1_164' title='bbox 207 2819 408 2903; x_wconf 89' lang='lat' dir='ltr'><strong>lupatria</strong></span> <span class='ocrx_word' id='word_1_165' title='bbox 436 2823 610 2906; x_wconf 86' lang='lat' dir='ltr'><strong>scripturae</strong></span> <span class='ocrx_word' id='word_1_166' title='bbox 632 2823 853 2907; x_wconf 81' lang='lat' dir='ltr'><strong>investiganda</strong></span> <span class='ocrx_word' id='word_1_167' title='bbox 876 2823 1117 2899; x_wconf 74' lang='lat' dir='ltr'><strong>considerantes,</strong></span> <span class='ocrx_word' id='word_1_168' title='bbox 1141 2820 1294 2905; x_wconf 88' lang='lat' dir='ltr'><strong>plurimos</strong></span> 
     </span>
     <span class='ocr_line' id='line_1_23' title="bbox 137 2923 1293 3011; baseline 0.004 -27"><span class='ocrx_word' id='word_1_169' title='bbox 137 2923 218 2986; x_wconf 85' lang='lat' dir='ltr'><strong>testes</strong></span> <span class='ocrx_word' id='word_1_170' title='bbox 238 2946 305 2989; x_wconf 87' lang='lat' dir='ltr'><strong>csse</strong></span> <span class='ocrx_word' id='word_1_171' title='bbox 328 2923 507 3010; x_wconf 79' lang='lat' dir='ltr'><strong>Aegyptios</strong></span> <span class='ocrx_word' id='word_1_172' title='bbox 529 2926 579 2990; x_wconf 88' lang='lat' dir='ltr'><strong>vel</strong></span> <span class='ocrx_word' id='word_1_173' title='bbox 595 2927 834 3004; x_wconf 76' lang='lat' dir='ltr'><strong>Alexandrinos,</strong></span> <span class='ocrx_word' id='word_1_174' title='bbox 858 2927 950 2992; x_wconf 91' lang='lat' dir='ltr'><strong>multi</strong></span> <span class='ocrx_word' id='word_1_175' title='bbox 973 2927 1159 3011; x_wconf 82' lang='lat' dir='ltr'><strong>Doctrinam</strong></span> <span class='ocrx_word' id='word_1_176' title='bbox 1180 2925 1293 2990; x_wconf 77' lang='grc' dir='ltr'>10Αο-</span> 
     </span>
     <span class='ocr_line' id='line_1_24' title="bbox 139 3027 1294 3116; baseline -0.001 -24"><span class='ocrx_word' id='word_1_177' title='bbox 139 3031 221 3107; x_wconf 75' lang='lat' dir='ltr'><strong>gypto</strong></span> <span class='ocrx_word' id='word_1_178' title='bbox 241 3034 384 3094; x_wconf 86' lang='lat' dir='ltr'><strong>exortam</strong></span> <span class='ocrx_word' id='word_1_179' title='bbox 399 3051 466 3094; x_wconf 87' lang='lat' dir='ltr'><strong>esse</strong></span> <span class='ocrx_word' id='word_1_180' title='bbox 481 3031 706 3107; x_wconf 73' lang='lat' dir='ltr'><strong>iudicaverimt</strong></span> <span class='ocrx_word' id='word_1_181' title='bbox 729 3032 874 3115; x_wconf 90' lang='lat' dir='ltr'><strong>inprimis</strong></span> <span class='ocrx_word' id='word_1_182' title='bbox 890 3032 1066 3116; x_wconf 83' lang='lat' dir='ltr'><strong>Bryennius</strong></span> <span class='ocrx_word' id='word_1_183' title='bbox 1086 3036 1119 3095; x_wconf 93' lang='lat' dir='ltr'><strong>et</strong></span> <span class='ocrx_word' id='word_1_184' title='bbox 1133 3027 1294 3094; x_wconf 83' lang='lat' dir='ltr'><strong>Hamaok.</strong></span> 
     </span>
     <span class='ocr_line' id='line_1_25' title="bbox 140 3122 1295 3217; baseline 0.003 -23"><span class='ocrx_word' id='word_1_185' title='bbox 140 3122 328 3197; x_wconf 75' lang='lat' dir='ltr'><strong>traaucem</strong></span> <span class='ocrx_word' id='word_1_186' title='bbox 350 3133 507 3217; x_wconf 86' lang='lat' dir='ltr'><strong>scriptura</strong></span> <span class='ocrx_word' id='word_1_187' title='bbox 528 3157 592 3200; x_wconf 91' lang='lat' dir='ltr'><strong>non</strong></span> <span class='ocrx_word' id='word_1_188' title='bbox 613 3136 659 3200; x_wconf 93' lang='lat' dir='ltr'><strong>ibi</strong></span> <span class='ocrx_word' id='word_1_189' title='bbox 673 3135 787 3216; x_wconf 83' lang='lat' dir='ltr'><strong>solum,</strong></span> <span class='ocrx_word' id='word_1_190' title='bbox 808 3138 867 3207; x_wconf 87' lang='lat' dir='ltr'><strong>ubi</strong></span> <span class='ocrx_word' id='word_1_191' title='bbox 881 3142 986 3201; x_wconf 86' lang='lat' dir='ltr'><strong>ortum</strong></span> <span class='ocrx_word' id='word_1_192' title='bbox 1000 3137 1106 3212; x_wconf 77' lang='lat' dir='ltr'><strong>habet,</strong></span> <span class='ocrx_word' id='word_1_193' title='bbox 1129 3134 1295 3198; x_wconf 84' lang='lat' dir='ltr'><strong>sedetiam</strong></span> 
     </span>
     <span class='ocr_line' id='line_1_26' title="bbox 142 3229 1295 3325; baseline 0.003 -28"><span class='ocrx_word' id='word_1_194' title='bbox 142 3229 202 3296; x_wconf 70' lang='lat' dir='ltr'><strong>tlibi</strong></span> <span class='ocrx_word' id='word_1_195' title='bbox 221 3238 327 3302; x_wconf 89' lang='lat' dir='ltr'><strong>crebro</strong></span> <span class='ocrx_word' id='word_1_196' title='bbox 359 3238 426 3322; x_wconf 88' lang='lat' dir='ltr'><strong>legi</strong></span> <span class='ocrx_word' id='word_1_197' title='bbox 447 3240 558 3322; x_wconf 82' lang='lat' dir='ltr'><strong>possit,</strong></span> <span class='ocrx_word' id='word_1_198' title='bbox 590 3245 812 3325; x_wconf 84' lang='lat' dir='ltr'><strong>argumentum</strong></span> <span class='ocrx_word' id='word_1_199' title='bbox 835 3263 899 3305; x_wconf 92' lang='lat' dir='ltr'><strong>non</strong></span> <span class='ocrx_word' id='word_1_200' title='bbox 921 3247 969 3305; x_wconf 89' lang='lat' dir='ltr'><strong>est</strong></span> <span class='ocrx_word' id='word_1_201' title='bbox 988 3240 1136 3304; x_wconf 83' lang='lat' dir='ltr'><strong>validum.</strong></span> <span class='ocrx_word' id='word_1_202' title='bbox 1182 3237 1295 3302; x_wconf 86' lang='lat' dir='ltr'><strong>Altera</strong></span> 
     </span>
     <span class='ocr_line' id='line_1_27' title="bbox 142 3343 1294 3429; baseline 0.003 -26"><span class='ocrx_word' id='word_1_203' title='bbox 142 3345 269 3420; x_wconf 71' lang='lat' dir='ltr'><strong>exparte</strong></span> <span class='ocrx_word' id='word_1_204' title='bbox 301 3363 382 3426; x_wconf 89' lang='lat' dir='ltr'><strong>quae</strong></span> <span class='ocrx_word' id='word_1_205' title='bbox 404 3343 470 3419; x_wconf 81' lang='lat'><strong>9,7</strong></span> <span class='ocrx_word' id='word_1_206' title='bbox 495 3343 533 3407; x_wconf 85' lang='lat' dir='ltr'><strong>de</strong></span> <span class='ocrx_word' id='word_1_207' title='bbox 555 3343 713 3408; x_wconf 83' lang='lat' dir='ltr'><strong>frumento</strong></span> <span class='ocrx_word' id='word_1_208' title='bbox 742 3344 776 3407; x_wconf 94' lang='lat' dir='ltr'><strong>in</strong></span> <span class='ocrx_word' id='word_1_209' title='bbox 798 3344 958 3408; x_wconf 89' lang='lat' dir='ltr'><strong>montibus</strong></span> <span class='ocrx_word' id='word_1_210' title='bbox 980 3348 1050 3408; x_wconf 86' lang='lat' dir='ltr'><strong>sato</strong></span> <span class='ocrx_word' id='word_1_211' title='bbox 1073 3343 1231 3429; x_wconf 81' lang='lat' dir='ltr'><strong>leguntur,</strong></span> <span class='ocrx_word' id='word_1_212' title='bbox 1261 3344 1294 3406; x_wconf 91' lang='lat' dir='ltr'><strong>in</strong></span> 
     </span>
     <span class='ocr_line' id='line_1_28' title="bbox 144 3435 1293 3533; baseline 0.002 -24"><span class='ocrx_word' id='word_1_213' title='bbox 144 3435 303 3528; x_wconf 77' lang='lat' dir='ltr'><strong>Aegyptum</strong></span> <span class='ocrx_word' id='word_1_214' title='bbox 316 3445 412 3530; x_wconf 90' lang='lat' dir='ltr'><strong>plane</strong></span> <span class='ocrx_word' id='word_1_215' title='bbox 426 3468 490 3511; x_wconf 92' lang='lat' dir='ltr'><strong>non</strong></span> <span class='ocrx_word' id='word_1_216' title='bbox 502 3448 669 3530; x_wconf 74' lang='lat' dir='ltr'><strong>quadrant,</strong></span> <span class='ocrx_word' id='word_1_217' title='bbox 681 3449 736 3513; x_wconf 92' lang='lat' dir='ltr'><strong>sed</strong></span> <span class='ocrx_word' id='word_1_218' title='bbox 746 3449 853 3533; x_wconf 88' lang='lat' dir='ltr'><strong>potius</strong></span> <span class='ocrx_word' id='word_1_219' title='bbox 870 3449 910 3512; x_wconf 85' lang='lat' dir='ltr'><strong>ad</strong></span> <span class='ocrx_word' id='word_1_220' title='bbox 925 3447 1049 3531; x_wconf 87' lang='lat' dir='ltr'><strong>Syriam</strong></span> <span class='ocrx_word' id='word_1_221' title='bbox 1063 3448 1115 3513; x_wconf 85' lang='lat' dir='ltr'><strong>vel</strong></span> <span class='ocrx_word' id='word_1_222' title='bbox 1129 3449 1168 3512; x_wconf 85' lang='lat' dir='ltr'><strong>ed</strong></span> <span class='ocrx_word' id='word_1_223' title='bbox 1179 3447 1293 3512; x_wconf 84' lang='lat' dir='ltr'><strong>Palae-</strong></span> 
     </span>
     <span class='ocr_line' id='line_1_29' title="bbox 143 3543 1295 3637; baseline 0.003 -26"><span class='ocrx_word' id='word_1_224' title='bbox 143 3543 236 3614; x_wconf 65' lang='lat' dir='ltr'><strong>stinam</strong></span> <span class='ocrx_word' id='word_1_225' title='bbox 249 3551 414 3616; x_wconf 83' lang='lat' dir='ltr'><strong>referenda</strong></span> <span class='ocrx_word' id='word_1_226' title='bbox 433 3557 515 3616; x_wconf 91' lang='lat' dir='ltr'><strong>sunt.</strong></span> <span class='ocrx_word' id='word_1_227' title='bbox 554 3551 647 3635; x_wconf 86' lang='lat' dir='ltr'><strong>Syria</strong></span> <span class='ocrx_word' id='word_1_228' title='bbox 668 3553 764 3617; x_wconf 90' lang='lat' dir='ltr'><strong>etiam</strong></span> <span class='ocrx_word' id='word_1_229' title='bbox 778 3554 849 3618; x_wconf 86' lang='lat' dir='ltr'><strong>ideo</strong></span> <span class='ocrx_word' id='word_1_230' title='bbox 871 3553 977 3637; x_wconf 84' lang='lat' dir='ltr'><strong>patria</strong></span> <span class='ocrx_word' id='word_1_231' title='bbox 994 3552 1168 3636; x_wconf 85' lang='lat' dir='ltr'><strong>scripturae</strong></span> <span class='ocrx_word' id='word_1_232' title='bbox 1183 3551 1295 3616; x_wconf 90' lang='lat' dir='ltr'><strong>haberi</strong></span> 
     </span>
     <span class='ocr_line' id='line_1_30' title="bbox 143 3653 1294 3741; baseline 0.002 -24"><span class='ocrx_word' id='word_1_233' title='bbox 143 3653 235 3729; x_wconf 77' lang='lat' dir='ltr'><strong>potest,</strong></span> <span class='ocrx_word' id='word_1_234' title='bbox 259 3655 334 3739; x_wconf 90' lang='lat' dir='ltr'><strong>quia</strong></span> <span class='ocrx_word' id='word_1_235' title='bbox 355 3656 492 3720; x_wconf 89' lang='lat' dir='ltr'><strong>orationi</strong></span> <span class='ocrx_word' id='word_1_236' title='bbox 507 3657 637 3721; x_wconf 92' lang='lat' dir='ltr'><strong>Domini</strong></span> <span class='ocrx_word' id='word_1_237' title='bbox 660 3657 724 3721; x_wconf 87' lang='lat' dir='ltr'><strong>iam</strong></span> <span class='ocrx_word' id='word_1_238' title='bbox 746 3658 916 3741; x_wconf 85' lang='lat' dir='ltr'><strong>doxologia</strong></span> <span class='ocrx_word' id='word_1_239' title='bbox 938 3658 1060 3722; x_wconf 88' lang='lat' dir='ltr'><strong>adiecta</strong></span> <span class='ocrx_word' id='word_1_240' title='bbox 1075 3663 1132 3734; x_wconf 87' lang='lat' dir='ltr'><strong>est,</strong></span> <span class='ocrx_word' id='word_1_241' title='bbox 1158 3678 1238 3740; x_wconf 85' lang='lat' dir='ltr'><strong>quae</strong></span> <span class='ocrx_word' id='word_1_242' title='bbox 1260 3656 1294 3720; x_wconf 91' lang='lat' dir='ltr'><strong>in</strong></span> 
     </span>
     <span class='ocr_line' id='line_1_31' title="bbox 143 3747 1294 3845; baseline 0.003 -22"><span class='ocrx_word' id='word_1_243' title='bbox 143 3747 186 3816; x_wconf 71' lang='lat' dir='ltr'><strong>illu</strong></span> <span class='ocrx_word' id='word_1_244' title='bbox 209 3763 289 3824; x_wconf 89' lang='lat' dir='ltr'><strong>terra</strong></span> <span class='ocrx_word' id='word_1_245' title='bbox 318 3760 474 3845; x_wconf 90' lang='lat' dir='ltr'><strong>originem</strong></span> <span class='ocrx_word' id='word_1_246' title='bbox 502 3761 650 3825; x_wconf 85' lang='lat' dir='ltr'><strong>habuisse</strong></span> <span class='ocrx_word' id='word_1_247' title='bbox 681 3767 833 3827; x_wconf 88' lang='lat' dir='ltr'><strong>censetur.</strong></span> <span class='ocrx_word' id='word_1_248' title='bbox 879 3760 1080 3829; x_wconf 85' lang='lat' dir='ltr'><strong>Palaestinae</strong></span> <span class='ocrx_word' id='word_1_249' title='bbox 1110 3783 1183 3826; x_wconf 81' lang='lat' dir='ltr'><strong>vero</strong></span> <span class='ocrx_word' id='word_1_250' title='bbox 1206 3761 1294 3826; x_wconf 84' lang='lat' dir='ltr'><strong>favet</strong></span> 
     </span>
    </p>
   </div>
   <div class='ocr_carea' id='block_1_3' title="bbox 144 3889 328 3909">
    <p class='ocr_par' dir='ltr' id='par_1_5' title="bbox 144 3889 328 3909">
     <span class='ocr_line' id='line_1_32' title="bbox 144 3889 328 3909; baseline 0 0"><span class='ocrx_word' id='word_1_251' title='bbox 144 3889 328 3909; x_wconf 32' lang='lat' dir='ltr'><strong>*Q—</strong></span> 
     </span>
    </p>
   </div>
   <div class='ocr_carea' id='block_1_4' title="bbox 137 3982 1293 4577">
    <p class='ocr_par' dir='ltr' id='par_1_6' title="bbox 142 3982 1292 4142">
     <span class='ocr_line' id='line_1_33' title="bbox 198 3982 1292 4054; baseline 0.004 -20"><span class='ocrx_word' id='word_1_252' title='bbox 198 3982 208 4034; x_wconf 95' lang='lat' dir='ltr'><strong>l</strong></span> <span class='ocrx_word' id='word_1_253' title='bbox 225 3982 330 4039; x_wconf 90' lang='lat' dir='ltr'><strong>Ibidem</strong></span> <span class='ocrx_word' id='word_1_254' title='bbox 348 4002 375 4053; x_wconf 90' lang='lat' dir='ltr'><strong>p.</strong></span> <span class='ocrx_word' id='word_1_255' title='bbox 397 3984 542 4039; x_wconf 85' lang='lat' dir='ltr'><strong>llo-131.</strong></span> <span class='ocrx_word' id='word_1_256' title='bbox 579 3983 608 4038; x_wconf 85' lang='lat' dir='ltr'><strong>C.</strong></span> <span class='ocrx_word' id='word_1_257' title='bbox 628 3985 657 4038; x_wconf 85' lang='lat' dir='ltr'><strong>F.</strong></span> <span class='ocrx_word' id='word_1_258' title='bbox 676 3983 791 4048; x_wconf 88' lang='lat' dir='ltr'><strong>Arnold,</strong></span> <span class='ocrx_word' id='word_1_259' title='bbox 811 3984 1015 4049; x_wconf 85' lang='lat' dir='ltr'><strong>Quaestionum</strong></span> <span class='ocrx_word' id='word_1_260' title='bbox 1032 3986 1067 4039; x_wconf 89' lang='lat' dir='ltr'><strong>de</strong></span> <span class='ocrx_word' id='word_1_261' title='bbox 1086 3984 1292 4054; x_wconf 86' lang='lat' dir='ltr'><strong>compositione</strong></span> 
     </span>
     <span class='ocr_line' id='line_1_34' title="bbox 142 4064 979 4142; baseline 0.005 -22"><span class='ocrx_word' id='word_1_262' title='bbox 142 4064 292 4125; x_wconf 72' lang='lat' dir='ltr'><strong>ttsontibus</strong></span> <span class='ocrx_word' id='word_1_263' title='bbox 310 4073 460 4127; x_wconf 85' lang='lat' dir='ltr'><strong>Barnabae</strong></span> <span class='ocrx_word' id='word_1_264' title='bbox 477 4072 617 4142; x_wconf 88' lang='lat' dir='ltr'><strong>epistulae</strong></span> <span class='ocrx_word' id='word_1_265' title='bbox 636 4072 733 4141; x_wconf 87' lang='lat' dir='ltr'><strong>capita</strong></span> <span class='ocrx_word' id='word_1_266' title='bbox 749 4072 887 4125; x_wconf 88' lang='lat' dir='ltr'><strong>nonnulla</strong></span> <span class='ocrx_word' id='word_1_267' title='bbox 906 4073 979 4126; x_wconf 88' lang='grc'>1886.</span> 
     </span>
    </p>

    <p class='ocr_par' dir='ltr' id='par_1_7' title="bbox 140 4155 1293 4399">
     <span class='ocr_line' id='line_1_35' title="bbox 196 4155 1293 4228; baseline 0.003 -18"><span class='ocrx_word' id='word_1_268' title='bbox 196 4155 210 4206; x_wconf 84' lang='lat'>2</span> <span class='ocrx_word' id='word_1_269' title='bbox 227 4157 370 4213; x_wconf 76' lang='lat' dir='ltr'><strong>barnabae</strong></span> <span class='ocrx_word' id='word_1_270' title='bbox 389 4159 541 4228; x_wconf 86' lang='lat' dir='ltr'><strong>epistulam</strong></span> <span class='ocrx_word' id='word_1_271' title='bbox 558 4158 695 4213; x_wconf 89' lang='lat' dir='ltr'><strong>Doctrina</strong></span> <span class='ocrx_word' id='word_1_272' title='bbox 713 4157 834 4227; x_wconf 88' lang='lat' dir='ltr'><strong>priorem</strong></span> <span class='ocrx_word' id='word_1_273' title='bbox 854 4159 970 4225; x_wconf 90' lang='lat' dir='ltr'><strong>eiusque</strong></span> <span class='ocrx_word' id='word_1_274' title='bbox 989 4159 1097 4212; x_wconf 89' lang='lat' dir='ltr'><strong>fontem</strong></span> <span class='ocrx_word' id='word_1_275' title='bbox 1116 4175 1176 4213; x_wconf 88' lang='lat' dir='ltr'><strong>esse</strong></span> <span class='ocrx_word' id='word_1_276' title='bbox 1199 4163 1293 4213; x_wconf 89' lang='lat' dir='ltr'><strong>censet</strong></span> 
     </span>
     <span class='ocr_line' id='line_1_36' title="bbox 141 4237 1293 4316; baseline 0.006 -23"><span class='ocrx_word' id='word_1_277' title='bbox 141 4237 211 4294; x_wconf 79' lang='lat' dir='ltr'><strong>etiam</strong></span> <span class='ocrx_word' id='word_1_278' title='bbox 228 4243 259 4297; x_wconf 80' lang='grc'><strong>11</strong></span> <span class='ocrx_word' id='word_1_279' title='bbox 278 4246 425 4307; x_wconf 79' lang='lat' dir='ltr'><strong>Amoneit,</strong></span> <span class='ocrx_word' id='word_1_280' title='bbox 457 4246 694 4316; x_wconf 69' lang='lat' dir='ltr'><strong>Ualersuctunpen</strong></span> <span class='ocrx_word' id='word_1_281' title='bbox 719 4263 771 4299; x_wconf 77' lang='lat' dir='ltr'><strong>aar</strong></span> <span class='ocrx_word' id='word_1_282' title='bbox 794 4247 865 4300; x_wconf 79' lang='lat' dir='ltr'><strong>alten</strong></span> <span class='ocrx_word' id='word_1_283' title='bbox 890 4246 1162 4314; x_wconf 72' lang='lat' dir='ltr'><strong>Kirchcnpeachichte.</strong></span> <span class='ocrx_word' id='word_1_284' title='bbox 1199 4246 1219 4299; x_wconf 90' lang='lat' dir='ltr'><strong>l.</strong></span> <span class='ocrx_word' id='word_1_285' title='bbox 1239 4246 1293 4300; x_wconf 79' lang='lat' dir='ltr'><strong>Die</strong></span> 
     </span>
     <span class='ocr_line' id='line_1_37' title="bbox 140 4324 1291 4399; baseline -0.002 -13"><span class='ocrx_word' id='word_1_286' title='bbox 140 4324 300 4392; x_wconf 67' lang='lat' dir='ltr'><strong>Aaronem</strong></span> <span class='ocrx_word' id='word_1_287' title='bbox 318 4334 349 4386; x_wconf 82' lang='lat' dir='ltr'><strong>in-</strong></span> <span class='ocrx_word' id='word_1_288' title='bbox 366 4335 450 4388; x_wconf 79' lang='lat' dir='ltr'><strong>ibrcm</strong></span> <span class='ocrx_word' id='word_1_289' title='bbox 473 4333 625 4387; x_wconf 75' lang='lat' dir='ltr'><strong>Vertrtttnis</strong></span> <span class='ocrx_word' id='word_1_290' title='bbox 641 4351 676 4387; x_wconf 78' lang='lat' dir='ltr'><strong>eu</strong></span> <span class='ocrx_word' id='word_1_291' title='bbox 693 4334 859 4388; x_wconf 64' lang='grc' dir='ltr'>0001000011οη</span> <span class='ocrx_word' id='word_1_292' title='bbox 878 4332 1021 4399; x_wconf 79' lang='lat' dir='ltr'><strong>Schriften.</strong></span> <span class='ocrx_word' id='word_1_293' title='bbox 1041 4332 1206 4387; x_wconf 85' lang='lat' dir='ltr'><strong>Wehlaviae</strong></span> <span class='ocrx_word' id='word_1_294' title='bbox 1218 4332 1291 4387; x_wconf 83' lang='lat'><strong>1892.</strong></span> 
     </span>
    </p>

    <p class='ocr_par' dir='ltr' id='par_1_8' title="bbox 137 4416 1293 4577">
     <span class='ocr_line' id='line_1_38' title="bbox 196 4416 1293 4489; baseline 0.004 -20"><span class='ocrx_word' id='word_1_295' title='bbox 196 4416 259 4472; x_wconf 87' lang='lat' dir='ltr'><strong>3G.</strong></span> <span class='ocrx_word' id='word_1_296' title='bbox 277 4418 481 4489; x_wconf 86' lang='lat' dir='ltr'><strong>Wohlenberg‚</strong></span> <span class='ocrx_word' id='word_1_297' title='bbox 505 4421 560 4475; x_wconf 76' lang='lat' dir='ltr'><strong>Die</strong></span> <span class='ocrx_word' id='word_1_298' title='bbox 581 4420 667 4474; x_wconf 75' lang='lat' dir='ltr'><strong>Latro</strong></span> <span class='ocrx_word' id='word_1_299' title='bbox 685 4422 733 4474; x_wconf 81' lang='lat' dir='ltr'><strong>der</strong></span> <span class='ocrx_word' id='word_1_300' title='bbox 748 4422 830 4488; x_wconf 76' lang='lat' dir='ltr'><strong>ewolf</strong></span> <span class='ocrx_word' id='word_1_301' title='bbox 842 4420 954 4489; x_wconf 76' lang='lat' dir='ltr'><strong>Apoetel</strong></span> <span class='ocrx_word' id='word_1_302' title='bbox 976 4421 1006 4474; x_wconf 80' lang='lat' dir='ltr'><strong>ia</strong></span> <span class='ocrx_word' id='word_1_303' title='bbox 1033 4421 1118 4475; x_wconf 71' lang='lat' dir='ltr'><strong>ibren</strong></span> <span class='ocrx_word' id='word_1_304' title='bbox 1142 4420 1293 4475; x_wconf 76' lang='lat' dir='ltr'><strong>Varlutltnis</strong></span> 
     </span>
     <span class='ocr_line' id='line_1_39' title="bbox 137 4505 914 4577; baseline -0.005 -14"><span class='ocrx_word' id='word_1_305' title='bbox 137 4513 190 4553; x_wconf 65' lang='lat' dir='ltr'><strong>M·</strong></span> <span class='ocrx_word' id='word_1_306' title='bbox 204 4510 475 4563; x_wconf 63' lang='lat' dir='ltr'><strong>munumentum</strong></span> <span class='ocrx_word' id='word_1_307' title='bbox 493 4507 660 4575; x_wconf 61' lang='grc'>8010161011,</span> <span class='ocrx_word' id='word_1_308' title='bbox 680 4505 820 4577; x_wconf 80' lang='lat' dir='ltr'><strong>Drlangae</strong></span> <span class='ocrx_word' id='word_1_309' title='bbox 840 4506 914 4561; x_wconf 91' lang='grc'>1888.</span> 
     </span>
    </p>
   </div>
   <div class='ocr_carea' id='block_1_5' title="bbox 0 0 1430 5018">
    <p class='ocr_par' dir='ltr' id='par_1_9' title="bbox 0 0 1430 5018">
     <span class='ocr_line' id='line_1_40' title="bbox 0 0 1430 5018; baseline 0 0"><span class='ocrx_word' id='word_1_310' title='bbox 0 0 1430 5018; x_wconf 95' lang='lat' dir='ltr'><strong> </strong></span> 
     </span>
    </p>
   </div>
  </div>
 </body>
</html>
