2834 5018
190 321 255 384 224
611 310 754 367 IGNATII
772 310 949 365 EPISTULA

279 491 364 558 XIII.
388 488 588 567 Σπουδάζετε
604 485 658 551 οὖν
681 487 870 568 πυκνότερον
887 485 1096 570 συνέρχεσθαι
1113 487 1156 561 είς
1172 483 1371 568 εὐχαριστίαν

190 598 269 661 θεοῦ
299 595 352 657 καί
385 594 427 669 είς
457 592 560 670 δόξαν.
606 595 680 657 ὅταν
712 594 773 676 γὰρ
807 601 932 668 πυκνῶς
967 592 1016 655 ἐπὶ
1053 594 1087 655 τὸ
1122 592 1198 654 αὐτὸ
1230 590 1370 675 γίνεσθε,

191 702 418 781 καθαιροῦνται
441 698 474 761 αἱ
496 698 639 781 δυνάμεις
662 705 717 760 τοῦ
746 705 883 774 σατανά,
913 698 967 759 καί
990 695 1096 760 λύεται
1120 696 1136 758 6
1160 694 1295 776 ὄλεθρος
1319 695 1371 756 αὐ-

191 813 247 867 τοῦ
269 803 302 866 ἐν
331 813 370 887 τῇ
399 802 528 887 ὁμονοίᾳ
558 804 644 886 ὑμῶν
674 813 728 886 τῆς
759 801 903 877 πίστεως.
949 807 978 868 2.
1011 801 1100 865 οὐδέν
1130 801 1213 865 ἐστιν
1247 802 1371 882 ἀμεινσν

165 906 322 990 σείρηνης,
347 905 379 968 ἐν
402 904 422 990 η
445 915 506 980 πάς
528 904 665 989 πόλεμος
690 914 890 988 καταργεῖται
925 905 1116 988 ἐπουρανίων
1139 907 1192 968 καί
1217 905 1370 989 ἐπιγείων.

200 999 206 1010 ’
279 1013 366 1078 XIV.
391 1008 451 1073 Ὧν
486 1009 575 1073 οὐδὲν
609 1008 762 1075 λανθάνει
794 1011 890 1094 ὑμᾶς,
925 1011 979 1075 ἐάν
1014 1010 1139 1086 τελείως
1172 1011 1215 1086 εἰς
1250 1009 1371 1094 Ἰησοῦν

191 1114 327 1197 Χριστὸν
344 1115 437 1198 ἔχητε
459 1116 514 1196 την
537 1112 639 1175 πίστιν
662 1113 715 1174 καί
738 1115 794 1196 τὴν
817 1114 959 1198 ἀγάπην,
990 1115 1055 1197 ἣτις
1079 1115 1161 1178 ἐστίν
1185 1115 1266 1197 ἀρχὴ
1291 1114 1371 1197 ζωῆς

191 1220 245 1281 καί
268 1217 372 1294 τέλος·
397 1219 478 1300 ἀρχὴ
502 1218 557 1300 μέν
580 1217 693 1297 πίστις,
716 1216 806 1293 τέλος
828 1219 863 1281 δέ
886 1220 1002 1304 ἀγάπη.
1049 1222 1089 1282 τά
1111 1219 1145 1282 δέ
1168 1219 1224 1283 δύο
1248 1218 1281 1281 ἐν
1305 1218 1372 1282 avo-

192 1343 259 1406 τητι
282 1322 435 1405 γενόμενα
465 1320 540 1395 θεὸς
564 1320 664 1400 ἐστιν,
696 1323 735 1384 τὰ
758 1322 792 1384 δέ
816 1320 899 1384 ἄλλα
925 1324 1028 1387 πάντα
1056 1324 1099 1399 είς
1127 1321 1372 1408 καλοκάγαθίαν

154 1449 179 1489 ιο
193 1423 361 1490 ἀκόλουθα
384 1424 476 1489 ἐστιν.
523 1429 552 1490 2.
578 1424 678 1499 οὐδείς
693 1424 794 1488 πίστιν
819 1424 1088 1510 ἐπαγγελλόμενος
1104 1427 1285 1510 ἁμαρτάνει,
1302 1426 1373 1489 οὐδέ

193 1529 317 1613 ἀγάπην
347 1528 536 1613 κεκτημένος
569 1540 660 1612 μισεῖ.
707 1529 862 1615 Φανερὸν
887 1531 925 1594 τὸ
949 1530 1092 1616 δένδρον
1115 1533 1184 1596 ἀπὸ
1208 1539 1270 1597 τοῦ
1293 1553 1372 1615 καρ-

192 1640 260 1698 ποῦ
284 1637 406 1698 αὐτοῦ·
432 1636 530 1709 οὕτως
554 1632 583 1696 οἱ
605 1632 870 1717 ἐπαγγελλόμενοι
886 1632 1024 1715 Χριστοῦ
1048 1633 1125 1698 είναι
1148 1634 1188 1698 δι’
1209 1632 1253 1698 ὧν
1276 1634 1373 1716 πράσ-

192 1758 298 1801 σουσιν
329 1738 535 1823 δρθήσονται.
581 1740 617 1801 οῦ
646 1740 707 1822 γὰρ
736 1749 789 1803 νῦν
819 1737 1008 1822 ἐπαγγελίας
1037 1739 1072 1802 τὸ
1103 1740 1210 1822 ἔργον,
1245 1737 1318 1801 ἀλλ’
1341 1736 1373 1802 ἐν

192 1841 319 1926 δυνάμει
343 1843 475 1918 πίστεως
498 1842 553 1906 ἐάν
577 1864 622 1918 τις
645 1843 762 1927 εὑρεθῇ
785 1844 828 1919 είς
850 1842 949 1918 τέλος.

153 1971 178 2010 ιι
280 1948 349 2014 XV.
372 1947 519 2032 Ἀμεινὸν
543 1947 626 2012 ἐστιν
654 1959 775 2012 σιωπᾶν
798 1951 851 2011 καί
876 1947 971 2029 εἶναι,
994 1949 1015 2032 ἢ
1038 1947 1196 2011 λαλοῦντα
1219 1950 1262 2031 μὴ
1286 1945 1371 2013 εἶναι.

192 2049 290 2113 καλὸν
314 2052 349 2113 τὸ
379 2051 552 2132 διδάσκειν,
583 2052 638 2117 ἐάν
662 2053 679 2116 6
703 2052 804 2137 λέγων
836 2064 920 2138 ποιῇ.
967 2051 1009 2130 είς
1033 2050 1087 2117 οὖν
1111 2052 1318 2131 διδάσκαλος,
1341 2053 1373 2126 ὃς

193 2155 299 2234 εἶπεν,
322 2157 379 2219 καὶ
402 2157 554 2239 ἐγένετο·
578 2159 631 2220 καί
655 2159 676 2220 ἀ
699 2167 795 2242 σιγῶν
818 2158 853 2221 δέ
875 2158 1061 2242 πεποίηκεν,
1086 2156 1157 2234 ἀξια
1180 2165 1236 2220 τοῦ
1259 2156 1373 2239 πατρὸς

193 2256 285 2320 ἐστιν.
341 2263 370 2324 2.
395 2259 411 2321 6
442 2259 535 2345 λόγον
565 2259 669 2345 Ἰησοῦ
698 2262 887 2347 κεκτημένος
919 2262 1049 2347 ἀληθῶς
1079 2262 1207 2325 δύναται
1237 2262 1291 2323 καί
1321 2271 1374 2344 της

192 2360 323 2444 ἡσυχίας
347 2365 442 2427 αὐτοῦ
473 2365 615 2445 ἀκούειν,
645 2368 697 2430 ίνα
719 2365 836 2442 τέλειος
859 2365 896 2451 ᾖ,
926 2369 978 2431 ἵνα
1001 2365 1040 2430 δι’
1064 2363 1107 2429 ὧν
1130 2363 1221 2428 λαλεῖ
1250 2365 1374 2447 πράσση

154 2490 180 2528 ao
195 2467 248 2528 καί
271 2464 310 2528 δι’
333 2464 375 2530 ὧν
399 2478 472 2553 σιγᾷ
494 2469 694 2555 γινὼσκηται.
740 2476 769 2539 3.
795 2472 884 2536 οὐδέν
907 2471 1059 2537 λανθάνει
1082 2472 1135 2533 τὸν
1151 2470 1268 2553 κύριον,
1292 2468 1375 2532 ἀλλὰ

196 2570 248 2630 καί
272 2571 311 2631 τά
333 2574 455 2652 κρυπτά
477 2571 565 2656 ἡμῶν
596 2573 689 2658 ἐγγὺς
712 2576 797 2658 αὐτῷ
828 2574 921 2638 ἐστιν.
966 2576 1071 2639 πάντα
1093 2572 1147 2638 οὖν
1170 2583 1309 2657 ποιῶμεν
1332 2572 1374 2647 ὡς

195 2674 290 2735 αὐτοῦ
319 2673 351 2738 ἐν
374 2673 445 2758 ἡμῖν
477 2687 711 2757 κατοικοῦντος,
743 2681 794 2742 ίνα
817 2677 899 2762 ὠμεν
923 2682 1018 2743 αὐτοῦ
1049 2681 1116 2743 ναοί
1147 2680 1200 2741 καί
1225 2680 1319 2754 αὐτὸς
1342 2676 1374 2740 ἐν

265 2874 281 2928 9
301 2875 370 2943 θεὸς
389 2877 436 2931 hu
454 2878 526 2931 Dum
539 2898 545 2932 :
559 2883 630 2936 θεοῦ
649 2878 673 2933 G
689 2879 693 2949 1
712 2880 743 2933 12
760 2884 885 2952 Χριστοῦ
904 2882 948 2949 gh
960 2880 1032 2934 Dam
1045 2882 1103 2935 Ani
1117 2900 1123 2934 ι
1134 2879 1296 2953 χριστιανὸς
1308 2877 1354 2934 GL
1368 2878 1372 2947 Ι

198 2959 229 3013 19
248 2966 317 3032 λαλῆ
334 2963 452 3036 πράσσει
472 2964 495 3018 G
511 2964 516 3032 1
532 2966 566 3018 22
584 2963 668 3032 αὐτὸς
686 2964 729 3034 Lg
743 2984 748 3018 :
762 2965 826 3037 -γ-ίγ
846 2966 869 3021 G
886 2967 889 3036 l
906 2967 939 3021 22
959 2985 998 3034 sq.
1018 2966 1049 3024 ἐν
1067 2970 1175 3038 pulv>
1195 2968 1219 3019 A

195 3125 347 3194 epistulam
379 3128 417 3181 ad
448 3128 586 3199 Ephesios
617 3131 771 3185 referentes
835 3131 1072 3185 alomonam.
1094 3131 1171 3185 S.P.
1197 3129 1325 3198 Lequiou
1343 3128 1374 3191 11,

194 3214 397 3283 grammaticus
417 3215 528 3286 legibus
548 3234 581 3271 aa
600 3233 630 3270 ra
648 3218 712 3286 ipsa
730 3233 771 3271 re·
799 3220 862 3280 7783
882 3218 947 3272 Holl
965 3236 992 3287 p.
1009 3219 1040 3272 19
1059 3213 1139 3287 (ὅταν
1156 3218 1237 3285 κτλ).
1256 3247 1292 3256 -·
1311 3234 1376 3272 πυκ-

194 3302 388 3372 pugnantibus
407 3305 570 3357 verterunt:
587 3303 617 3357 in
635 3306 697 3358 loha
714 3304 771 3373 api·
799 3307 916 3377 κότερον
940 3305 1009 3374 κτλ]
1051 3304 1111 3358 Hoc
1139 3305 1202 3358 loco
1231 3304 1292 3373 Igu.
1320 3320 1376 3357 non

195 3391 278 3443 stulu.
316 3389 370 3443 Sed
399 3407 462 3443 cum
490 3390 635 3459 apostolus
666 3390 772 3460 Ephesi
800 3391 952 3446 crebriores
980 3394 1135 3443 convent-us
1163 3391 1223 3444 fieri
1252 3390 1327 3454 vult,
1346 3393 1377 3442 ut

196 3476 349 3530 Corinthiis
376 3476 401 3546 (Ι
420 3476 481 3530 Cor.
502 3477 541 3539 16,
562 3478 588 3543 8)
618 3480 647 3530 et
674 3476 772 3530 verisi·
799 3477 892 3546 Polyo.
911 3480 936 3539 4,
956 3479 979 3538 2,
1000 3477 1050 3530 sed
1063 3475 1201 3546 Ephesios
1220 3476 1317 3545 potius
1330 3475 1376 3528 ad-

195 3563 301 3617 militar
309 3562 512 3617 etiamGalatis
520 3563 673 3632 scripserit,
681 3563 771 3632 Ephe·
799 3566 911 3628 monet,
938 3563 969 3616 id
997 3562 1073 3630 quod
1100 3562 1222 3616 maxime
1251 3563 1376 3617 sverhis

196 3652 299 3705 siorum
311 3650 457 3704 ecclesiam
473 3650 622 3704 Timotheo
634 3666 771 3704 commen·
799 3649 867 3708 Esou
885 3673 910 3723 γ.
929 3659 1041 3717 πυκνῶς
1052 3656 1112 3707 κτλ.
1131 3648 1229 3713 elucet,
1249 3654 1289 3714 ut,
1309 3665 1377 3718 quo·

196 3738 307 3792 daverit
326 3739 350 3804 (I
368 3737 438 3791 Tim.
460 3740 481 3800 1,
503 3737 538 3807 3),
560 3736 730 3806 Onesiphori
743 3741 772 3791 et
784 3750 787 3813 γ
799 3738 965 3804 tiesouuque
976 3735 1271 3802 consentumfaoiant,
1287 3735 1377 3792 crebri

196 3825 343 3894 Trophimi
378 3824 564 3894 Ephesiorum
594 3825 621 3879 Il
648 3824 718 3877 Tim.
749 3828 770 3885 1,
784 3816 787 3889 l
800 3830 828 3878 et
848 3823 884 3876 ud
903 3841 988 3876 unum
1007 3839 1103 3877 omnes
1128 3823 1307 3878 conveniant.
1335 3823 1376 3878 cf.

199 3913 314 3975 16—18;
341 3913 365 3975 4,
387 3913 425 3967 19.
446 3912 480 3965 20
498 3911 673 3976 meminerit,
700 3911 772 3965 nihil
800 3914 822 3976 5,
843 3914 873 3973 2;
895 3912 1012 3966 constiti
1034 3916 1125 3980 apost.
1144 3910 1176 3973 ll,
1196 3911 1239 3965 60.

196 4001 301 4064 obstat,
322 4000 472 4067 quominus
492 4002 665 4063 statuamus,
691 3999 772 4068 lgna-
834 4000 857 4052 2.
879 3998 975 4052 Ioauu.
1002 3999 1081 4052 Dam.
1102 3998 1127 4051 S.
1148 3997 1176 4050 P.
1198 3998 1325 4065 Loquieu
1343 3998 1376 4060 ΙΙ,

195 4088 267 4141 tium
287 4105 345 4142 rem
364 4087 539 4141 verissimam
552 4086 669 4156 paulum
689 4086 864 4155 exag·i354;
894 4084 959 4139 Holl
977 4103 1003 4154 p.
1026 4087 1064 4141 19.
1093 4087 1197 4139 Antan.
1218 4086 1335 4139 Melissa
1352 4084 1378 4138 II

197 4180 341 4244 gerautem
361 4174 479 4229 dixisse:
498 4174 528 4228 in
548 4174 623 4228 omni
643 4173 771 4242 epistula.
784 4154 787 4255 l
801 4191 881 4227 serm.
901 4175 942 4228 67.

231 4262 303 4316 XlIL
324 4262 435 4333 Fragm.
456 4280 508 4330 syr.
529 4262 620 4316 Curet
642 4261 699 4324 197,
713 4258 787 4330 2321
835 4260 906 4315 XIV.
925 4261 1020 4314 Ioaun.
1046 4259 1126 4313 Dam.
1149 4259 1175 4313 S.
1197 4259 1226 4312 P.
1252 4258 1377 4326 bequisu
