2834 5018
525 653 704 709 nanuum
728 654 775 719 iv,
794 657 871 711 a-e.
1239 661 1280 724 47

94 830 278 915 pinquavit,
304 830 342 894 de
367 852 428 914 quo
451 831 604 914 scriptum
627 837 684 909 est,
709 837 745 896 ut
768 832 901 898 Henoch
925 834 1009 898 dicit.
1041 833 1093 898 Ad
1114 834 1175 898 hoc
1198 835 1281 899 enirn

97 934 247 998 dominus
270 934 468 998 abbreviavit
490 940 635 1019 tempora
657 941 689 1000 et
705 937 781 1014 dies,
806 942 842 1001 ut
856 943 1042 1022 properaret
1058 939 1190 1004 dilectus
1207 962 1282 1004 suus

98 1044 130 1103 et
163 1040 198 1103 in
232 1039 443 1102 hereditatem
475 1039 605 1104 veniret.
652 1043 682 1104 4.
717 1040 804 1106 Dicit
834 1047 940 1107 autem
969 1043 1014 1107 sic
1041 1049 1073 1108 et
1103 1044 1281 1128 propheta:

101 1148 221 1209 Decem
245 1163 351 1224 reque
374 1149 408 1206 in
433 1153 525 1207 terro
548 1147 743 1225 reprobum,
768 1157 800 1210 el
816 1157 936 1228 postea
959 1157 1113 1227 recurari
1126 1169 1190 1213 rea
1200 1169 1281 1231 par·

103 1268 173 1328 rua,
196 1255 255 1329 qui
278 1258 349 1312 ires
371 1251 474 1312 airnul
495 1268 609 1328 rapum
632 1251 829 1315 humiliabit.
877 1254 905 1315 5.
939 1251 1090 1317 Similiter
1112 1255 1149 1318 de
1172 1255 1309 1318 eadem⁶

100 1374 135 1416 re
160 1353 238 1417 dicit
260 1352 393 1417 Daniel:
428 1355 470 1416 El
493 1355 559 1416 uidi
582 1363 735 1433 picarium
759 1357 909 1436 beatiam,
941 1377 1080 1438 nequam
1103 1367 1137 1422 ei
1155 1362 1282 1438 sortem

100 1469 132 1523 ei
154 1465 342 1523 saeviorem
366 1479 462 1539 qraeam
486 1478 599 1523 carnee
622 1461 747 1523 beslius
770 1465 894 1539 inane,
924 1470 956 1524 ci
985 1465 1143 1542 quoruodo
1176 1483 1219 1527 ea
1242 1483 1282 1526 err

99 1573 221 1628 enoria
242 1566 376 1642 suerint
398 1566 508 1627 decem
531 1584 656 1627 cornua
680 1573 713 1627 el
736 1583 779 1627 ca
801 1566 874 1626 illie
892 1569 1070 1646 pareutum
1088 1587 1191 1630 cornu
1206 1570 1281 1631 eub-

99 1678 215 1732 nalum
239 1670 448 1748 ecquomodo
464 1670 567 1731 eirnul
579 1669 804 1732 terminaverit
820 1675 887 1733 iria
903 1690 1097 1750 neapoorum
1113 1691 1280 1737 cornicum.

99 1774 128 1835 6.
162 1771 355 1855 intellegere
387 1793 463 1856 ergo
488 1772 617 1836 debetis.
664 1771 778 1836 Adhuc
809 1779 841 1838 et
864 1774 924 1838 hoc
946 1796 1026 1859 rogo
1049 1797 1104 1839 vos
1127 1781 1281 1859 tanquam
1295 1795 1320 1832 10

99 1899 181 1939 unus
205 1898 244 1940 ex
268 1876 376 1952 vobis,
400 1876 556 1960 singulari
580 1897 687 1939 amore
710 1877 806 1941 etiam
828 1899 936 1941 omncs
959 1901 1068 1942 amans
1090 1880 1163 1963 plus
1187 1902 1281 1964 quam

100 1981 240 2044 animam
271 2002 389 2058 meam,
420 1985 456 2044 ut
486 2002 569 2044 nunc
598 1981 687 2044 vobis
717 1981 888 2045 attendatis
918 2004 1021 2065 neque
1049 1983 1168 2046 similes
1197 1984 1281 2048 fiatis

101 2084 308 2168 quibusdam,
340 2088 471 2166 peccata
494 2087 600 2147 vestra
623 2085 857 2149 accumulantes
881 2086 1035 2164 dicentes,
1069 2088 1152 2171 quod
1181 2092 1280 2151 testa-

100 2192 243 2252 mentum
272 2187 400 2251 illorum
431 2192 526 2271 atque
548 2193 692 2252 nostrum
715 2194 772 2253 est.
820 2191 847 2253 7.
883 2190 1038 2255 Nostrum
1069 2192 1212 2276 quidem;
1248 2197 1282 2255 at

100 2293 148 2356 illi
172 2293 218 2356 sic
240 2292 275 2356 in
297 2297 486 2375 perpetuum
509 2292 714 2375 perdiderunt
736 2297 961 2358 testamentum
984 2318 1003 2357 a
1024 2294 1115 2358 Mose
1137 2295 1201 2359 iam
1225 2316 1279 2359 ao·
1295 2315 1321 2352 1⁶

101 2403 237 2480 ceptum.
284 2396 372 2460 Dicit
404 2397 486 2460 enim
515 2396 689 2479 scriptura:
724 2399 767 2460 Ei
788 2402 897 2462 Mores
917 2401 988 2477 suit
1010 2406 1044 2463 iu
1068 2409 1177 2463 nrorrlc
1200 2406 1280 2463 ieiu-

102 2523 187 2566 nans
210 2504 434 2583 quadraginta
457 2503 529 2564 dice
552 2520 592 2563 ac
615 2502 836 2580 quadruplata
859 2513 972 2568 nuclea
992 2513 1024 2567 el
1039 2511 1167 2586 accepit
1181 2513 1281 2567 leata-

103 2616 247 2670 menlum
281 2627 302 2669 u
332 2608 480 2685 dornino,
514 2606 647 2668 tabulae
679 2608 830 2685 lapideae
861 2614 1006 2690 scriptae
1035 2611 1138 2689 digito
1162 2628 1281 2672 uranus

103 2714 236 2775 dorriinl.
293 2711 323 2774 8.
360 2708 420 2774 Sed
454 2709 494 2772 ad
526 2708 613 2772 idola
648 2729 680 2771 se
710 2715 925 2776 convertentes
957 2713 1161 2796 perdiderunt
1190 2711 1278 2776 illud.

102 2816 189 2881 Dicit
223 2815 309 2879 euim
342 2816 387 2879 sic
421 2815 582 2878 dominus:
617 2818 727 2877 „liores
760 2819 887 2895 lincea,
921 2819 1082 2881 descende
1114 2820 1281 2896 celeriter,
1295 2835 1321 2873 n

104 2929 259 3002 quoniam
278 2927 429 3003 peccari!
445 2923 694 3002 popularique,
717 2938 810 2999 quem
827 2928 953 2983 eterra
969 2923 1109 3003 Aepypii
1125 2924 1281 2985 eiecisti.

102 3026 144 3090 Et
166 3026 326 3090 intellexit
349 3026 454 3089 Moses
482 3030 513 3089 et
541 3024 675 3107 proiecit
705 3024 782 3088 duas
813 3025 939 3088 tabulas
972 3027 1009 3090 de
1036 3026 1182 3090 manibus
1206 3025 1280 3103 suis,

104 3134 133 3194 et
155 3130 354 3195 confractum
377 3135 425 3194 est
447 3134 674 3193 testamentum
704 3151 826 3206 eorum,
856 3134 892 3192 ut
922 3134 1146 3194 testamentum
1176 3129 1282 3193 dilecti

175 3268 188 3320 1
209 3265 328 3319 Henoch
347 3266 387 3328 89,
407 3266 525 3327 61-64;
545 3266 586 3329 90,
600 3267 640 3319 17.
660 3296 694 3303 -
712 3267 729 3317 4
748 3265 818 3319 Dan.
839 3266 862 3322 7.
882 3268 923 3318 24.
942 3298 975 3305 -
994 3266 1008 3317 7
1028 3266 1098 3320 Dan.
1119 3268 1141 3328 7,
1162 3267 1184 3319 7.
1205 3266 1229 3319 8.
1248 3295 1282 3303 -

106 3355 135 3408 17
155 3352 246 3408 Exod.
268 3353 309 3411 31.
330 3353 376 3407 18:
396 3354 437 3414 34,
457 3352 499 3406 28.
518 3384 552 3391 —
572 3352 604 3407 21
625 3351 711 3406 Exod.
732 3353 772 3415 32,
793 3356 822 3415 ‘l;
842 3353 923 3407 Deut.
944 3355 967 3415 9,
990 3353 1028 3408 12.

136 3478 159 3530 6.
198 3477 307 3530 Auctor
339 3475 459 3528 lect-ores
491 3479 606 3538 monet,
644 3476 777 3531 neltium
797 3492 874 3539 esse,
902 3475 1007 3542 ubique
1030 3475 1126 3545 potius
1151 3475 1280 3538 disserat,

104 3562 271 3618 Iudaeorum
308 3562 402 3630 (τισίν)
438 3561 528 3614 instar
563 3536 771 3616 nimiam‘num
791 3562 1171 3616 testamentumludaeorum
1190 3561 1227 3616 sit
1246 3578 1282 3615 an

103 3649 235 3703 fiduciam
260 3649 289 3700 in
314 3651 485 3702 testamento
510 3610 693 3713 collocuntcsi
708 3648 939 3704 Christianorum.
968 3650 1037 3703 Cum
1057 3653 1151 3703 autem
1163 3648 1282 3703 Latinus

103 3740 252 3805 peceatum
271 3740 377 3789 temere
395 3736 476 3805 parvi
495 3735 608 3788 ducant.
637 3734 678 3788 cf.
690 3744 695 3799 ζ
707 3737 761 3790 hoc
772 3736 833 3790 loco
844 3737 946 3790 ceteris
960 3736 1060 3790 saltem
1072 3736 1191 3790 testibus
1201 3751 1280 3802 prae·

104 3822 202 3877 Sirach
220 3823 245 3885 5,
265 3823 342 3875 4—6.
369 3822 487 3876 Iudaeos
508 3820 582 3877 enim
601 3820 681 3875 addit
692 3804 695 3859 ¹
708 3827 773 3886 stet,
792 3824 851 3877 eius
862 3823 1015 3878 lectionem
1027 3823 1127 3892 recepi.
1165 3823 1280 3876 Senten-

104 3912 155 3963 v.'l
174 3914 380 3964 testamentum
398 3908 563 3978 perdidisse.
584 3908 680 3962 Simile
707 3910 749 3963 tia
768 3912 931 3977 ceteroquin
949 3928 1006 3964 non
1025 3915 1067 3964 est
1088 3908 1182 3962 dubia.

105 3996 261 4064 quidquam
275 3996 360 4050 etiam
372 3994 541 4049 Christianis
553 3994 680 4049 accidere
743 3997 765 4050 7.
786 3999 891 4052 Auctor
910 3998 979 4051 duos
999 3997 1160 4063 Scripturae
1183 4011 1281 4049 versus

104 4100 193 4152 posse.
212 4083 290 4137 infra
310 4100 334 4136 v.
354 4082 441 4136 9-14
465 4083 622 4152 exponitur.
646 4113 681 4120 —
710 4085 791 4150 quasi
813 4085 841 4137 in
861 4102 947 4137 unum
966 4082 1116 4137 contrahit.

104 4170 216 4228 ἐκείνων
232 4169 304 4239 κτλ.]
332 4170 430 4223 Testes
450 4169 523 4222 inter
542 4186 572 4223 se
593 4170 680 4224 disce·
743 4170 766 4224 8.
787 4170 914 4240 συνῆκεν]
928 4188 963 4224 sc.
977 4169 1084 4231 foedus,
1099 4169 1175 4235 quod
1187 4162 1280 4222 Domi-

106 4259 180 4312 dunt.
229 4257 306 4323 Quae
335 4257 371 4309 ab
405 4256 559 4324 interprete
589 4256 759 4335 latinolnus
778 4257 959 4311 curuludaeis
979 4257 1088 4319 inierat,
1107 4257 1207 4309 horum
1219 4272 1281 4325 per·

105 4345 262 4408 traduntur,
276 4361 334 4398 non
347 4343 461 4410 quidem
474 4358 508 4394 ea
521 4346 594 4404 sunt,
608 4359 680 4408 quae
708 4343 777 4397 fidia
796 4344 851 4397 iam
871 4343 1020 4397 diremtum
1047 4359 1115 4397 esse.
1144 4375 1178 4382 —
1205 4362 1282 4400 συνε-

107 4430 220 4486 dubium
239 4430 480 4496 nonrelinquant,
501 4429 680 4483 cumBarna·
708 4434 786 4504 τρίβη
803 4431 873 4500 κτλ]
902 4430 944 4484 Cf.
964 4430 1048 4484 Clem.
1067 4430 1110 4482 Al.
1130 4430 1215 4484 Paed.
1233 4429 1281 4493 III,

107 4518 154 4573 baa
171 4536 313 4587 nusquam
339 4517 416 4572 dieat
434 4515 478 4571 vel
497 4515 568 4570 alios
587 4488 749 4580 dicerelli,
769 4516 804 4570 94
821 4535 847 4586 p.
867 4517 926 4572 397.
945 4549 979 4556 -
998 4512 1103 4590 tprrpev]
1132 4518 1174 4573 cf.
1193 4516 1280 4571 Exod.

108 4607 225 4671 referat,
255 4608 460 4661 testamentum
480 4603 599 4658 duarum
618 4621 679 4673 par·
708 4604 749 4666 32,
771 4604 809 4658 19.
