2834 5018
178 318 242 382 496
612 314 766 370 Ηκιιοωκ
784 313 925 370 PASTOR

177 489 273 567 εἰναι;
298 488 336 552 Τί
358 491 432 574 γάρ,
465 490 560 574 φημί,
585 491 689 572 κύριε,
717 492 834 555 τούτων
858 491 1082 576 ἀγαδὼτερον;
1121 490 1279 575 Πορεύου
1313 494 1374 570 οὖν,

178 593 280 677 τρησίν,
304 593 337 657 ἐν
361 595 465 670 αὐτοῖς
488 597 541 658 καί
557 598 599 679 μή
623 595 811 680 ἐγκρατεῦου
835 594 1025 673 ἀπἀὐτῶν,
1048 598 1105 659 καί
1122 597 1213 683 ζήσῃ
1231 607 1281 682 τῷ
1299 602 1373 682 θεῷ.

179 702 228 764 12.
255 697 395 781 φύλασσε
418 698 472 762 οὖν
495 701 550 782 τήν
581 699 709 782 ἐντολήν
740 700 870 785 ταύτην·
906 699 959 762 ἐὰν
982 702 1017 762 τδ
1041 702 1174 783 ἀγαθὸν
1201 714 1302 788 ποιῇς
1324 707 1373 767 καί

178 805 219 885 μὴ
243 803 435 887 ἐγκρατεὺοῃ
458 802 514 866 ἀπ’
538 804 643 883 αὐτοῦ,
667 803 748 889 ζήσῃ
770 813 814 887 τῷ
837 808 915 886 θεῷ,
938 806 991 867 καί
1011 805 1130 881 πάντες
1155 806 1319 890 ζήσονται
1334 817 1373 891 τῷ

152 910 246 990 ῡδεῷ
270 907 298 970 οἰ
321 910 402 972 οὕτω
426 919 595 984 ποιοῦντες.
640 911 693 972 καί
716 908 810 973 πάλιν
834 909 888 972 ἐὰν
912 910 946 971 τδ
968 911 1105 992 πονηρὸν
1131 913 1177 994 μὴ
1201 923 1301 997 ποιῇς
1324 915 1371 975 καὶ

178 1009 369 1096 ἐγκρατείισῃ
399 1011 454 1075 ἀπ’
477 1014 589 1094 αὐτοῦ,
620 1012 700 1098 ζήσῃ
723 1022 766 1097 τῷ
791 1017 878 1097 θεῷ,
910 1015 963 1076 καί
994 1014 1110 1091 πάντες
1147 1016 1311 1100 ζήσονται
1332 1024 1370 1099 τῷ

177 1117 256 1197 θεῷ,
280 1118 347 1179 δσοι
371 1115 425 1181 ἐὰν
458 1118 649 1194 ταύταςτὰς
679 1117 807 1193 ἐντολὰς
836 1117 996 1200 ψυλάξωσι
1019 1120 1072 1181 καί
1102 1125 1320 1202 πορευθῶσιν
1343 1122 1370 1184 ἐν

178 1221 294 1294 αὐταῖς.

662 1393 793 1477 Ἐντολή
817 1393 861 1461 δ’.

139 1556 164 1592 ιο
264 1532 357 1618 Λέγει
381 1555 451 1618 μοι·
483 1533 578 1615 Ἀρον
602 1534 664 1596 ἀπὸ
695 1543 827 1597 σεαυτοῦ
850 1535 906 1616 τήν
936 1533 1081 1617 διψυχίαν
1107 1538 1165 1600 καί
1193 1539 1272 1623 μηδ’
1294 1540 1367 1613 ὅλως

177 1638 351 1724 διψυχήσης
373 1637 566 1722 αἰτήσασθαί
588 1659 616 1701 τι
638 1641 724 1721 παρὰ
746 1649 800 1702 τοῦ
824 1641 921 1718 θεοῦ,
954 1638 1055 1723 λέγων
1079 1638 1114 1703 ἐν
1140 1652 1296 1727 σεαυτῷ,
1327 1647 1366 1707 δν.

176 1752 243 1819 πῶς
266 1742 397 1827 δύναμαι
420 1742 613 1825 αἰτήσασθαι
636 1744 720 1825 παρά
743 1753 797 1806 τοῦ
821 1743 929 1826 κυρίου
951 1746 1004 1806 καί
1027 1743 1149 1828 λαβεῖν,
1176 1746 1366 1833 ἡμαρτηκὼς

176 1857 314 1910 τοσαῦτα
337 1849 379 1923 εἰς
409 1848 521 1928 αὐτὸν,
553 1851 582 1913 2.
607 1850 648 1930 μή
672 1847 849 1931 διαλογίζου
880 1857 995 1926 ταῦτα,
1031 1847 1104 1910 ἀλλ’
1130 1848 1172 1930 ἐξ
1205 1853 1292 1938 ὅλης
1315 1859 1365 1936 τής

177 1951 316 2037 καρδίας
339 1974 402 2016 σου
432 1953 643 2035 ἐπίστροφον
665 1952 721 2015 ἐπὶ
745 1952 805 2016 τὸν
827 1956 946 2038 κύριον
974 1954 1027 2014 καί
1051 1953 1144 2016 αἰτοῦ
1169 1957 1254 2040 παρ’
1278 1959 1364 2022 αὐτοῦ

138 2078 163 2114 ιι
177 2057 385 2135 ἀδιστάκτως,
408 2059 461 2119 καί
484 2055 591 2140 γνώσῃ
613 2058 668 2137 τήν
691 2054 968 2140 πολυσπλαγχνίάν
990 2058 1104 2136 αὐτοῦ,
1128 2061 1181 2123 δτι
1208 2064 1247 2126 οὐ
1272 2063 1364 2146 μήτε

177 2159 382 2244 ἐγκαταλίπῃ,
406 2160 489 2223 ἀλλὰ
513 2161 548 2222 τδ
572 2161 686 2242 αἴτημα
709 2169 762 2243 τής
779 2159 881 2244 ψυχῆς
904 2182 961 2223 σου
976 2160 1233 2247 πληροφορήσει.
1260 2172 1291 2235 3.
1314 2168 1364 2230 οὐκ

177 2266 241 2327 ἔστι
272 2266 333 2348 γὰρ
365 2266 382 2328 δ
413 2267 489 2340 θεὸς
519 2265 561 2339 ὡς
591 2264 619 2327 οί
651 2265 813 2344 άνίλρωποι
848 2272 1134 2348 μνησικακοῦντες,
1173 2269 1253 2334 ἀλλ’
1280 2273 1363 2344 αὐτὸς

177 2368 390 2451 ἀμνησίκακὸς
414 2368 478 2433 ἐστι
501 2371 554 2432 καί
578 2367 820 2451 σπλαγχνίζεται
844 2368 893 2431 ἐπί
909 2371 964 2451 τήν
986 2368 1113 2453 ποίησιν
1130 2374 1249 2439 αὐτοῦ.
1280 2383 1309 2443 4.
1331 2379 1362 2437 οδ

177 2469 231 2534 οὖν
254 2474 430 2556 καθάρισον
460 2496 517 2537 σου
539 2475 595 2555 τὴν
626 2470 756 2553 καρδίαν
785 2473 848 2534 ἀπὸ
879 2473 1003 2536 πάντων
1030 2481 1095 2537 τῶν
1128 2482 1361 2565 ματαιωμάτων

138 2595 163 2632 2⁰
177 2587 231 2639 τοῦ
256 2577 367 2652 αἰῶνος
390 2577 500 2640 τούτου
530 2578 583 2640 καί
606 2584 668 2638 τῶν
691 2575 919 2658 προειρημένων
943 2597 990 2639 σοι
1013 2577 1170 2661 ῥημάτων
1203 2587 1261 2649 καί
1285 2585 1362 2648 αἰτοῦ

176 2682 261 2762 παρὰ
283 2691 338 2744 τοῦ
360 2682 477 2764 κυρίου,
501 2682 555 2743 καί
580 2678 729 2762 ἀπολήψῃ
751 2679 853 2742 πάντα
875 2681 929 2742 καί
952 2680 1014 2742 άπδ
1035 2682 1169 2748 πάντων
1197 2697 1263 2752 τῶν
1287 2690 1362 2771 αἰτη-

176 2784 282 2867 μάτων
306 2806 362 2847 σου
392 2784 597 2869 άνυστὲρητος
620 2784 693 2867 ἔσῃ,
726 2782 780 2846 ἐὰν
804 2784 997 2859 άδιστάκτως
1027 2786 1163 2873 αἰτήσῃς
1199 2797 1291 2877 παρὰ
1316 2802 1363 2856 τοῦ

175 2888 292 2970 κυρίου.
339 2893 368 2955 5.
393 2888 447 2952 ἐὰν
470 2890 504 2953 δὲ
527 2889 673 2971 διοτάσης
697 2888 728 2951 ἐν
751 2897 789 2971 τή
812 2887 925 2972 καρδίᾳ
947 2910 1013 2968 σου,
1037 2891 1132 2956 οὐδὲν
1157 2897 1200 2959 οὐ
1218 2901 1263 2982 μή
1286 2897 1361 2980 λήψῃ

175 3001 237 3055 τῶν
261 2993 439 3078 αἰτημάτων
464 3014 529 3058 σου.
576 2992 605 3055 σί
626 2993 687 3075 γὰρ
709 2991 903 3070 διστάζοντες
927 2993 969 3067 εἰς
991 2994 1045 3056 τὸν
1062 2996 1157 3076 θεὸν,
1185 2999 1277 3066 οὗτοί
1297 3004 1362 3066 εἰσιν

138 3120 163 3158 οι
177 3098 206 3161 οἱ
229 3097 352 3181 δίψυχοι
382 3099 435 3160 καί
459 3098 548 3161 οὐδὲν
572 3095 653 3170 ὅλως
683 3095 921 3179 ἐπιτυγχάνουσι
943 3104 1005 3160 τῶν
1038 3097 1234 3183 αἰτημάτων
1259 3109 1363 3170 αὐτῶν.

176 3205 205 3268 6.
231 3201 259 3264 οί
281 3202 316 3264 δὲ
340 3200 494 3276 ὁλοτελεῖς
518 3203 603 3275 ὄντες
627 3200 658 3262 ἐν
674 3209 712 3283 τή
735 3199 834 3262 πίστει
849 3201 952 3264 πάντα
975 3201 1139 3268 αἰτοῦνται
1156 3211 1364 3290 πεποιθότες

176 3307 232 3370 ἐπὶ
256 3307 316 3369 τὸν
339 3309 457 3390 κύριον
479 3306 532 3367 καί
556 3302 783 3387 λαμβάνουσιν,
816 3305 861 3366 δτι
885 3304 1081 3380 άδιστάκτως
1107 3310 1290 3393 αἰτοῦνται,
1313 3336 1364 3398 μη·

175 3409 226 3471 δὲν
250 3408 462 3491 διψυχοῦντες.
509 3418 570 3482 πᾶς
593 3409 652 3491 γὰρ
675 3407 806 3490 δίψυχος
821 3408 909 3492 ἀνήρ,
934 3408 988 3471 ἐὰν
1012 3412 1056 3493 μὴ
1072 3417 1278 3503 μετανοήσῃ,
1302 3420 1365 3482 δυσ·

175 3511 278 3586 κάλως
309 3515 500 3598 σωθήσεται.
548 3516 576 3578 7.
600 3512 777 3594 καθάρισον
811 3509 864 3575 οὖν
887 3515 942 3595 τήν
973 3515 1109 3597 καρδίαν
1136 3541 1200 3584 σου
1233 3525 1297 3587 ἀπὸ
1319 3533 1365 3606 τῆς

245 3649 290 3715 213
308 3655 354 3707 καί
367 3667 412 3704 seo
431 3681 465 3689 -
484 3650 630 3721 ταύτην>
649 3651 680 3702 L¹
697 3651 701 3718 ψ
718 3651 760 3715 3ἰ6
779 3649 873 3707 ἐὰν-
885 3649 1095 3724 αὐτοῦῦ(ΒἈ)
1111 3660 1160 3711 :si
1180 3663 1263 3716 enim
1282 3666 1355 3716 custo

176 3735 259 3789 dieris
278 3737 348 3790 haec
367 3736 461 3790 omnia
479 3735 615 3790 mandata
626 3735 711 3804 L²16
730 3734 778 3791 ἀπ’
795 3734 882 3792 αὐτοῦ
900 3736 1087 3797 οωιαίιτὸίὶ
1105 3744 1110 3811 Ι
1130 3747 1165 3800 10
1185 3747 1293 3820 μηδ’(ὶ
1311 3750 1363 3818 (μη

176 3825 273 3890 οὑτως)
293 3824 351 3878 Ant
363 3825 423 3878 τοι
435 3843 442 3877 2
456 3824 540 3895 μηοιν
560 3824 591 3876 ω
602 3824 659 3875 Αιο
673 3823 725 3878 cat
741 3826 745 3891 ι
764 3826 794 3878 11
815 3844 841 3878 u
854 3824 911 3877 Ant
923 3822 981 3876 τω
995 3843 1001 3877 :
1015 3829 1051 3892 >
1065 3827 1091 3881 ω
1104 3831 1169 3885 Ath
1184 3835 1244 3890 eat
1261 3838 1265 3906 ι
1281 3856 1309 3892 κ.
1324 3841 1365 3890 ωο

178 3915 384 3984 ῦεοῦισεαυτῷ
397 3912 448 3966 τὸν
462 3910 569 3966 ῦεδνίὶ
586 3912 589 3978 ψ
608 3912 639 3965 12
656 3907 931 3980 αἰτήσασθαιίὶΑίίι
943 3912 1020 3965 Ant:
1036 3915 1113 3986 -{-u
1128 3919 1226 3976 eatL
1243 3925 1247 3993 Ι
1266 3923 1298 3978 13
1310 3919 1366 3990 δίης

175 3998 1365 4074 ÷aoletngGAnt2>Athcat115noavanz.catef.vis.1,3‚2;ma:

176 4089 340 4140 πολυευοπλ.
354 4085 431 4146 Ath²‚
451 4090 555 4155 πολλὴν
573 4084 775 4157 εἰσπλαγχνίαν
789 4086 891 4140 GAth²
906 4088 963 4140 Ant
989 4088 992 4156 Ι
1020 4090 1052 4143 17
1072 4090 1090 4147 δ
1111 4096 1236 4164 θεὸς)
1256 4099 1280 4154 G
1302 4098 1306 4167 ί
1326 4093 1364 4152 τί»

177 4172 286 4236 θρωποι
305 4172 329 4224 G
341 4173 398 4225 Ath
409 4175 466 4227 Ant
480 4191 485 4224 :
500 4173 533 4243 -Ι-
548 4171 573 4228 oz
593 4173 646 4226 eat
662 4173 666 4241 Ι
681 4175 715 4226 22
734 4171 782 4230 ἐὰν
795 4174 853 4226 L¹A
866 4174 935 4228 Ath²
948 4193 954 4227 :
968 4171 1021 4232 ὅσοι
1040 4173 1077 4234 ἂν
1091 4177 1168 4249 G(L²
1176 4181 1207 4252 ‘?)
1224 4187 1229 4255 Ι
1247 4184 1281 4240 23
1299 4184 1365 4250 δὲ)

177 4249 219 4314 G!
236 4255 268 4307 τι
287 4256 383 4326 κύριον
401 4257 458 4312 GL¹
473 4261 529 4312 Ant
542 4260 588 4327 (A)
602 4277 607 4310 ι
623 4261 692 4316 sear
711 4258 744 4312 τ’
761 4260 830 4314 κων
