2834 5018
197 271 260 334 560
630 265 943 321 ιιιιιιιιιιιειετοιι

195 463 239 516 τις
261 451 429 506 κατοικεῖν.
474 441 669 526 κατανόησον
699 441 810 516 δὲτὰς
842 439 974 525 ῥάβδους
1010 442 1128 505 αὐτῶν
1164 441 1324 526 ἐπιμελῶς
1341 441 1379 502 τά

196 549 294 621 οὓτως
326 546 500 610 ἀπόλυσον·
537 544 690 629 ἐπιμελῶς
721 545 755 608 δέ
784 545 992 630 κατανόησον.
1049 546 1178 633 βλέπε,
1215 548 1260 632 μή
1290 548 1330 622 τίς
1355 567 1378 608 σε

195 651 351 736 παρέλθρ,
376 652 478 737 φησίν.
525 651 579 714 ἐὰν
602 649 636 714 δέ
659 649 704 725 τίς
728 670 764 713 σε
786 649 941 735 παρέλθῃ,
966 651 1034 736 ἐγὼ
1059 653 1190 726 αὐτοὺς
1216 652 1269 715 ἐπὶ
1291 654 1377 716 τόθι

195 756 372 840 σιαστίγριον
395 757 567 840 δοκιμάσω.
612 765 710 818 ταῦτα
742 755 836 818 εἰπὼν
858 763 901 838 τῷ
933 755 1061 839 ποιμένι
1090 757 1247 842 ἀπῆλθε.
1293 761 1320 824 6.
1340 758 1376 818 ια’

168 865 272 945 ιμετα
304 865 339 926 τό
369 862 521 928 ἀπελθεῖν
551 864 603 924 τόν
635 860 769 944 ἄγγελον
800 859 882 944 λέγει
914 880 966 942 μοι
1001 860 1020 923 ό
1055 862 1208 946 ποιμήν·
1245 862 1376 947 Λάβωμτν

192 967 317 1031 πάντων
340 969 395 1042 τὰς
427 967 559 1051 ῥάβδους
589 968 643 1029 καί
674 965 873 1048 φυτεύσωμεν
901 965 1018 1044 αὐτάς,
1055 968 1088 1030 εἴ
1112 989 1203 1044 τινες
1233 968 1268 1046 ἐξ
1297 970 1375 1031 αῦτῦν

192 1071 375 1154 δυνήσονται
399 1072 500 1154 ζῆσαι.
546 1069 629 1154 λέγω
645 1072 749 1152 αὐτῷ·
773 1068 878 1150 Κύριε,
901 1070 940 1130 τά
964 1067 1048 1153 ξηρά
1065 1082 1181 1135 ταῦτα
1206 1083 1278 1149 πῶς
1293 1072 1373 1136 δίναν

192 1196 241 1238 ται
265 1176 376 1257 ζῆσαις
413 1178 441 1241 7.
466 1174 649 1257 άποκριθείς
671 1195 722 1257 μοι
745 1173 847 1257 λέγει·
883 1171 928 1234 Τό
951 1172 1088 1256 δένδρον
1113 1187 1218 1242 τοῦτο
1246 1177 1311 1242 ἰτέα
1329 1176 1372 1240 ἐπ’

192 1280 245 1341 καί
270 1278 424 1360 ιριλόζωον
448 1280 483 1340 τό
513 1277 617 1361 γένος·
652 1277 706 1341 ἐάν
739 1274 792 1340 οίιν
823 1280 1005 1359 ρυτευθιῑισι
1030 1282 1091 1343 καί
1126 1285 1253 1365 μικρὰν
1283 1280 1372 1364 ἰκμάδι

152 1402 176 1437 1⁰
191 1382 390 1466 λαμβάνωσιν
414 1383 446 1445 αἱ
469 1382 585 1467 ῥάβδοι,
609 1381 755 1465 ζὴσονται
778 1381 891 1445 πολλαί
914 1381 947 1458 ἐξ
972 1383 1107 1448 αὐτῶν·
1137 1385 1213 1451 είτα
1237 1388 1274 1452 δὲ
1293 1385 1372 1468 περί

190 1506 293 1569 σωμεν
316 1489 370 1549 καί
394 1488 477 1570 ὓδωρ
500 1489 606 1562 αὐταῖς
628 1485 807 1569 παραχέειν.
853 1486 906 1549 ἐάν
929 1507 974 1561 τις
999 1489 1116 1554 αὐτῶν
1135 1491 1273 1577 δυνηθῇ
1295 1492 1371 1574 ζῆτα.

189 1589 425 1674 συγχαρήσομαι
458 1593 584 1666 αὐταῖς·
620 1590 674 1653 ἐάν
708 1590 742 1653 δέ
773 1594 815 1674 μὴ
848 1589 948 1673 ζήσῃ,
980 1593 1045 1675 οὐχ
1076 1595 1309 1681 εὑρεθήσομαι
1328 1595 1370 1677 ἐγὺ

190 1695 316 1780 ἀμελής.
363 1700 392 1762 8.
417 1696 565 1759 ἐκέλευσε
588 1695 622 1759 δέ
645 1717 696 1779 μοι
719 1694 736 1757 6
759 1697 871 1778 ποιμὴν
894 1693 1041 1774 καλέσαι,
1070 1699 1201 1777 καθώς
1223 1723 1271 1778 τις
1294 1702 1371 1764 αὐτόν

189 1800 320 1885 ἐστάθη.
367 1799 470 1886 ἦλθον
493 1801 636 1885 τάγματα
660 1801 804 1883 τάγματα
826 1801 880 1862 καί
904 1799 1070 1864 ἐπεδίδουν
1097 1806 1163 1880 τὰς
1188 1806 1324 1891 ῥάβδους
1342 1809 1370 1883 τῷ

151 1924 175 1960 1⁶
188 1905 325 1989 ποιμένι·
359 1904 515 1989 ἐλάμβανε
538 1904 612 1967 δέό
642 1907 754 1987 ποιμὴν
778 1905 832 1978 τὰς
862 1903 995 1988 ῥάβδους
1027 1908 1086 1969 καί
1125 1912 1220 1973 κατὰ
1251 1912 1370 1996 τάγματι

189 2009 356 2090 ἐφύτευσεν
389 2011 484 2084 αὐτάς
511 2010 564 2071 καί
595 2010 673 2091 μετὰ
696 2009 730 2070 τδ
760 2018 908 2090 φυτεῦσαι
931 2008 1017 2090 ὕδωρ
1049 2012 1174 2090 αὐταῖς
1211 2016 1295 2079 πολὺ
1315 2033 1369 2092 παρ

188 2112 286 2195 έχεεν,
311 2115 391 2177 ὥστε
414 2116 476 2176 άπό
500 2123 554 2176 τοῦ
581 2113 692 2187 ὓδατος
715 2115 757 2195 μὴ
791 2111 958 2194 φαίνεσθαι
986 2115 1046 2187 τὰς
1076 2116 1239 2203 ῥάβδους.
1286 2123 1314 2186 9,
1334 2117 1369 2178 ια’

188 2221 265 2299 μετά
287 2221 322 2280 τό
346 2217 469 2281 ποτίσαι
485 2219 579 2280 αὐτόν
602 2218 656 2291 τὰς
672 2215 803 2300 ῥάβδους
825 2214 907 2300 λέγει
925 2236 991 2298 μοι·
1019 2216 1224 2310 [Ἀγωμεν]
1251 2226 1304 2286 καί
1322 2218 1369 2305 μετ’

187 2321 294 2404 ὀλίγας
317 2321 432 2404 ἡμέρας
466 2321 690 2403 ἐπανέλθωμεν
713 2321 766 2382 καί
799 2318 1051 2403 ἐπισκεψώμεθα
1075 2326 1143 2400 τὰς
1169 2328 1310 2414 ῥάβδους
1328 2326 1368 2389 τά·

147 2442 172 2478 2⁰
187 2445 262 2499 σας·
295 2425 312 2487 6
335 2428 394 2508 γάρ
417 2426 527 2502 κτίσας
549 2428 585 2489 τό
608 2423 731 2506 δένδρον
754 2432 845 2486 τοῦτο
868 2421 956 2488 θέλει
979 2425 1111 2502 πάντας
1148 2431 1211 2516 ζῆν
1237 2437 1309 2509 τοὺς
1327 2432 1368 2494 λι·

187 2528 297 2612 βάντας
326 2529 363 2591 ἐκ
395 2540 449 2593 τοῦ
480 2529 606 2611 δένδρου
639 2529 749 2593 τούτου
780 2527 925 2603 κλάδους.
972 2527 1098 2608 ἐλπίζω
1126 2534 1168 2598 δὲ
1197 2537 1310 2622 κάγώ,
1337 2538 1368 2597 δτ

185 2632 323 2717 λαβόντα
346 2636 384 2695 τά
407 2634 518 2719 ῥαβδία
541 2643 639 2697 ταῦτα
669 2633 786 2715 ἰκμάδα
808 2634 860 2694 καί
883 2631 1082 2698 ποτισθέντα
1115 2639 1216 2705 ὕδατι
1241 2641 1367 2725 ζήσαντα
1411 2646 1413 2661 “

185 2738 220 2799 τό
243 2736 388 2800 πλεῖστον
412 2739 502 2821 μέρος
527 2739 638 2801 αὐτῶν.

272 2840 308 2908 3.
333 2841 424 2925 Λέγω
448 2843 551 2925 αὐτῷ·
587 2841 699 2924 Κύριε,
729 2843 764 2903 τό
793 2840 917 2923 δένδρον
946 2850 1041 2905 τοῦτο
1074 2847 1248 2932 γνὼρισόν
1280 2846 1367 2937 μετ’

144 2965 169 3002 ιι
184 2945 283 3008 ἐστιν·
307 2948 481 3029 ἀποροῦμαι
504 2949 564 3030 γὰρ
586 2949 654 3029 περί
677 2948 783 3024 αὐτοῦ,
807 2947 852 3008 ότι
876 2944 1035 3008 τοσούτων
1052 2949 1198 3018 κλάδων
1222 2956 1366 3020 κοπέντων

183 3049 265 3133 ὑγιές
289 3050 352 3113 ἐστι
374 3053 410 3112 τό
442 3049 566 3132 δένδρον
589 3051 643 3112 καί
667 3050 755 3114 οὐδὲν
779 3050 918 3132 φαίνεται
947 3053 1162 3135 κεκομμένον
1188 3059 1249 3124 ἀπ’
1272 3062 1366 3124 αότοῦ·

183 3154 215 3216 ἐν
239 3153 338 3237 τούτῳ
362 3152 416 3217 σόν
439 3156 623 3235 ἀποροῦμαι.
669 3158 698 3219 2.
722 3152 849 3233 Ἀκουε,
874 3152 964 3238 φησί·
998 3155 1035 3216 τό
1061 3157 1204 3244 δένδρον
1233 3162 1367 3229 τοῦτοτί

181 3257 262 3340 μέγα
285 3260 319 3319 τό
344 3258 500 3334 σκεπάζον
523 3257 614 3319 πεδία
643 3259 697 3320 καί
721 3261 776 3342 όριγ
799 3260 852 3320 καί
874 3267 979 3320 πᾶσαν
1002 3261 1063 3341 τὴν
1087 3274 1156 3346 γῆν
1183 3269 1283 3352 νόμος
1304 3271 1367 3335 θεοῦ

181 3359 263 3423 ἐστίν
288 3361 304 3422 6
327 3361 432 3435 δοθεὶς
454 3362 496 3435 τίς
520 3361 593 3424 όλον
615 3363 667 3425 τόν
690 3363 827 3444 κόσμον·
860 3361 876 3423 6
900 3361 933 3424 δέ
955 3361 1053 3444 νόμος
1078 3365 1182 3445 οὗτος
1214 3374 1282 3450 υἱός
1304 3376 1366 3440 θεοῦ

251 3537 403 3604 10111τίτα
421 3573 455 3579 -
473 3541 621 3614 παραχέων
640 3541 840 3610 Gztemptabo
867 3542 988 3595 enimet
1009 3543 1192 3604 suffundam
1216 3556 1260 3608 eis
1280 3569 1365 3623 aquam

180 3628 299 3698 L¹(L²A)
316 3629 320 3697 Ι
339 3631 370 3682 12
388 3628 482 3695 αὐτοῖς
495 3630 544 3682 GA
558 3648 564 3680 :
577 3629 603 3682 ei
622 3629 652 3681 Ιιι
664 3629 719 3696 (11²)
736 3630 789 3698 1-16
808 3638 940 3698 φυτεῦσαι
953 3627 1026 3699 G(A)
1040 3649 1047 3683 ι
1063 3632 1101 3704 -Ι-
1116 3653 1228 3695 omnes
1242 3642 1266 3695 L
1281 3645 1286 3708 J
1303 3639 1364 3704 13213

178 3710 251 3771 ὥστε
268 3746 303 3753 -
320 3716 437 3788 ῥάβδους
457 3716 480 3770 G
494 3735 500 3768 ι
514 3716 555 3769 ita
572 3721 604 3770 ut
628 3719 791 3786 tegerentur
815 3718 851 3770 ab
876 3731 952 3782 aqua
976 3733 1075 3783 neque
1095 3723 1138 3776 ab
1167 3742 1207 3779 ea
1234 3732 1364 3782 exstarent

178 3799 208 3852 L¹
220 3801 300 3869 (UA)
316 3801 320 3868 Ι
339 3802 369 3854 18
387 3798 500 3873 ίίγιυμεν
517 3804 586 3873 L(A)
601 3821 606 3854 :
620 3807 655 3871 >
673 3805 696 3857 G

179 3960 201 3995 c.
220 3947 244 4007 6,
264 3947 294 4008 6;
322 3951 345 4009 7,
365 3947 396 4010 33
423 3948 446 4001 8.
466 3947 489 4000 3.
509 3978 544 3985 —
562 3946 606 4002 ἐπὶ
624 3948 656 4003 τό
675 3948 750 4016 θυσ]
779 3947 934 4002 Vindobon.
966 3947 1062 4015 XXII,
1097 3955 1184 4028 727):
1223 3961 1363 4034 Lignorum

180 4031 220 4083 Cf.
240 4033 289 4085 les,
309 4036 349 4097 56,
370 4038 399 4099 ῖς
419 4035 519 4088 Ezech.
537 4036 579 4096 43,
598 4035 639 4086 27.
778 4034 894 4087 salicum
919 4037 1024 4090 natura
1043 4055 1081 4093 ea
1100 4049 1164 4110 est,
1194 4054 1228 4103 ut
1248 4051 1363 4103 arefacta

213 4119 235 4168 ’ί-
256 4122 402 4189 ιριλόζωον]
427 4121 550 4173 Hilarius
575 4121 680 4173 Pictav.
718 4119 749 4171 In
775 4120 849 4184 licet,
864 4121 984 4175 simodo
1000 4126 1088 4193 aquis
1105 4131 1277 4199 adluantur,
1290 4137 1361 4189 vil-273.

178 4200 222 4253 Ps.
244 4205 300 4267 136,
314 4208 328 4258 7
343 4207 397 4273 (ed.
411 4209 506 4277 Migne
519 4208 539 4271 Ι,
553 4207 618 4270 78ος
640 4208 747 4276 Comus
776 4213 855 4271 υνιιιίς
875 4208 976 4263 deinde
989 4211 1091 4268 excisa
1104 4220 1201 4287 atque
1214 4223 1244 4277 in
1258 4221 1361 4277 humido
