2834 5018
419 665 469 720 AD
488 664 664 720 EPHESIOS
684 664 716 728 X,
738 664 849 733 l-XII,
868 665 892 718 2.
1181 669 1244 732 223

66 846 176 928 itaque
198 845 286 927 ipsos
318 844 431 908 saltem
455 865 494 907 ex
523 843 671 927 operibus
701 842 831 906 avobis
864 843 989 906 erudiri.
1037 845 1066 907 2.
1092 843 1168 908 Sitis
1191 865 1247 907 vos

66 950 216 1014 adversus
240 950 303 1013 iras
327 971 435 1012 eorum
457 949 559 1024 mites,
584 949 733 1012 adversus
749 947 1037 1032 magniloquentias
1061 970 1169 1013 eorum
1183 948 1245 1012 hu·

65 1053 166 1128 miles
191 1074 301 1115 eorum
325 1051 500 1116 maledictis
523 1051 674 1135 opponite
701 1072 757 1114 vos
780 1073 904 1134 preces,
937 1054 1085 1116 adversus
1108 1075 1246 1117 errorem

66 1179 176 1220 eorum
191 1177 247 1220 vos
263 1160 446 1239 permanete
459 1158 551 1236 firmi
566 1161 600 1219 in
613 1156 690 1236 fide,
711 1155 858 1220 adversus
874 1156 986 1221 efferos
1002 1179 1104 1221 mores
1119 1157 1246 1222 illorum

65 1284 121 1325 ros
144 1261 303 1325 mansueti
319 1261 398 1340 sitis,
423 1283 486 1325 nou
502 1261 662 1324 studentes
685 1260 772 1343 ipsos
787 1261 915 1325 imitari.
940 1263 969 1326 3.
993 1261 1121 1326 Fratres
1137 1282 1272 1326 eorumo

64 1366 263 1430 inveniamur
284 1388 342 1449 per
370 1365 621 1450 benignitatem,
657 1365 833 1429 imitatores
857 1370 962 1431 autem
993 1366 1111 1430 domini
1136 1367 1244 1430 stude·

66 1494 156 1535 amus
178 1492 247 1534 esse
272 1469 356 1554 (quis
380 1471 532 1535 maiorem
555 1470 703 1533 iniuriam
726 1492 839 1553 passus
862 1471 959 1535 fuerit
982 1493 1139 1555 unquam,
1173 1471 1243 1554 quis

64 1576 169 1661 magis
194 1576 372 1653 destitutus,
390 1577 461 1659 quis
484 1576 588 1661 magis
605 1579 806 1659 contemptus
814 1575 852 1658 22),
877 1599 916 1641 ue
932 1577 1032 1641 herba
1055 1576 1161 1661 aliqua
1177 1577 1244 1641 dia·

64 1682 132 1746 boli
154 1682 188 1744 in
211 1681 301 1745 vobis
335 1681 531 1758 inveniatur,
562 1681 615 1744 sed
639 1680 781 1744 inomni
812 1681 951 1763 puritate
975 1686 1006 1744 et
1033 1680 1246 1765 temperantia

64 1785 222 1849 maneatis
244 1785 277 1848 in
300 1784 372 1849 Iesu
395 1783 522 1849 Christo
546 1785 717 1849 carnaliter
740 1792 771 1850 et
793 1786 1011 1869 spiritualiter.
1261 1805 1285 1842 1⁰

152 1887 209 1952 XI.
235 1888 416 1953 Novissima
439 1896 513 1954 suut
535 1895 690 1974 tempora.
722 1889 893 1973 Reliquum
916 1895 972 1966 est,
996 1895 1032 1953 ut
1047 1911 1246 1954 revereamur

64 1999 96 2058 et
119 1994 289 2058 timeamus
319 1995 368 2058 dei
400 1994 692 2079 longanimitatem,
722 2016 762 2058 ne
792 1994 825 2057 in
856 1993 1006 2057 iudicium
1028 1994 1119 2058 nobis
1143 1994 1242 2057 cedat.

65 2096 132 2161 Aut
156 2098 240 2160 enim
262 2088 404 2162 futinam
426 2099 593 2162 timeamus
608 2099 697 2175 iram,
724 2103 779 2162 aut
794 2103 993 2182 praesentem
1016 2097 1155 2180 gratiam
1171 2096 1244 2160 dili·

63 2224 188 2287 gamus,
214 2224 311 2266 unum
334 2225 372 2266 ex
396 2205 532 2279 duobus;
568 2206 661 2269 modo
684 2205 718 2268 in
741 2203 868 2268 Christo
891 2202 962 2267 lesu
984 2201 1181 2266 inveniamur
1203 2203 1243 2266 ad

63 2330 171 2370 veram
195 2306 294 2370 vitam
316 2308 490 2373 visendam.
537 2311 567 2373 2.
593 2309 667 2374 Sine
690 2310 760 2392 ipso
782 2307 864 2372 nihil
886 2329 941 2371 vos
965 2307 1092 2383 deceat,
1124 2306 1157 2370 in
1181 2327 1243 2389 quo
1258 2324 1282 2362 1⁶

62 2411 191 2475 vincula
214 2411 418 2489 circumfero,
452 2413 632 2496 spirituales
656 2413 861 2497 margaritae,
886 2412 919 2475 in
942 2411 1056 2494 quibus
1079 2432 1243 2495 resurgere

62 2516 144 2580 mihi
168 2516 334 2600 contingat
357 2517 498 2581 oratione
515 2522 630 2595 vestra,
656 2517 743 2581 ouius
766 2538 816 2580 me
839 2522 916 2600 opto
932 2537 1056 2599 semper
1077 2515 1147 2579 fieri
1168 2537 1243 2598 par·

63 2621 204 2704 ticipem,
229 2624 265 2683 ut
287 2620 429 2684 inveniar
450 2621 484 2683 in
507 2626 591 2684 sorte
614 2620 826 2705 Ephesiorum
850 2620 1111 2697 christianorum,
1135 2620 1245 2702 quiet

67 2723 222 2808 apostolis
246 2745 370 2806 semper
392 2730 619 2789 consenserunt
641 2725 674 2789 in
696 2725 813 2788 virtute
835 2723 907 2788 Iesu
931 2723 1058 2789 Christi.

155 2826 226 2891 XII.
252 2826 333 2904 Soio,
360 2829 429 2912 quis
452 2829 513 2893 sim
535 2835 567 2893 et
589 2829 704 2912 quibus
727 2830 871 2894 scribam.
917 2830 988 2913 Ego
1009 2830 1242 2903 condemnatus,
1258 2846 1284 2884 2⁰

63 2955 119 2996 ros
144 2931 392 2995 misericordiam
416 2933 569 3007 assecuti3
600 2953 660 3017 ego
682 2932 824 3016 periculo
848 2934 1018 3011 obnoxius,
1049 2956 1105 2998 vos
1129 2933 1242 2997 0011111-

62 3037 153 3100 mati.
201 3037 230 3097 2.
256 3035 422 3099 Transitus
452 3036 526 3099 estis
550 3059 677 3114 eorum,
712 3038 766 3122 qni
787 3037 834 3101 ita
865 3038 1113 3114 interficiuntur,
1144 3042 1180 3101 ut
1203 3038 1243 3101 ad

63 3142 158 3205 deum
181 3140 326 3218 veniant,
360 3140 454 3204 Pauli
477 3147 687 3225 symmystae,
720 3142 775 3225 qui
798 3141 1027 3218 sanctificatus,
1056 3142 1243 3224 martyrium

64 3250 251 3310 consecutus
275 3251 306 3309 et
330 3246 424 3330 digne
446 3247 559 3311 beatus
576 3251 633 3324 est,
659 3247 700 3310 ad
723 3245 812 3310 cuius
827 3247 963 3332 vestigia
984 3246 1150 3329 contingat
1163 3245 1243 3308 mihi

64 3355 101 3414 ut
123 3350 275 3426 inveniar,
301 3350 425 3431 quando
450 3350 499 3414 dei
521 3351 682 3434 particeps
704 3351 756 3426 fio,
782 3350 836 3433 qui
858 3351 891 3414 in
914 3350 999 3414 omni
1015 3349 1152 3433 epistula
1174 3369 1243 3435 me·¹
1256 3365 1281 3404 ²⁶

61 3476 133 3518 mor
156 3453 253 3517 vestri
276 3458 324 3516 est
346 3453 379 3516 in
402 3452 528 3517 Christo
550 3452 632 3517 lesu.

133 3604 227 3661 4001.
249 3606 270 3665 1,
290 3604 520 3668 nocturne,
540 3606 588 3668 201
608 3605 621 3659 l
640 3607 701 3664 Cor.
723 3607 762 3669 16,
784 3607 824 3661 13.

62 3742 173 3818 ἔσχατοι
191 3745 227 3815 a]
248 3744 289 3799 Cf.
309 3744 525 3809 IIoann.2,18;
544 3746 557 3799 1
577 3747 638 3801 Cor.
667 3745 703 3801 ob
722 3746 813 3799 Deum
832 3743 1051 3806 interficiuntur,
1081 3760 1103 3797 e.
1125 3762 1151 3813 g.
1171 3741 1242 3798 Pau·

62 3835 86 3896 t,
106 3832 155 3893 29;
178 3833 217 3894 10,
240 3834 286 3893 11;
305 3830 390 3885 Hebr.
412 3834 434 3896 l,
453 3832 484 3895 2;
503 3832 557 3885 iac.
577 3833 601 3894 5,
614 3832 638 3886 8.
666 3832 709 3885 lus
728 3833 801 3900 (Act.
821 3831 862 3894 20,
884 3832 915 3884 17
935 3831 1008 3899 sqq.)
1036 3833 1065 3884 et
1091 3848 1166 3885 nunc
1190 3848 1243 3901 ego
1304 3880 1306 3886 .

61 3920 93 3981 9;
114 3918 126 3971 I
144 3919 217 3972 Petr.
237 3920 261 3982 4,
281 3919 304 3971 7.
324 3950 357 3957 -
378 3920 411 3975 τὸ
430 3918 565 3989 ἀληθινὸν
581 3921 639 3992 ζῆν]
652 3966 654 3983 ,
667 3918 798 3989 (Hefele).
818 3919 876 3973 Neo
888 3923 984 3973 tamen
994 3915 1106 3973 silentio
1117 3924 1242 3989 praeter·

62 4008 141 4062 Idem
160 4005 245 4060 Trall.
265 4008 288 4068 9,
307 4007 337 4067 2;
357 4005 455 4068 81114,
477 4008 499 4059 l.
667 4007 788 4060 eundum
808 4009 858 4070 est,
878 4008 907 4060 et
919 4005 1038 4061 Paulum
1058 4010 1086 4060 et
1098 4006 1241 4076 Ignatium

97 4096 122 4147 2.
140 4095 324 4166 μαργαρίτας]
345 4095 387 4149 cf.
406 4095 499 4162 Polyc.
520 4096 555 4148 ad
568 4095 639 4150 Phil.
667 4094 785 4148 Romam
798 4095 853 4148 iter
862 4094 1000 4147 facientes
1010 4109 1066 4146 non
1079 4096 1138 4146 tam
1152 4094 1241 4164 Ephe·

63 4187 85 4244 1,
108 4185 136 4242 l;
156 4180 220 4234 Eus.
242 4179 324 4234 Η.11.
345 4179 377 4241 V,
399 4181 421 4243 l,
441 4182 482 4234 35.
667 4197 730 4233 sum
748 4197 833 4247 quam
853 4197 899 4234 eos
917 4179 1030 4242 vidisse,
1050 4179 1099 4245 qui
1118 4181 1154 4234 ab
1173 4182 1242 4236 urbe

96 4267 157 4330 XII,
178 4270 199 4322 1.
221 4267 263 4322 01.
276 4270 300 4331 3,
319 4271 346 4329 1;
368 4269 483 4331 1101114,
497 4271 527 4331 3;
549 4270 638 4324 lCor.
666 4267 747 4321 misai
766 4273 852 4322 erant.
871 4299 906 4307 —
924 4268 1091 4338 συμμύσται]
1111 4269 1127 4321 1.
1142 4285 1165 4326 e.
1179 4286 1243 4324 eum

60 4359 84 4418 4,
109 4356 149 4411 10.
667 4374 688 4409 s.
708 4355 796 4410 Paulo
821 4355 930 4409 initiati
948 4353 1016 4408 estis
1041 4356 1182 4423 mysteriis
1201 4356 1241 4410 di-

98 4444 122 4496 2.
142 4442 265 4515 πάροδος
282 4443 352 4512 κτλ]
372 4443 390 4495 i.
411 4460 432 4496 e.
453 4443 571 4507 avobis,
590 4461 641 4512 per
667 4443 726 4496 vini
744 4442 855 4497 oonsilii
874 4447 903 4497 et
916 4442 1087 4499 christianae
1105 4443 1242 4499 veritatis.

61 4545 183 4596 quorum
209 4528 352 4582 civitatem
377 4530 515 4584 transitus
542 4533 586 4584 est
604 4531 640 4584 ab
669 4528 1242 4603 01.Ερ1.1,9;3,3.411101ῃέ111.

62 4616 180 4670 Oriente
200 4614 326 4678 Romam,
346 4616 515 4672 roborantur
534 4616 569 4681 ii,
592 4617 641 4684 qui
668 4617 794 4672 Peamon
812 4622 840 4673 et
853 4617 903 4672 alii
915 4619 989 4671 hano
1001 4634 1099 4673 voeem
1111 4617 1149 4672 ad
1161 4617 1244 4673 Pauli
