2834 5018
350 660 545 717 DUODECIM
562 662 834 718 APOS'POLORUM
853 664 873 726 1,
892 664 977 726 5-11,
996 665 1019 717 2.
1250 669 1268 733 7

92 839 233 904 omnibus
258 841 345 905 enim
367 845 459 925 pater
480 841 548 905 vult
570 841 668 905 tribui
691 862 730 905 ex
753 841 817 905 suis
841 840 939 905 donis.
985 842 1113 921 Beatus,
1137 844 1191 926 qui
1215 844 1269 909 dat

92 945 263 1009 secundum
285 947 489 1019 mandatum3
511 946 662 1010 innocens
685 946 768 1009 enim
791 949 847 1010 est.
894 945 962 1010 Vae
985 947 1031 1024 ei,
1057 948 1110 1031 qui
1133 949 1267 1031 accipit;

93 1048 205 1113 etenim
229 1051 258 1114 si
282 1051 353 1134 quis
368 1051 512 1135 indigens
529 1052 656 1134 quidem
671 1050 795 1135 accipit,
819 1050 968 1115 innocens
983 1051 1060 1127 erit;
1084 1052 1138 1136 qui
1162 1058 1269 1117 autem

91 1174 150 1216 uon
173 1154 323 1239 indigens
346 1155 480 1240 accipit,
512 1157 670 1220 rationem
701 1156 823 1232 reddet,
857 1177 953 1238 quare
980 1157 1137 1240 acceperit
1167 1161 1199 1221 et
1228 1158 1268 1223 ad

92 1258 178 1340 quid3
203 1259 238 1323 iu
261 1259 396 1324 vinculis
418 1261 611 1326 constitutus
633 1261 809 1344 inquiretur
824 1262 863 1325 de
882 1261 935 1339 eis,
960 1283 1040 1344 quae
1055 1261 1140 1340 fecit,
1164 1280 1292 1346 nequeo

91 1365 196 1428 ecidit
217 1367 308 1444 inde,
330 1367 433 1429 donec
454 1368 640 1430 reddiderit
654 1371 867 1430 sedecimam
883 1368 1109 1446 quadrantem.
1140 1367 1169 1431 6.
1205 1365 1268 1433 Sed

91 1467 125 1530 de
147 1468 210 1533 hac
232 1490 268 1533 re
292 1492 416 1554 quoque
440 1470 645 1534 dictumest:
677 1472 802 1535 Sedato
827 1473 1038 1552 eleemosyna
1061 1480 1118 1535 taa
1140 1477 1175 1535 in
1198 1491 1266 1536 raa·

90 1574 185 1636 attae
209 1579 289 1653 tais,
311 1576 414 1639 donec
435 1582 637 1655 remeaveris,
659 1582 713 1639 cai
735 1577 803 1639 dec.

175 1677 217 1742 II.
243 1677 422 1743 Secundum
444 1684 550 1744 autem
572 1680 756 1745 mandatum
779 1680 955 1745 doctrinae:
978 1682 1008 1744 2.
1031 1682 1105 1745 Noa
1128 1682 1267 1761 occides,

92 1801 155 1844 aaa
178 1785 383 1848 sacellarium
402 1786 525 1864 facies,
547 1807 662 1867 pueros
677 1807 742 1849 non
758 1807 948 1869 corrumpas,
971 1808 1035 1849 non
1050 1784 1265 1863 fornicaberis,
1280 1803 1305 1841 ιο

157 2008 174 2059 5
193 2006 297 2061 Matth.
316 2008 340 2070 5,
354 2008 396 2062 26.
414 2038 449 2048 -
468 2010 483 2062 7
502 2008 518 2060 ⁴?
538 2034 570 2049 -
588 2009 605 2062 9
624 2007 725 2062 Matth.
749 2009 788 2071 19,
809 2009 849 2062 18.

90 2180 142 2234 hae
155 2183 240 2250 parte
259 2198 317 2236 non
330 2182 495 2235 mandatum
513 2183 666 2235 secundum
692 2181 793 2235 Matth.
815 2183 859 2246 19,
881 2182 912 2237 18
938 2180 1094 2250 respexisse
1123 2181 1266 2250 putandus

91 2269 245 2337 explicare,
274 2269 323 2322 sed
342 2269 437 2339 potius
458 2268 535 2322 atiud
553 2271 666 2323 manda
693 2269 744 2321 est
786 2267 1074 2322 Animadvertendum
1104 2271 1162 2330 est,
1189 2266 1266 2333 quod
1372 2272 1382 2284 ⁸

88 2357 148 2408 tum
167 2355 212 2409 vel
234 2355 292 2409 alia
302 2357 438 2409 mandata
457 2356 493 2409 ad
512 2356 666 2411 sententias
693 2354 781 2408 etiam
798 2354 873 2409 infra
891 2372 913 2409 0.
927 2357 944 2411 3
956 2357 1013 2410 015
1033 2354 1156 2426 catalogi
1167 2369 1266 2424 pecca·

90 2458 176 2511 supra
199 2443 363 2511 propositas
388 2441 567 2511 explicandas
591 2443 666 2497 exhi·
692 2445 788 2496 torum
801 2443 968 2497 exhibentur
987 2444 1016 2496 et
1027 2441 1132 2509 ubique
1150 2441 1266 2495 homici-

89 2528 155 2582 bere
166 2528 244 2591 vult;
256 2529 446 2598 prosequitur,
457 2532 488 2583 ut
497 2530 562 2584 aliis
572 2530 666 2583 verbis
694 2529 740 2583 dio
750 2529 866 2599 primus,
882 2530 1021 2585 adulterio
1030 2532 1075 2583 vel
1084 2528 1266 2582 fornicationi

87 2615 188 2678 dicam,
211 2616 434 2686 explicationem
452 2618 538 2671 trium
556 2619 666 2672 senten·
693 2618 834 2671 secundus
847 2616 925 2672 locus
938 2617 1112 2672 attribuitur.
1131 2614 1267 2670 Similiter

88 2703 205 2766 tiarum,
235 2721 321 2770 quam
340 2720 425 2773 supra
442 2704 556 2774 incepit,
578 2704 665 2774 expli·
692 2702 739 2756 hic
757 2706 852 2759 0105
871 2705 977 2758 furtum
996 2706 1025 2758 et
1036 2704 1133 2774 magia
1150 2703 1194 2758 vel
1207 2702 1266 2756 ido-

88 2789 196 2843 cationi
214 2791 304 2860 priori
322 2789 439 2844 alteram
459 2791 590 2845 adiciens.
613 2790 665 2845 nx·
692 2789 807 2844 lolatria
819 2791 875 2845 sibi
887 2792 1047 2854 succedunt,
1067 2807 1130 2844 cum
1143 2790 1193 2853 3,4
1206 2789 1266 2844 ido·

86 2875 379 2944 plicationemautem
391 2877 468 2932 illam
486 2895 543 2932 non
559 2879 665 2948 simpli·
692 2876 807 2931 lolatria
825 2878 901 2931 furto
920 2879 973 2941 3,5
993 2878 1156 2947 anteposita
1174 2877 1219 2930 sit.
1231 2908 1266 2917 -

87 2962 158 3015 citer
177 2963 340 3027 continuat,
369 2966 419 3019 sed
439 2965 524 3018 aliam
543 2965 665 3029 exhibet,
692 2963 726 3021 οὐ
750 2965 907 3036 μοιχεύσεις
932 2967 1001 3031 xta]
1030 2966 1158 3020 Clemens
1186 2965 1265 3018 Alex.

86 3049 243 3119 respiciens
271 3051 373 3105 Matth.
395 3053 442 3115 19,
468 3053 585 3117 16-19,
616 3053 665 3107 ubi
691 3050 1265 3121 11101001110000111110018.1110,

87 3134 225 3190 Dominus
254 3136 474 3207 descriptionem
500 3141 564 3195 viae
588 3140 665 3194 vitae
691 3136 724 3190 89
743 3155 770 3207 p.
790 3139 854 3200 223;
880 3139 926 3200 ΙΠ,
947 3140 986 3201 12,
1005 3139 1039 3193 80
1056 3156 1083 3207 p.
1103 3137 1170 3200 3053
1198 3138 1264 3192 Pro·

86 3222 189 3276 iisdem
200 3223 295 3278 verbis
308 3224 418 3294 incipit,
438 3226 611 3280 adulescenti
624 3226 664 3279 in·
691 3227 774 3293 trept.
798 3226 836 3288 10,
858 3226 908 3281 108
931 3244 958 3296 p.
978 3225 1026 3288 85;
1054 3224 1155 3278 Strom.
1174 3225 1263 3287 Π1,4,

85 3311 255 3380 arroganti,
274 3311 344 3378 quid
362 3311 429 3367 boni
447 3313 547 3376 iaciat,
566 3317 598 3368 ut
616 3313 664 3366 ha
691 3311 724 3365 36
751 3330 778 3381 p.
798 3313 856 3366 527,
888 3343 921 3351 -
958 3311 991 3370 οὐ
1015 3311 1265 3384 παιδοφοορήσεις]

85 3396 153 3452 1011
170 3398 261 3451 vitam
284 3399 429 3452 aeternam
453 3401 499 3454 vel
522 3400 558 3454 ad
575 3401 664 3455 vitam
690 3397 1264 3469 11100111111111100110301011081101,

84 3483 278 3553 ingrediatur,
306 3485 494 3555 respondens:
530 3485 593 3541 Non
617 3487 664 3541 ho·
690 3489 783 3540 exstat
802 3488 897 3540 autem
916 3485 979 3539 aliis
992 3485 1084 3539 verbis
1103 3503 1265 3555 expressum

85 3569 232 3623 micidium
261 3570 364 3636 facies,
398 3589 456 3626 non
492 3572 664 3628 adulterabis
690 3572 753 3626 Les.
775 3572 815 3635 18,
835 3572 945 3636 22;20,
966 3574 1006 3628 13.
1028 3573 1263 3637 01.110111.1,27;

84 3661 138 3711 010.
690 3661 783 3715 1001.
803 3661 827 3723 6,
846 3661 869 3714 9.
907 3661 1013 3714 Auctor
1030 3662 1083 3713 hoc
1101 3659 1265 3714 mandatum

120 3743 144 3797 2
164 3744 304 3799 Mandata
321 3747 355 3802 ot
372 3746 530 3818 φονεύσεις,
554 3746 588 3804 οὐ
605 3768 664 3817 μοι·
690 3751 719 3801 01
738 3762 858 3814 sequens
877 3747 1057 3816 praecedenti
1077 3746 1202 3809 addidit,
1232 3748 1265 3800 ut

83 3831 199 3902 χεύοεις,
217 3830 377 3904 adsiderem
389 3837 418 3888 et
438 3836 474 3903 (v.
483 3835 511 3903 3)
520 3832 554 3890 od
566 3839 664 3906 ψευδο·
690 3837 807 3902 praeter
826 3834 997 3889 adulterium
1020 3834 1107 3888 etiam
1126 3831 1182 3886 alia
1200 3848 1264 3901 pac·

83 3923 277 3992 μαρτυρήσας,
297 3918 664 3984 111012013-16111101
691 3922 755 3973 cata
784 3920 912 3975 castitati
939 3919 1120 3976 adversantia
1148 3918 1264 3973 interdi-

84 4005 244 4076 disposits,
273 4005 356 4061 Dent.
376 4007 400 4069 5,
421 4008 523 4064 17-20
550 4009 664 4076 quidem
691 4010 775 4063 ceret.
794 4036 829 4047 -
847 4006 881 4064 od
897 4006 1068 4080 πορνεύσεις]
1087 4005 1164 4060 Η100
1177 4008 1264 4060 verba

85 4094 208 4147 eundem
232 4093 360 4148 ordinem
386 4094 524 4151 obtinent.
560 4095 602 4150 Ex
620 4112 662 4149 ra·
690 4109 741 4148 nec
761 4093 790 4146 in
809 4094 951 4164 Decalogo
975 4110 1025 4148 nec
1047 4093 1148 4147 Mattli
1170 4092 1209 4155 19,
1231 4093 1263 4148 18

84 4181 163 4235 tione
173 4183 271 4235 autem
281 4181 312 4235 in
323 4185 393 4237 nota
403 4183 590 4251 praecedente
601 4199 663 4251 pro·
690 4180 829 4251 leguntur.
850 4180 920 4234 (lum
929 4184 1022 4234 autem
1034 4178 1185 4234 fornicatio
1197 4198 1262 4250 gen·

82 4270 182 4337 posita
208 4272 238 4323 et
265 4285 328 4323 cum
354 4271 489 4324 mandato
513 4267 547 4326 οὐ
564 4275 664 4342 ψευδο·
690 4267 787 4323 tilibus
814 4265 945 4337 plurimis
971 4282 1028 4319 non
1053 4264 1184 4320 illicitum
1203 4284 1263 4322 essa

82 4359 272 4429 μαρτυρήσας
289 4373 346 4410 uon
365 4355 422 4410 sint
445 4355 558 4409 adiecta
576 4354 664 4409 verba
690 4354 838 4417 videretur,
849 4353 1013 4406 mandatum
1024 4352 1085 4406 iure
1098 4354 1134 4408 ab
1146 4358 1263 4409 auctore

80 4442 155 4499 md
164 4451 217 4499 τοῦ
234 4445 350 4514 πλησίον
359 4460 411 4499 σου
428 4445 584 4515 μαρτυρίαν
596 4460 663 4515 ψευ-
690 4442 851 4511 appositum
869 4444 920 4494 est.
940 4439 1094 4503 0110114,
1110 4440 1157 4503 12;
1176 4442 1261 4496 1001.

81 4534 123 4598 δή,
143 4544 219 4597 quae
236 4528 319 4583 Dent
338 4531 363 4594 5,
383 4528 416 4583 20
435 4528 579 4599 leguntur,
599 4545 662 4582 auc·
689 4528 770 4590 6,10;
789 4527 815 4581 ΙΙ
826 4527 888 4581 001.
900 4528 939 4589 12,
949 4528 997 4589 21;
1018 4526 1112 4590 0115,
1126 4528 1172 4589 19;
1191 4525 1261 4596 Eph.

80 4616 128 4671 tor
153 4632 214 4670 non
238 4616 328 4670 Vetus
355 4614 584 4679 Testamentum,
612 4615 663 4671 scd
689 4616 713 4679 5,
733 4614 763 4677 3;
792 4613 950 4678 0013,5;
978 4612 1154 4676 11110014,
1176 4612 1200 4667 3.
1227 4644 1262 4652 -
