2834 5018
351 676 672 733 PRESBYTERORUM
689 678 886 745 Ruuloumu
904 680 924 746 Ι,
945 681 1019 737 1-3.
1208 688 1272 753 379

96 854 226 938 spiritus
258 858 406 938 egerunt,
441 878 511 921 eam
543 880 624 943 quae
651 881 690 923 ex
721 859 884 943 scripturis
916 865 999 925 esset
1022 860 1272 945 correptionem.

96 958 177 1023 Cum
199 958 283 1023 enim
305 979 370 1023 non
393 967 440 1024 eit
455 981 679 1043 personamus
702 973 856 1046 acceptor
877 966 976 1045 deus,
1005 986 1085 1048 quae
1115 970 1188 1030 sunt
1209 987 1274 1030 non

96 1064 270 1129 secundum
292 1065 359 1129 eius
380 1065 533 1149 placitum
556 1067 660 1141 facta,
693 1067 743 1132 his
762 1069 920 1133 inferebat
951 1091 1123 1154 congruam
1146 1092 1273 1155 correp·

95 1170 223 1234 tionem.
271 1170 301 1233 2.
327 1169 598 1245 Quemadmodum
629 1172 688 1238 sub
712 1171 834 1245 David,
869 1174 994 1257 quando
1022 1175 1273 1258 persecutionem

97 1274 225 1358 quidem
246 1273 428 1356 patiebatur
451 1298 469 1338 a
492 1275 568 1340 Saul
589 1281 721 1359 propter
742 1277 912 1354 iustitiam,
936 1283 968 1341 et
989 1298 1097 1360 regem
1120 1277 1196 1342 Saul
1219 1278 1300 1341 fu-⁶

96 1378 206 1462 giebat
228 1382 260 1440 et
282 1377 444 1442 inimicum
466 1400 530 1443 non
553 1380 772 1458 ulciscebatur,
796 1385 829 1445 et
851 1381 968 1445 Christi
991 1381 1160 1445 adventum
1183 1380 1273 1466 psal·

95 1483 185 1547 lebat
207 1485 239 1546 et
261 1482 419 1566 sapientia
450 1483 627 1548 instruebat
650 1488 776 1568 gentes,
809 1489 841 1549 et
863 1486 969 1549 omnia
1002 1486 1173 1550 secundum
1196 1507 1273 1550 con·

96 1587 204 1650 silium
238 1587 376 1652 faciebat
411 1588 540 1671 spiritus
575 1594 607 1652 et
639 1587 789 1671 placebat
822 1589 889 1653 deo.
948 1591 977 1653 3.
1003 1589 1135 1665 Quando
1168 1594 1274 1654 autem

95 1695 227 1774 propter
250 1692 537 1775 concupiscentiam
561 1693 628 1776 ipse
651 1694 713 1758 sibi
740 1694 862 1779 accepit
885 1694 1041 1759 Betsabee
1064 1696 1171 1773 Uriae,
1196 1695 1275 1760 dixit

96 1796 254 1880 scriptura
277 1797 315 1860 de
339 1818 395 1860 eo:
429 1800 577 1878 Nequam
601 1806 710 1862 autem
735 1805 826 1863 etrus
848 1808 903 1864 est
921 1820 1050 1880 sermo,
1073 1821 1168 1882 quern
1188 1803 1275 1880 fecit
1287 1825 1313 1863 a

96 1903 215 1982 Dauid,
230 1907 265 1965 tn
288 1905 395 1966 omelia
409 1904 543 1966 (tantini.
568 1904 611 1966 Et
625 1909 772 1967 mittitur
794 1905 841 1967 ud
858 1923 931 1968 eum
955 1908 1089 1969 Nathan
1103 1909 1276 1988 propheta,

96 2006 264 2071 ostendens
288 2007 317 2071 ei
338 2013 505 2091 peccatum
529 2008 609 2084 eius,
633 2013 670 2071 ut
692 2007 760 2090 ipse
785 2007 863 2072 dans
885 2009 1075 2073 sententiam
1098 2009 1136 2073 de
1158 2014 1274 2073 semet·

95 2110 166 2194 ipso
193 2114 225 2174 et
256 2112 460 2196 semetipsum
489 2113 672 2178 adiudicans
702 2113 948 2177 misericordiam
978 2118 1221 2198 consequeretur
1243 2118 1277 2178 et

95 2215 312 2279 remissionem
335 2239 354 2279 a
377 2215 520 2292 Christ03
556 2222 588 2280 et
621 2216 701 2281 dixit
724 2217 771 2281 ei:
807 2221 880 2282 Duo
908 2225 973 2282 uiri
998 2221 1141 2298 fuerumt
1165 2269 1273 2284 .....

99 2321 145 2383 Tu
169 2340 206 2384 es
229 2327 290 2401 uir,
313 2327 369 2401 qut
388 2323 506 2400 fertote·
526 2326 604 2401 toa:
633 2326 665 2386 et
688 2322 835 2407 deinceps
858 2322 983 2407 reliqua
1004 2324 1193 2408 exsequitur,
1218 2345 1274 2388 ex·
1289 2344 1314 2382 n

95 2424 251 2506 probrans
275 2447 347 2488 eum
369 2429 401 2488 et
430 2446 619 2492 enumerans
641 2427 674 2490 in
698 2448 770 2491 eum
800 2427 850 2490 dei
872 2427 1039 2505 beneficia,
1072 2433 1104 2492 et
1126 2429 1275 2512 quoniam

96 2529 296 2593 exacerbavit
320 2529 490 2595 dominum.
515 2551 586 2594 cum
609 2530 736 2596 fecisset
759 2532 828 2596 hoc.
875 2531 949 2596 Non
972 2533 1055 2596 enim
1069 2533 1195 2616 placere
1218 2533 1276 2597 deo

167 2683 183 2734 2
201 2682 262 2735 Act.
284 2681 323 2742 10,
344 2682 384 2735 34.
403 2713 439 2720 -
456 2684 473 2734 4
491 2682 504 2734 l
523 2682 591 2753 Reg.
606 2686 638 2740 18
651 2703 712 2753 sqq.
732 2717 767 2725 -
787 2687 819 2740 10
837 2685 863 2738 ll
876 2685 943 2756 Reg.
961 2687 1000 2748 11,
1014 2686 1057 2739 27.
1075 2716 1110 2724 -
1124 2685 1153 2740 11
1167 2685 1193 2739 ll
1205 2684 1274 2756 Reg.

98 2770 139 2832 12,
162 2772 183 2824 1.
203 2799 238 2808 -
258 2771 290 2823 14
310 2768 336 2822 Il
355 2768 423 2837 Reg.
447 2772 485 2831 12,
507 2771 583 2823 1-7.

96 2889 162 2956 τοὺς
179 2888 354 2958 ἀποστόλους
365 2888 533 2963 ἑωρακότων
550 2896 596 2949 καὶ
607 2890 673 2965 παρ’
685 2891 688 3007 q
701 2894 895 2962 apostolorum
912 2897 996 2948 vocat
1014 2894 1059 2947 vel
1078 2911 1141 2948 eum
1154 2893 1275 2964 discipu-

95 2977 189 3032 αὐτῶν
213 2976 268 3044 (vel
294 2977 416 3045 ἐκείνων)
443 2981 598 3047 μαθόντων
616 2979 673 3048 (vel
700 2982 744 3033 los
772 2980 963 3050 apostolorum
990 2984 1101 3035 tantum
1136 2982 1277 3037 audivisse

93 3065 320 3137 μεμαθηκότων).
337 3064 674 3134 Cf.Zahn,Forcctun9en
700 3067 776 3130 dicit,
796 3068 846 3120 sed
864 3066 959 3136 potius
978 3066 1073 3131 refert,
1092 3067 1146 3121 sibi
1165 3085 1183 3120 a
1200 3086 1276 3138 pres-

96 3153 143 3215 vl,
157 3154 191 3206 65
210 3169 250 3218 sq.
288 3152 428 3215 Hamaek,
451 3153 607 3207 Gesctictle
627 3153 674 3207 der
701 3155 799 3222 bytero
819 3154 928 3207 dictum
952 3152 1067 3220 aliquod
1091 3156 1276 3210 communica

95 3241 237 3295 oltctn'stt.
264 3239 417 3293 Liberata-r
445 3238 484 3300 Il,
505 3239 524 3301 Ι,
545 3237 596 3291 339
614 3242 673 3292 not
700 3246 849 3304 tumesco,
869 3240 1002 3308 quodhic
1022 3240 1276 3312 adiscipulisapo·

94 3327 265 3398 particulam
285 3326 404 3380 alteram
422 3326 520 3381 vertit:
539 3329 586 3381 καὶ
598 3325 674 3397 παρὰ
701 3328 837 3383 stolorum
850 3331 1006 3396 acceperat,
1027 3330 1056 3380 et
1067 3327 1121 3380 hoe
1141 3328 1226 3381 etiam
1240 3327 1275 3382 de

96 3423 154 3470 τῶν
173 3412 217 3470 ὑπ’
236 3414 328 3472 αὐτῶν
345 3413 593 3486 μαθητευθέντων.
619 3413 674 3467 Ire·
702 3414 839 3484 discipulo
866 3412 1060 3483 apostolorum
1087 3414 1143 3467 dici
1171 3415 1274 3483 potuit.

96 3518 184 3554 naeus
209 3518 273 3555 vero
292 3501 338 3554 vix
365 3501 434 3555 duas
454 3501 556 3555 classes
579 3505 674 3570 protu·
700 3501 803 3571 Papias
823 3518 943 3568 quoque,
964 3517 1135 3568 quamquam
1154 3501 1275 3571 discipu·

95 3588 137 3649 lit
157 3606 275 3655 quarum
295 3591 386 3645 altera
409 3590 600 3660 apostolorum
619 3591 674 3644 dis·
700 3588 744 3641 lus
763 3587 954 3657 apostolorum
972 3591 1042 3651 erat,
1061 3604 1117 3641 non
1136 3588 1227 3641 solum
1240 3589 1277 3643 ab

96 3675 206 3743 cipulos
225 3677 355 3739 vidisset,
377 3678 469 3731 altera
487 3679 522 3731 ab
542 3678 582 3731 eis
603 3677 674 3732 didi·
702 3674 846 3744 apostolis,
866 3674 1015 3728 sedetiam
1029 3675 1064 3728 ab
1084 3691 1180 3728 eorum
1193 3674 1274 3729 disci·

95 3762 188 3825 cisset,
209 3780 272 3816 cum
283 3765 359 3828 testi,
378 3782 434 3832 quo
448 3765 505 3833 ipsi
517 3782 587 3834 opus
604 3767 674 3825 erat
700 3762 775 3831 pulis
795 3762 909 3828 eloquia
918 3759 1032 3814 Domini
1051 3759 1205 3829 comperire
1219 3763 1275 3814 stu-

96 3865 152 3902 non
183 3849 272 3905 solum
298 3852 468 3914 videndum,
504 3852 553 3905 sed
586 3850 768 3919 etiam,duit.
787 3882 822 3890 -
840 3849 969 3902 sufficere
989 3849 1052 3919 etc]
1083 3847 1217 3901 Oratione
1235 3846 1276 3900 in·

96 3936 261 3990 discendum
273 3938 381 4002 fuisset,
395 3941 424 3992 et
438 3937 553 3992 verbum
565 3937 673 3993 discere
686 3924 689 3959 l
701 3937 815 3997 directa,
834 3953 892 4003 qua
909 3934 1021 4004 saepius
1033 3935 1123 3989 utitur
1140 3933 1188 4004 (ef.
1198 3935 1218 3995 Ι,
1226 3934 1275 3995 2ος

94 4024 250 4092 respondet
260 4025 577 4094 verbopuvtclvaemon
586 4024 673 4077 verbo
701 4024 799 4078 lI-lV
818 4023 890 4091 etc),
909 4023 1042 4076 Irenaeus
1062 4019 1200 4080 ostendit,
1220 4036 1277 4073 non

93 4109 321 4179 μαθητεύεσθαι,
350 4110 427 4177 quod
446 4109 498 4173 ΙΙΙ,
518 4111 578 4172 3,4
603 4127 673 4165 voce
700 4110 868 4164 verbotenus
879 4127 908 4163 se
920 4110 1045 4170 reddere,
1056 4126 1129 4177 quae
1140 4108 1276 4161 andierat.

94 4197 199 4251 edoceri
211 4195 345 4251 redditur.
375 4197 427 4250 Cui
440 4196 673 4267 interpretationi
735 4197 759 4251 3.
778 4197 891 4250 fuerunt
910 4236 935 4249 ..
956 4197 999 4250 'lu
1012 4214 1041 4250 es
1060 4197 1103 4251 vir
1115 4196 1163 4262 qui
1178 4196 1196 4248 f.
1211 4195 1276 4264 hoc]

94 4299 151 4336 non
172 4282 283 4345 obstat,
311 4285 386 4350 quod
404 4285 536 4339 Irenaeus
554 4285 673 4338 eundem
700 4284 830 4337 Irenaeus
848 4284 940 4337 totum
959 4283 985 4337 S.
1005 4282 1165 4351 Scripturae
1184 4280 1277 4335 locum

94 4369 291 4440 presbyterum
310 4372 411 4438 postea
429 4370 551 4441 (Fragm.
564 4370 615 4441 lv)
631 4388 671 4424 se·
685 4376 687 4385 '
699 4369 855 4440 exscripsit.
892 4369 962 4422 Mihi
976 4368 1105 4422 sufficere
1117 4367 1276 4433 videbatur,

94 4457 205 4511 niorem
224 4457 417 4525 apostolorum
438 4455 608 4525 discipulum
623 4474 671 4526 ap·
699 4457 810 4511 initium
829 4458 858 4509 et
876 4456 958 4508 finem
976 4454 1111 4510 indicare.
1141 4454 1277 4510 Similiter

94 4542 192 4613 pellat.
229 4543 357 4612 Namque
386 4544 440 4597 hoc
466 4543 530 4597 loeo
556 4543 671 4612 presby·
699 4544 781 4597 infra
812 4574 845 4582 -
873 4546 902 4596 et
929 4542 1062 4612 deinceps
1090 4542 1209 4613 reliqua]
1237 4559 1275 4597 ec.

94 4633 188 4684 terum
210 4646 268 4683 non
285 4629 445 4685 auditorem
471 4628 672 4698 discipulorum
698 4627 986 4701 IIReg.12,leqq.
1012 4658 1047 4669 -
1070 4630 1211 4701 psalmum
1229 4647 1274 4684 ex·
