2834 5018
483 717 681 784 111111111,
700 718 777 784 1-1,
797 721 820 776 a.
1176 726 1238 791 501

58 901 91 964 3.
115 900 196 984 Ege,
221 898 358 981 inquam,
383 897 515 975 domine,
539 896 693 981 insipiens
716 919 787 961 sum
809 902 842 962 et
863 920 928 962 non
949 898 1102 983 intellego
1126 900 1240 965 simili·

57 1004 187 1068 tudines
210 1004 297 1068 istas.
345 1000 510 1078 Quomodo
533 1001 618 1066 enim
640 1002 743 1085 possit
772 1003 981 1068 exterminare
1005 1008 1100 1088 atque
1126 1004 1241 1070 iterum

58 1129 197 1184 servare,
221 1129 284 1171 non
306 1105 468 1189 intellego.
514 1106 544 1169 4.
569 1103 664 1184 Audi,
689 1106 807 1192 inquit:
844 1107 898 1192 qui
920 1130 1095 1194 numquam
1123 1109 1240 1175 verita·

57 1217 127 1277 tem
148 1211 282 1276 scmtati
304 1214 378 1274 sunt
399 1231 502 1294 neque
530 1208 728 1275 divinitatem
758 1212 989 1296 exquisierrmt,
1020 1214 1075 1278 sed
1097 1219 1241 1280 tantum·

58 1318 156 1382 modo
180 1315 397 1393 crediderunt,
431 1315 464 1379 in
487 1315 624 1400 negotiis
652 1336 726 1379 vero
750 1322 824 1382 sunt
852 1318 986 1383 involuti
1009 1322 1040 1382 et
1068 1319 1185 1383 divitiis
1210 1325 1268 1385 eto

59 1421 210 1488 amicitiis
242 1419 414 1504 gentilibus
444 1419 578 1504 aliisque
600 1420 711 1485 multis
743 1424 837 1487 rebus
859 1423 953 1488 huius
976 1423 1111 1501 saeculi,
1144 1430 1241 1509 quot·

60 1532 142 1612 quot
163 1527 262 1612 igitur
284 1526 317 1589 in
346 1525 396 1588 his
419 1525 567 1609 impliciti
589 1530 678 1603 sunt,
712 1549 776 1591 non
798 1527 989 1613 intellegrmt
1020 1527 1242 1593 similitudines

60 1631 251 1705 divinitatis;
284 1630 493 1694 obscurantur
523 1630 607 1694 enim
637 1631 687 1696 his
715 1633 852 1717 negotiis
879 1638 911 1698 et
937 1637 1182 1717 corrumpuntur
1211 1638 1243 1698 et

59 1738 144 1802 fiunt
166 1735 303 1800 inutiles.
352 1735 381 1799 5.
407 1735 497 1800 Sicut
518 1736 598 1799 vites
620 1736 740 1813 bonae,
769 1737 797 1801 si
824 1737 1053 1822 neglcgrmtur,
1087 1738 1187 1822 spinis
1211 1742 1243 1802 et

60 1841 170 1906 herbis
192 1841 288 1904 variis
305 1840 517 1917 devastantur,
541 1840 588 1904 ita
609 1838 761 1918 homines,
780 1841 833 1925 qui
849 1841 1046 1905 crediderrmt
1061 1845 1094 1905 et
1116 1840 1148 1906 in
1163 1842 1242 1907 haec
1256 1860 1281 1898 10

58 1945 192 2030 negotia
214 1945 317 2010 multa
338 1944 490 2021 incidrmt,
514 1944 553 2008 de
577 1944 690 2028 quibus
713 1944 807 2008 modo
831 1945 951 2009 dictum
973 1949 1029 2022 est,
1054 1946 1202 2011 aberrant
1224 1969 1244 2010 a

60 2073 158 2115 sensu
174 2072 231 2114 suo
255 2054 286 2114 et
301 2049 382 2114 nihil
405 2049 536 2113 omnino*
548 2047 740 2133 intellegrmt
763 2051 801 2113 de
817 2050 948 2127 iustitis,
972 2050 1027 2114 sed
1043 2050 1070 2114 si
1086 2051 1242 2115 audierint

61 2155 103 2219 dc
126 2154 290 2218 divinitate
314 2175 350 2218 ac
375 2153 518 2231 veritate,
543 2175 652 2218 sensus
675 2175 784 2218 eorum
807 2154 889 2218 circa
911 2155 1074 2239 negotium
1102 2155 1243 2238 ipsorum

61 2264 121 2335 est,
146 2264 178 2323 et
200 2258 281 2323 nihil
303 2257 431 2322 omnino
453 2256 654 2343 intellegrmt.
702 2258 731 2321 6.
756 2256 817 2334 Qui
833 2263 939 2322 autem
962 2259 1109 2322 timorem
1123 2257 1243 2323 habent

61 2365 114 2428 dci
137 2368 169 2427 et
191 2363 354 2448 inquirunt
383 2364 421 2426 de
444 2362 609 2427 divinitate
632 2366 664 2427 et
685 2363 819 2427 veritate
841 2366 873 2426 et
895 2383 949 2427 cor
977 2361 1097 2427 habent
1120 2362 1284 2427 addo-1⁶

60 2469 194 2545 minum,
219 2467 334 2543 omnia,
361 2466 542 2550 quaeipsis
566 2467 722 2543 dicuntur,
746 2466 839 2530 citius
861 2465 1041 2550 percipiunt
1062 2469 1094 2530 et
1115 2463 1248 2529 intelle·'

63 2578 157 2658 gunt,
183 2573 257 2658 quia
278 2572 425 2637 timorem
455 2572 574 2636 domini
596 2573 628 2636 in
651 2593 720 2636 sese
742 2571 878 2647 habont3
909 2570 963 2634 ubi
986 2569 1069 2633 enim
1099 2570 1243 2634 dominus

62 2678 199 2754 habitat,
223 2677 269 2743 ibi
292 2682 323 2741 et
345 2676 565 2761 intellegentia
586 2676 689 2741 multa
711 2680 768 2740 est.
814 2674 963 2740 Adhaerc
985 2674 1084 2759 igitur
1106 2674 1242 2752 domino,

63 2785 98 2846 et
120 2782 227 2846 omnia
250 2780 416 2866 intelleges
440 2802 477 2845 ac
500 2780 663 2864 percipies.

154 2986 190 3054 2.
216 2989 302 3055 Audi
325 3009 411 3073 ergo,
436 2988 549 3072 inquil,
573 2987 737 3070 insipiens,
763 2986 919 3071 quomodo
941 2987 1073 3052 tristItia
1095 2988 1243 3070 spiritum
1257 3004 1284 3043 2⁰

63 3100 211 3160 sanctum
235 3093 423 3158 exterminet
446 3097 478 3157 et
500 3092 616 3156 iterum
638 3095 750 3156 servet.
797 3091 825 3154 2.
850 3089 931 3155 Cum
945 3090 1058 3156 dubius
1080 3090 1245 3175 negotium

64 3190 197 3283 aliquod
220 3219 390 3283 eggressus
414 3201 447 3261 et
468 3200 601 3280 propter
629 3195 823 3260 dubietatem
846 3216 935 3259 suam
964 3194 1095 3259 adversa
1116 3193 1246 3258 fortuna

63 3325 141 3368 usus
165 3303 271 3382 fuerit,
296 3302 428 3368 tristitia
456 3301 519 3365 ista
540 3300 574 3363 in
595 3299 756 3363 hominem
777 3298 878 3362 intrat
900 3301 932 3360 ct
961 3297 1127 3360 contristat
1149 3297 1243 3381 spiri-

63 3413 134 3472 tum
157 3413 301 3472 sanctum
333 3411 365 3471 et
396 3405 583 3470 exterminat
612 3425 695 3468 eum.
741 3404 770 3467 3.
794 3401 917 3467 Deinde
939 3401 1053 3465 iterum
1081 3401 1245 3466 iracundia

64 3534 139 3577 cum
161 3511 341 3576 adhaeserit
370 3509 492 3574 homini
514 3512 646 3592 propter
673 3507 836 3591 negotium
866 3505 994 3591 aliquod
1021 3506 1150 3590 eiusque
1173 3505 1244 3570 ani·
1257 3525 1283 3565 11

63 3638 136 3681 mus
159 3615 250 3679 valde
273 3615 476 3680 exacerbatus
500 3612 614 3691 fuerit,
639 3612 756 3676 iterum
777 3610 910 3676 tristitia
930 3611 1030 3675 intrat
1052 3610 1085 3674 in
1108 3631 1162 3675 cor
1184 3610 1244 3675 ho·

139 3858 171 3911 16
191 3858 216 3911 II
235 3856 295 3912 Esr.
315 3858 339 3919 5,
358 3857 382 3910 9.
405 3857 450 3918 15;
470 3854 513 3908 Ps.
535 3854 575 3917 13,
594 3855 619 3906 4.
638 3883 672 3892 -
693 3854 725 3908 18
744 3851 921 3915 Ps.110‚10;
951 3851 1030 3906 Prov.
1051 3853 1073 3915 1,
1093 3854 1123 3915 7;
1153 3851 1177 3915 9,
1199 3852 1244 3914 10;

67 3947 108 4007 15,
129 3947 171 4000 33.
189 3975 224 3983 -
241 3945 275 3998 20
294 3943 433 4007 81111112,
453 3942 477 3995 3.
496 3972 532 3981 -
549 3940 615 3996 221
634 3941 695 3995 Cor.
715 3939 738 4003 7,
760 3939 799 3995 10.

103 4157 128 4208 4.
146 4173 221 4210 πιστ.
249 4152 279 4209 δὲ
304 4153 404 4224 μόνον]
433 4154 475 4210 01.
494 4152 549 4206 lac.
568 4153 592 4216 2,
612 4150 646 4205 14
671 4150 712 4215 26,
732 4153 756 4206 3.

67 4240 146 4294 -26,
158 4271 193 4280 -
205 4245 261 4312 φιλ.
277 4237 411 4310 ἐθνικαῖς]
432 4240 473 4296 01.
493 4239 558 4293 Sim
571 4237 643 4302 VIII,
705 4239 730 4292 5.
749 4238 790 4293 cf.
809 4237 911 4292 Matth.
932 4237 971 4301 13,
990 4234 1033 4291 22.
1057 4265 1091 4276 -
1115 4234 1142 4294 ol
1159 4233 1245 4306 ἀμπε-

66 4328 138 4392 9,1;
158 4329 212 4382 lac.
222 4329 247 4391 4,
258 4330 282 4381 4.
303 4329 443 4397 Interpres
455 4326 561 4383 latinus
573 4326 645 4381 alter
671 4332 757 4393 λῶνες
779 4364 785 4378 .
805 4364 811 4377 .
834 4323 1008 4397 χερσοῦνται]
1035 4323 1077 4379 01.
1104 4323 1185 4378 Prov.
1204 4321 1245 4385 24,

67 4414 125 4484 (U)
144 4415 246 4469 vertit:
263 4415 392 4470 amicitiis
416 4415 583 4470 diversorum
599 4415 643 4469 do·
671 4413 713 4468 30.
732 4415 774 4469 31.

67 4503 187 4570 minum,
223 4501 298 4555 unde
329 4501 463 4555 Hamaclr
493 4499 643 4564 conclusit,
706 4501 730 4554 6.
759 4519 782 4554 τ.
809 4501 925 4572 καρδίαν
949 4496 1019 4566 cett]
1048 4494 1089 4552 01.
1115 4495 1174 4550 Vis.
1198 4494 1245 4560 ΙΙΙ,

69 4606 134 4644 eum
142 4591 209 4658 post
220 4587 400 4643 Constantini
408 4591 519 4657 tempus
531 4587 643 4641 vixisse.
672 4586 712 4650 10,
730 4587 747 4642 9
764 4589 822 4641 not.

68 4707 104 4716 -
121 4675 335 4751 κεχερσωμένοι]
354 4674 395 4730 01.
414 4693 439 4729 r.
458 4675 489 4737 5;
508 4673 574 4729 sim.
597 4672 644 4738 ΙΧ,
