2834 5018
108 299 170 366 190
568 293 595 347 11
614 292 818 349 τισαυππε

579 384 594 415 8

106 470 258 536 Ἒσεσθε
281 475 327 552 ὡς
351 473 452 557 ἀρνία
476 471 514 535 ἐν
535 472 631 554 μέσῳ
649 469 775 534 λύκων.
823 472 854 535 3.
879 469 1063 550 ἀποκριθεὶς
1079 469 1113 532 δέ
1136 467 1286 551 δΠέτρος

108 576 193 658 αὐτῷ
227 573 330 659 λέγει·
365 576 452 640 Ἐὰν
487 579 549 640 ούν
583 573 865 659 διασπαράξωσιν
899 576 929 638 οί
960 573 1057 638 λύκοι
1091 575 1132 638 τὰ
1168 575 1270 659 ἀρνία
1276 595 1287 649 ;

108 683 139 745 4.
163 677 247 744 είπεν
270 680 286 743 ὁ
311 678 431 763 Ἰησοῦς
454 687 497 763 τῷ
521 678 647 762 Πέτρῳ·
671 678 734 762 Μή
758 677 1004 762 φοβείσθωσαν
1026 679 1068 742 τὰ
1091 678 1193 762 ἀρνία
1208 681 1286 758 τοὺς

107 784 232 865 λύκους
253 785 339 865 μετὰ
361 785 401 848 τδ
424 783 618 849 ἀποθανεῖν
641 786 742 849 αύτά·
767 785 822 847 καί
846 787 940 864 ὑμεῖς
955 784 1003 867 μή
1027 782 1193 868 φοβεῖσθε
1208 785 1287 863 τοὺς

82 888 383 968 ιάποκτέννοντας
405 892 493 968 ὑμᾶς
516 889 572 951 καί.
595 886 704 972 μηδὲν
719 891 800 968 ύμῖν
822 886 1033 968 δυναμένους
1053 893 1175 968 ποιεῖν,
1199 886 1287 952 ἀλλὰ

108 991 274 1076 φοβεῖσθε
297 992 357 1056 τὸν
372 993 457 1073 μετὰ
480 993 519 1057 τὸ
535 991 729 1056 ἀποθανεῖν
751 995 839 1072 ὑμᾶς
855 993 977 1073 ἔχοντα
993 989 1152 1071 ἐξουσίαν
1174 999 1286 1076 ψυχῆς

108 1099 164 1161 καί
189 1100 347 1178 σώματος
371 1104 432 1161 τοῦ
455 1096 573 1181 βαλεῖν
589 1099 635 1176 είς
658 1097 802 1179 γέενναν
817 1098 933 1181 πυρός.
981 1099 1009 1162 5.
1033 1097 1086 1159 καί
1106 1095 1286 1180 γινώσκετε,

108 1199 248 1283 ἀδελφοί,
273 1203 320 1262 ὅτι
343 1198 363 1282 ή
387 1199 534 1284 ἐπιδημία
556 1199 576 1284 ή
599 1198 632 1263 ἐν
655 1207 699 1282 τῷ
715 1199 824 1282 κύσμῳ
847 1199 947 1283 τούτῳ
965 1209 1020 1283 τής
1043 1200 1158 1281 σαρκὸς
1174 1199 1287 1283 ταύτης

109 1304 205 1387 μικρά
227 1303 309 1366 ἐστιν
332 1305 386 1366 καί
409 1302 630 1387 ὀλιγοχρόνιος,
652 1302 673 1386 ή
696 1302 730 1365 δέ
746 1301 917 1387 ἐπαγγελία
940 1313 995 1367 τοῦ
1011 1302 1149 1385 Χριστοῦ
1166 1302 1286 1387 μεγάλη

71 1432 96 1469 ιο
109 1409 163 1470 καί
187 1406 356 1490 θαυμαστή
380 1406 480 1485 ἐστιν,
503 1408 557 1470 καί
582 1408 755 1482 ἀνάπαυσις
778 1417 832 1491 τής
855 1407 1030 1493 μελλούσης
1053 1406 1213 1494 βασιλείας
1235 1407 1287 1469 καί

109 1511 191 1596 ζωής
214 1511 350 1575 αἰωνίου.
397 1515 427 1577 6.
451 1510 480 1573 τί
503 1508 557 1574 οὖν
582 1510 664 1574 ἐστίν
680 1511 870 1595 ποιήσαντας
894 1512 1049 1597 ἐπιτυχεῖν
1066 1514 1179 1591 αὐτῶν,
1205 1511 1287 1594 εἰμὴ

109 1617 146 1679 τὸ
168 1615 261 1691 ὁσίως
290 1618 343 1679 καί
366 1614 493 1689 δικαίως
525 1614 781 1698 ἀναστρέφεσθαι
810 1619 928 1680 καὶτὰ
958 1618 1096 1700 κοσμικὰ
1124 1625 1225 1679 ταῦτα
1247 1615 1288 1692 ὡς
1411 1632 1415 1643 ·

110 1719 259 1802 ἀλλότρια
280 1720 430 1803 ήγεῖσθαι
454 1720 507 1781 καί
531 1721 573 1802 μή
597 1719 760 1803 ἐπιθυμεῖν
783 1722 903 1801 αὐτῶν;
928 1725 956 1787 7.
981 1721 1013 1784 ἐν
1035 1723 1096 1806 γὰρ
1111 1729 1155 1804 τῷ
1179 1720 1288 1787 ἐπιθυ-

110 1834 177 1909 μεῖν
200 1824 281 1907 ήμοῖς
304 1822 487 1907 κτήσασθαι
510 1833 609 1886 ταῦτα
632 1824 847 1908 άποπίπτομεν
869 1835 924 1909 τής
946 1825 1019 1889 ὁδοῦ
1042 1836 1097 1910 τής
1112 1825 1245 1901 δικαίας.

71 1954 97 1992 ιι
197 1931 252 1996 VI.
277 1927 370 2013 Λέγει
387 1928 422 1991 δὲ
444 1928 461 1991 δ
477 1927 599 2010 κύριος·
627 1927 743 2010 Οὐδεὶς
759 1931 888 2014 οίκίτης
905 1928 1046 1995 δύναται
1070 1929 1146 1994 ὁυσί
1162 1933 1289 2016 κυρίοις

111 2033 295 2099 δουλεύειν.
342 2034 397 2097 ἐὰν
419 2032 507 2116 ήμεῖς
530 2031 676 2116 θέλωμεν
706 2035 759 2096 καί
783 2036 850 2117 θεῷ
881 2033 1038 2098 δουλεύειν
1067 2037 1120 2098 καί
1143 2041 1288 2118 μαμωνᾷ,

111 2138 291 2221 ἀσύμφορον
307 2137 379 2220 ήμῖν
396 2136 489 2201 ἐστίν.
535 2141 565 2203 2.
589 2141 621 2203 τί
635 2139 698 2224 γὰρ
722 2138 760 2202 τὸ
777 2137 910 2221 ὄφελος,
934 2139 996 2203 ἐάν
1011 2161 1059 2219 τις
1082 2139 1143 2202 τὸν
1158 2140 1290 2220 κόσμον

112 2241 195 2307 ὅλον
210 2242 368 2328 κερδήσῃ,
392 2244 455 2328 τήν
470 2241 507 2306 δέ
530 2245 648 2328 ψυχήν
664 2242 823 2329 ζημιωθῇ
831 2266 842 2319 ,·
864 2246 894 2309 3.
919 2243 1001 2305 ἔστιν
1024 2242 1059 2305 δέ
1074 2240 1163 2318 οὗτος
1180 2242 1197 2305 ὁ
1213 2242 1289 2305 αίύιν

112 2346 205 2408 καὶὸ
233 2345 356 2429 μέλλων
379 2346 434 2409 δύο
463 2345 584 2429 ἐχθροί.
630 2350 659 2411 4.
685 2344 774 2420 οὗτος
796 2344 881 2430 λέγει
914 2345 1055 2430 μοιχείαν
1085 2348 1140 2409 καί
1163 2348 1290 2429 φθοράν

73 2470 99 2508 ιο
112 2452 166 2514 καί
201 2450 403 2534 φιλαργυρίαν
437 2450 490 2511 καί
525 2449 664 2533 ἀπάτην,
700 2448 817 2524 ἐκεῖνος
849 2450 884 2512 δέ
915 2449 1032 2525 τούτοις
1066 2450 1289 2514 ἀποτάσσεται.

114 2559 143 2621 5.
168 2555 204 2617 ού
227 2553 391 2636 δυνάμεθα
413 2550 467 2616 οὖν
491 2560 553 2615 τῶν
576 2551 631 2614 δύο
655 2549 739 2634 φίλοι
755 2550 850 2615 είναι·
874 2552 920 2615 δεῖ
941 2552 976 2615 δὲ
991 2552 1072 2636 ήμᾶς
1094 2554 1195 2638 τούτῳ
1211 2555 1289 2618 ἀπο-

112 2656 302 2741 ταξαμένους
333 2657 442 2741 ἐκείνῳ
473 2659 623 2741 χρᾶσθαι.
670 2660 699 2722 6.
724 2656 875 2739 οἰόμεθα,
906 2658 953 2719 ὅτι
985 2656 1104 2742 βέλτιύν
1137 2658 1221 2723 ἐστιν
1250 2661 1289 2723 τὰ

114 2761 230 2827 ἐνθάδε
253 2771 397 2845 μισῆσαι,
429 2763 476 2824 ὅτι
499 2762 594 2844 μικρὰ
623 2762 677 2822 καί
702 2759 899 2844 ὀλιγοχρόνια
927 2763 980 2823 καί
1013 2763 1159 2845 φθαρτά,
1185 2762 1289 2827 ἐκεῖνα

114 2865 149 2928 δέ
172 2866 350 2949 ἀγαπῆσαι,
382 2866 422 2927 τὰ
445 2866 556 2948 ἀγαθά
588 2867 627 2928 τά
651 2867 811 2947 ἄφθαρτα.
859 2869 887 2932 7.
911 2876 1069 2942 ποιοῦντες
1092 2869 1152 2951 γὰρ
1175 2870 1210 2931 τὸ
1235 2867 1288 2935 θὲ·

74 2992 101 3033 ει
115 2969 200 3055 λημα
222 2979 276 3032 τοῦ
299 2968 436 3050 Χριστοῦ
460 2968 629 3052 εὑρήσομεν
652 2970 843 3033 ἀνάπαυσιν·
877 2971 903 3032 εί
926 2971 959 3033 δὲ
982 2970 1071 3055 μήγε,
1095 2972 1186 3036 οὐδὲν
1208 2972 1289 3058 ήμάς

113 3074 238 3158 ῥύσεται
261 3072 299 3135 ἐκ
327 3083 382 3157 τής
405 3073 531 3137 αἰωνίου
553 3072 732 3154 κολάσεως,
765 3075 820 3139 ἐὰν
842 3075 1091 3160 παρακούσωμεν
1121 3085 1184 3142 τῶν
1207 3078 1289 3142 ἐντο

113 3175 177 3240 λῶν
202 3178 306 3241 αὐτοῦ.
353 3181 382 3244 8.
406 3175 490 3262 λέγει
514 3179 623 3242 δὲκαὶ
655 3178 802 3264 ήγραρή
826 3178 859 3242 ἐν
891 3187 934 3262 τῷ
958 3178 1126 3266 Ἰεζεκιήλ,
1159 3185 1205 3246 ὅτι
1229 3183 1290 3247 έάν

114 3283 246 3369 ἀναστῇ
269 3282 350 3346 Νῶε
372 3285 428 3346 καί
451 3282 529 3367 Ἰὼβ
552 3284 607 3347 καί
631 3282 769 3367 Δανιήλ,
793 3286 834 3348 οὐ
856 3287 1017 3368 ῥύσονιαι
1038 3288 1081 3351 τὰ
1104 3289 1207 3352 τέκνα
1230 3290 1290 3352 αύ-

114 3394 184 3452 τῶν
207 3388 245 3452 ἐν
267 3393 308 3474 τῇ
331 3387 554 3472 αἰχμαλωσίᾳ.
602 3390 631 3453 9.
657 3387 682 3449 εί
705 3387 739 3450 δέ
761 3389 814 3450 καί
839 3387 867 3450 οἱ
889 3398 1021 3452 τοιοῦτοι
1044 3389 1157 3454 δίκαιοι
1181 3393 1217 3454 ού
1240 3391 1291 3454 δύ-

75 3515 101 3552 οο
115 3511 222 3554 νανται
244 3501 311 3567 ταῖς
335 3490 453 3554 ἑαυτῶν
477 3490 687 3566 δικαιοσύνκις
703 3491 863 3575 ῥύσασθαι
885 3494 924 3554 τὰ
947 3492 1041 3558 τέκνα
1057 3496 1170 3573 αὐτῶν,
1193 3494 1291 3579 ἡμεῖς,

184 3701 200 3752 5
220 3697 460 3767 άπσκτένσνταςΗ
477 3700 481 3769 ί
499 3700 531 3753 10
548 3703 594 3756 καί
608 3700 761 3770 see-{ussi
777 3703 781 3768 Ι
799 3702 830 3756 13
845 3700 899 3775 γὰρ
912 3700 1105 3776 τῲΑιΝΗ
1121 3704 1125 3768 Ι
1143 3702 1176 3756 14
1188 3710 1291 3759 ταύταν

115 3785 185 3842 αὐτὰ
202 3785 229 3838 Η
245 3785 249 3855 ί
267 3785 299 3839 18
318 3783 508 3854 ύλσνΑθι>
527 3788 553 3841 Η
569 3787 573 3858 Ι
589 3789 623 3841 22
639 3792 761 3860 χρῆσθαι
780 3787 876 3855 Η124
895 3787 930 3844 τά
949 3803 994 3842 see
1012 3788 1115 3846 Ηικαι
1132 3788 1294 3864 ΑΙγὰρ)

116 3873 211 3942 ΗΙθθ
229 3873 323 3930 αὐτῶν
340 3874 488 3941 Αι>Η8

115 4066 225 4134 peritur
242 4070 271 4119 et
290 4065 409 4120 fortasse
435 4083 469 4120 ex
488 4068 586 4122 eodem
611 4069 705 4123 fontei
753 4071 777 4122 2.
796 4064 897 4127 ἔσεσθε
924 4100 959 4108 -
984 4068 1085 4139 λύκων]
1112 4069 1178 4124 Luc.
1202 4071 1243 4135 10,
1261 4070 1293 4125 3:

115 4153 249 4208 haustum
268 4157 324 4216 est,
351 4169 365 4206 e
384 4170 440 4220 quo
458 4155 546 4208 verba
562 4156 586 4218 4,
606 4157 623 4208 5
642 4142 879 4277 θυ-ήάποοτέῖλω
896 4152 967 4224 ὑμᾶς
984 4150 1024 4221 ὼς
1044 4149 1132 4228 ἄρνας
1154 4160 1296 4232 (πρόβατα

116 4242 225 4293 xerunt.
717 4241 817 4296 Matth.
838 4243 877 4305 10,
899 4244 941 4312 16)
960 4239 990 4299 ἐν
1007 4241 1085 4320 μέσην
1102 4243 1202 4302 λύκων.
