2834 5018
489 641 811 699 muumrrsroa.
1104 648 1236 716 cmx

67 822 144 904 (anu.
178 820 348 904 97-100)
384 822 562 886 confectum
595 824 695 887 esse¹.
753 822 950 908 Adstipulati
983 829 1056 889 sunt
1089 823 1234 902 Peters²,

66 928 169 1012 Meyer
177 926 200 1005 ⁸,
224 927 360 1011 Gaspari
373 925 394 1005 ⁴,
419 926 571 992 Nirschl⁵
603 950 640 991 ac
667 928 813 992 nonnulli
843 929 905 992 alii.
951 929 1098 1014 Plerique
1131 935 1236 996 autem

65 1034 238 1098 testimonio
255 1032 442 1116 Fragmenti
462 1032 671 1096 Muratoriani
692 1031 787 1095 fidem
808 1032 995 1109 habuenmt,
1021 1056 1067 1098 ex.
1096 1056 1143 1119 gr.
1159 1035 1234 1119 Lip-

65 1138 158 1215 sius‘,
183 1136 330 1221 Heyue⁷,
353 1135 486 1214 Behm⁸,
511 1137 697 1212 Hamacm,
722 1135 814 1200 Brull
824 1135 860 1212 ¹⁰,
885 1137 1234 1216 Bariff0111,Barden-

64 1241 215 1321 hewer¹²,
239 1246 272 1308 et
294 1263 354 1327 ego
377 1242 417 1306 ab
440 1241 554 1306 horum
577 1246 626 1305 sto
648 1242 800 1324 partibus.
848 1240 935 1318 Quae
958 1243 1041 1307 enim
1056 1243 1146 1307 Zahn
1160 1266 1235 1327 pro-

64 1347 142 1425 tulit,
168 1351 205 1411 ut
228 1347 324 1411 fidem
339 1345 524 1431 Fragmenti
546 1346 741 1423 diminueret,
766 1368 803 1410 ea
824 1347 905 1411 mihi
926 1370 989 1413 non
1004 1352 1234 1431 persuaserunt.

64 1451 157 1517 Cuius
180 1457 293 1516 auctor
314 1473 417 1536 neque
445 1456 571 1515 tantum
592 1453 744 1535 temporis
777 1457 852 1536 post
873 1452 1027 1516 Hermam
1048 1473 1148 1536 neque
1170 1456 1237 1516 tam

63 1556 173 1641 procul
196 1579 217 1620 a
238 1555 343 1621 Roma
373 1556 467 1634 vixit,
500 1559 536 1618 ut
557 1577 664 1620 vemm
694 1578 758 1620 non
781 1561 889 1640 posset
919 1556 1105 1639 comperire,
1135 1577 1237 1639 neque

64 1662 185 1726 Pastori
210 1661 289 1724 adeo
311 1659 453 1723 infensus
476 1662 559 1735 erat,
592 1663 628 1723 ut
649 1681 758 1723 verum
779 1681 842 1724 non
864 1659 961 1725 vellet
990 1661 1099 1725 dicere.
1144 1662 1188 1725 Et
1210 1662 1237 1725 si

64 1767 135 1850 quid
159 1765 235 1830 falsi
259 1765 297 1828 de
319 1785 357 1827 eo
378 1763 552 1839 retulisset,
576 1784 652 1826 num
676 1762 758 1827 forte
779 1763 874 1827 fidem
896 1764 1088 1829 invenisset?
1121 1764 1236 1829 Nonne

65 1894 123 1955 qno
146 1870 269 1934 maiore
291 1867 480 1933 auctoritate
501 1867 583 1932 liber
606 1867 780 1945 fruebatur,
805 1888 841 1931 eo
862 1867 970 1950 plures
992 1869 1157 1932 veritatem
1179 1870 1235 1933 de·

64 1975 254 2040 tendendam
288 1972 463 2055 suscepturi
493 1971 653 2036 fuissent?
694 1970 796 2054 Atqui
829 1972 1020 2036 contrarium
1051 1973 1234 2037 invenimus.

64 2078 121 2156 Qui
138 2080 272 2154 Romae,
296 2061 351 2142 ubi
367 2076 481 2140 Pastor
504 2080 631 2139 exortus
654 2079 711 2151 est,
736 2076 773 2138 de
796 2076 864 2139 eius
886 2076 1007 2159 origine
1029 2075 1128 2140 locuti
1150 2082 1233 2153 sunt,

63 2186 197 2269 scriptor
220 2180 369 2266 catalogi
390 2179 548 2244 liberiani
571 2184 603 2244 et
625 2178 912 2244 Ps-Tertullianus
938 2180 1022 2244 idem
1051 2180 1234 2255 retulerunt,

64 2291 145 2373 quod
168 2293 281 2354 auctor
297 2286 489 2371 Fragmenti,
513 2289 546 2349 et
568 2305 717 2368 quaerere
738 2284 822 2361 licet,
846 2306 923 2348 num
944 2305 984 2348 ne
1006 2307 1087 2348 nnus
1110 2285 1235 2369 quidem

63 2393 148 2458 inre
170 2396 265 2457 tanta
286 2391 335 2455 illi
358 2389 607 2464 contradixisset,
631 2389 658 2452 si
681 2393 736 2451 aut
757 2389 908 2453 mentitus
932 2392 987 2453 aut
1009 2388 1109 2453 falsus
1132 2393 1235 2453 esset?

64 2497 151 2562 Dixit
175 2497 303 2582 quidem
319 2495 417 2574 Zahn,
441 2495 469 2558 si
492 2497 602 2558 auctor
618 2493 702 2557 circa
725 2493 885 2557 saeculum
899 2492 931 2556 Π
953 2494 1091 2558 medium
1105 2495 1235 2559 vixisset

64 2607 94 2666 et
114 2603 197 2668 liber
229 2605 313 2665 esset
342 2599 475 2663 ficticius
505 2597 587 2679 (vult
616 2596 699 2661 enim
728 2601 870 2680 tempore
898 2594 1068 2662 Clementis
1099 2599 1234 2682 scriptus

64 2727 145 2781 esse;
170 2706 212 2771 cf.
237 2705 305 2769 Vis.
321 2704 362 2780 Il,
378 2706 408 2781 4,
425 2701 468 2784 3),
492 2703 560 2766 fore
583 2705 619 2765 ut
641 2701 756 2765 Pastor
777 2721 906 2783 prorsus
929 2702 1116 2784 reprobatus
1133 2705 1234 2778 esset)

64 2808 260 2875 Christianos
289 2810 371 2874 enim
400 2813 520 2871 veteres
549 2805 649 2870 libros
677 2803 936 2888 pseudographos
968 2827 1068 2889 paene
1100 2828 1232 2892 semper,

65 2915 186 2978 etiamsi
201 2914 375 2979 doctrinam
389 2911 580 2975 haereticam
601 2930 664 2972 non
680 2908 915 2985 continuissent,
939 2913 1102 2994 tamquam
1122 2911 1234 2976 haere·

65 3019 141 3082 ticos
164 3018 403 3092 condemnasse,
436 3019 468 3079 et
489 3013 628 3079 vicissim
651 3013 678 3076 si
700 3013 856 3096 scriptura
886 3018 969 3078 certe
990 3016 1233 3100 pseudographa

67 3129 118 3187 aut
140 3124 255 3188 fnisset
268 3122 444 3186 orthodoxa
466 3125 522 3185 aut
544 3141 611 3183 esse
626 3118 793 3194 videretur,
818 3116 960 3182 doctrina
981 3138 1055 3182 vera
1070 3140 1123 3183 eos
1146 3140 1232 3182 com-

67 3245 273 3254 ——.--—-

134 3293 148 3345 1
168 3292 210 3347 Cf.
230 3292 308 3346 Zahn
326 3291 342 3344 l
363 3309 385 3346 c.
403 3310 431 3361 p.
451 3291 507 3346 134.

133 3381 150 3433 2
170 3380 293 3449 llceolop.
310 3379 517 3434 Literoturblatt
536 3378 602 3433 1869
621 3396 648 3447 p.
667 3379 720 3433 854
739 3396 779 3446 sq.

133 3468 150 3521 3
170 3467 224 3521 Die
241 3466 377 3535 Sctnflm
394 3466 440 3521 der
457 3472 542 3535 apost.
567 3465 648 3520 ther
667 3464 734 3518 1869
753 3482 780 3533 p.
800 3463 851 3517 255
869 3478 931 3529 sqq.

134 3553 152 3605 4
169 3552 276 3622 Qucltm
292 3571 343 3608 rur
363 3552 516 3608 Gcccticttc
532 3552 577 3607 dos
598 3552 785 3621 Taussymbole
803 3550 843 3605 ΠΙ
860 3549 958 3619 (1875)
977 3548 1036 3603 298.

135 3640 321 3709 5Potrolopr'c
339 3641 352 3694 1
370 3639 470 3707 (1881),
488 3639 599 3695 80-88.
638 3639 668 3694 G.
688 3640 813 3706 muger,
846 3637 997 3693 cereata
1023 3636 1069 3691 der
1094 3637 1233 3691 oltcdristl.

74 3723 217 3782 litterator
237 3727 302 3781 1895
319 3744 347 3796 p.
366 3725 401 3780 28
419 3745 467 3794 sq,
488 3726 645 3780 sententiae
664 3725 766 3779 saltem
784 3726 869 3778 favet.

133 3815 150 3867 6
169 3814 352 3870 Bibcllccikoa
370 3813 413 3867 ed.
432 3812 571 3867 Schenkel
588 3811 629 3866 III
647 3812 747 3881 (1871),
766 3810 800 3865 20
818 3827 879 3878 sqq.

135 3900 150 3951 ‘l
169 3901 230 3964 Quo
248 3904 375 3969 tempore
394 3899 514 3953 Hermae
532 3899 634 3953 Pastor
652 3896 773 3966 scriptus
792 3896 837 3950 sit
864 3896 938 3950 1872.

134 3987 151 4040 8
173 3987 254 4041 Uctar
271 3986 322 4040 den
344 3985 481 4053 Vcrfcascr
499 3984 545 4039 der
556 3985 666 4051 Schrift,
684 3985 778 4040 welche
795 3984 846 4038 den
860 3983 929 4038 Tite)
945 3982 1046 4047 „Hr'rt‘⁴
1066 3982 1144 4048 fctrt
1158 3982 1230 4036 1876.

134 4072 150 4126 9
169 4072 324 4143 Prolegom
343 4090 369 4142 p.
389 4070 695 4126 LXXVII—LXXXIV.

119 4160 149 4212 lo
170 4159 235 4213 1116.
267 4158 388 4228 Theolop.
417 4159 627 4229 ριωηαὶεώνξῆ
652 4157 720 4213 1878
745 4176 773 4228 p.
791 4158 826 4212 45
844 4174 905 4225 sqq.
950 4157 1044 4211 Etiam
1071 4155 1232 4210 Donaldson

70 4243 133 4309 (The
149 4247 243 4315 Apost.
272 4244 386 4299 Fauor
410 4244 478 4301 1874
504 4264 532 4317 p.
552 4246 701 4315 318-332)
728 4249 756 4299 et
779 4243 936 4298 Skworzow
960 4243 1075 4311 (Patrai.
1106 4242 1233 4298 Ueterne-

69 4331 181 4402 numen
202 4332 269 4388 1875
287 4349 314 4401 p.
336 4332 368 4386 15
386 4334 458 4402 sqq.)
492 4332 639 4386 Pastorem
662 4333 698 4385 ad
716 4329 860 4384 saeculum
877 4328 904 4381 Il
921 4328 1045 4384 medium
1068 4330 1232 4394 retulerunt,

68 4419 114 4471 red
131 4419 224 4474 minus
243 4419 412 4488 Fragmento
439 4418 525 4472 fidem
542 4418 679 4474 habentes
707 4434 792 4485 quam
810 4416 912 4470 librum
929 4416 1024 4485 ipsum
1042 4416 1232 4486 respicientes.

115 4509 144 4562 ll
164 4508 315 4561 ,41111111
332 4508 495 4562 litteraturas
511 4506 672 4562 1718111111
692 4504 759 4560 1897
776 4521 804 4573 p.
823 4503 857 4557 68
876 4520 916 4570 sq.

117 4595 149 4649 12
167 4595 321 4664 Potrolopie
338 4594 382 4648 od.
400 4592 428 4646 II
447 4592 512 4648 1901
531 4611 559 4664 p.
577 4595 611 4650 35
629 4611 670 4662 sq.

114 4699 221 4751 rank,
233 4700 315 4741 Patres
329 4703 404 4751 apost.
424 4699 461 4740 ed.
473 4699 506 4739 11.
1016 4683 1027 4745 i
