2834 5018
192 330 234 396 90
681 324 880 381 naamanin

192 504 277 568 ‘aaa
300 503 355 567 δύο
379 504 454 568 εἰσίν
478 504 606 587 διδαχῆς
628 504 681 565 καῖ
704 502 862 583 ἐξουσίας,
891 503 967 586 ἣτε
990 512 1044 565 τοῦ
1068 505 1170 585 φωτὸς
1193 506 1246 566 καί
1271 503 1292 586 η
1315 512 1368 568 τοῦ

192 609 333 683 σκότους.
378 608 512 691 διαφορὰ
535 608 569 671 δέ
583 606 687 690 πολλὴ
711 615 772 672 τῶν
795 608 851 671 δύο
867 608 956 675 ὁδῶν.
1004 607 1056 690 ἐφ’
1078 606 1114 692 ης
1137 610 1193 691 μέν
1215 609 1276 693 γοίρ
1292 610 1368 673 εἰσιν

191 712 371 797 τεταγμένοι
404 715 591 797 φωταγωγοί
623 713 751 798 ἄγγελοι
774 722 829 776 τοῦ
853 717 948 794 θεοῦ,
981 713 1030 797 ἐφ’
1053 712 1089 798 ἧς
1105 715 1139 778 δέ
1163 712 1291 798 ἄγγελοι
1314 724 1368 776 τοῦ

191 827 322 882 σατοινᾶ.
368 823 397 884 2.
421 820 475 881 καί
499 819 515 881 ὁ
538 818 594 902 μέν
618 818 700 883 ἐστιν
722 819 828 901 κύριος
852 821 914 881 ἀπὸ
938 818 1060 884 αἰώνων
1083 822 1136 883 καί
1160 820 1202 893 εἰς
1225 822 1297 895 τοὺς
1321 820 1368 882 αἰ-

165 931 285 1001 ὁῶνας,
310 923 326 985 δ
349 923 384 987 δέ
406 927 512 1006 ἀρχων
535 935 646 1006 καιροῦ
668 934 723 987 τού
746 935 800 988 νῦν
823 934 877 1008 τῆς
901 924 1040 1007 ἀνομίας.

279 1031 363 1096 XIX.
389 1028 429 1093 Ἥ
451 1027 504 1094 ούν
528 1030 598 1105 ὁδὸς
621 1041 676 1093 τοῦ
693 1030 796 1112 φωτός
819 1029 901 1094 ἐστιν
918 1033 1010 1115 αὕτη·
1035 1029 1090 1096 ἐάν
1106 1052 1151 1106 τις
1175 1029 1281 1097 θέλων
1299 1029 1369 1092 ὁδὸν

191 1134 309 1199 ὁδεύειν
333 1135 382 1199 ἐπί
405 1138 458 1199 τὸν
481 1135 651 1219 ὡρισμένον
674 1137 779 1216 τόπον,
804 1136 923 1220 σπεύοῃ
947 1145 1010 1212 τοῖς
1033 1137 1133 1219 ἔργοις
1157 1136 1261 1197 αὐτοῦ.
1287 1135 1368 1197 ἔστιν

192 1236 246 1304 σύν
281 1240 301 1322 ἡ
334 1240 467 1305 δοθεῖσα
502 1240 573 1323 ἡμῖν
608 1250 721 1325 γνῶσις
756 1252 810 1305 τοῦ
844 1250 1022 1324 περιπατεῖν
1057 1240 1089 1304 ἐν
1123 1242 1202 1324 αὐτη
1233 1239 1368 1323 τοιαύτη.

193 1348 222 1410 2.
247 1344 420 1428 ἀγαπήσεις
441 1347 494 1410 τὸν
517 1345 691 1429 ποιήσαντά
714 1367 757 1426 σε,
783 1345 953 1431 φοβηθήση
977 1346 1030 1410 τύν
1053 1367 1089 1410 σε
1111 1345 1293 1422 πλάσαντα,
1318 1346 1369 1408 δο-

155 1477 179 1513 lo
194 1447 296 1526 ξοίσεις
320 1450 372 1513 τύν
396 1471 432 1513 σε
464 1448 702 1534 λυτρωσάμενον
725 1450 762 1513 ἐκ
784 1452 943 1516 θανάτου
977 1452 1034 1536 ἔσῃ
1058 1451 1176 1526 ἁπλοῦς
1199 1460 1237 1534 τη
1259 1449 1370 1532 καρδίᾳ

191 1556 244 1617 καί
266 1553 414 1630 πλούσιος
437 1562 480 1637 τῷ
503 1554 669 1637 πνεύματι·
694 1556 730 1618 ού
752 1554 943 1639 κολληθήσῃ
968 1558 1047 1639 μετὰ
1069 1564 1132 1619 τῶν
1154 1551 1370 1637 πορευομένων

193 1656 224 1721 ἐν
248 1658 310 1741 ὁδῷ
335 1659 487 1737 θανάτου,
511 1657 649 1742 μισήσεις
672 1669 744 1737 πᾶν,
769 1660 786 1722 δ
809 1661 869 1723 ούκ
891 1661 974 1724 ἔστιν
999 1663 1130 1743 ἀρεστὸν
1153 1667 1197 1742 τῷ
1221 1662 1300 1740 θεῷ,
1325 1677 1369 1740 μι-

193 1763 297 1847 σήσεις
312 1773 416 1828 πᾶσαν
432 1764 610 1846 ύπύκρισιν·
636 1765 672 1826 ού
688 1766 730 1848 μὴ
747 1763 959 1848 ἐγκαταλίπης
976 1764 1104 1839 ἐντολὰς
1120 1763 1237 1844 κυρίου.
1263 1766 1294 1829 3.
1312 1763 1369 1843 ούχ

192 1868 328 1951 ύψιύσεις
351 1869 491 1946 σεαυτύν,
516 1869 573 1952 ἔσῃ
596 1869 630 1932 δέ
645 1868 860 1951 ταπεινύφρων
883 1871 966 1931 κατὰ
993 1870 1113 1932 πάντα·
1139 1870 1198 1932 οὐκ
1221 1869 1304 1948 ἀρεῖς
1321 1865 1369 1928 ἐπί

156 1997 181 2035 ιο
195 1975 326 2038 σεαυτδν
350 1973 452 2051 δόξαν.
499 1975 535 2037 ού
552 1973 660 2057 λήμψῃ
683 1972 797 2059 βουλὴν
813 1977 951 2058 πονηρὰν
973 1976 1057 2036 κατὰ
1073 1982 1127 2035 τοῦ
1150 1971 1282 2055 πλησίον
1305 1992 1369 2048 σου,

193 2079 228 2140 ού
252 2077 361 2153 δώσεις
384 2088 422 2162 τη
445 2079 531 2162 ψυχη
553 2100 610 2141 σου
636 2079 766 2161 θράσος.
812 2085 843 2145 4.
867 2081 903 2142 ού
919 2078 1107 2161 πορνεύσεις,
1131 2079 1166 2140 οὐ
1188 2076 1370 2160 μοιχεύσεις,

193 2184 229 2245 ού
251 2182 526 2266 παιδοφθορήσεις.
572 2184 608 2246 ού
631 2182 673 2266 μή
696 2197 752 2246 σου
775 2183 901 2267 δλύγος
924 2194 977 2246 τοῦ
1002 2188 1082 2249 θεοῦ
1105 2182 1221 2265 ἐξέλθῃ
1245 2180 1277 2244 ἐν
1294 2182 1370 2243 ἀκα-

192 2286 311 2370 θαρσίᾳ
340 2294 441 2352 τινῶν.
488 2289 524 2350 οὐ
554 2286 662 2371 λήμψη
693 2287 860 2370 πρύσωπον
890 2287 1012 2372 ἐλέγξαι
1041 2290 1109 2352 τινὰ
1133 2287 1181 2349 ἐπί
1206 2283 1371 2368 παραπτώ-

192 2412 275 2473 ματι.
321 2392 378 2475 ἔσῃ
393 2393 501 2473 πραΰς,
525 2393 582 2476 ἔσῃ
596 2391 735 2475 ησύχιος,
759 2393 816 2477 ἔσῃ
832 2391 953 2475 τρέμων
968 2395 1040 2467 τοὺς
1056 2391 1179 2475 λόγους,
1204 2391 1257 2464 aa
1278 2389 1369 2470 ἠκου-

155 2513 181 2551 a
195 2516 263 2570 σας.
309 2498 345 2559 ού
377 2495 619 2580 μνησικακήσεις
650 2503 694 2577 τῷ
725 2496 852 2579 ἀδελφῷ
882 2517 949 2559 σου.
997 2501 1025 2563 5.
1050 2499 1086 2559 ού
1115 2498 1157 2578 μὴ
1190 2492 1371 2577 διψυχήσης,

194 2600 323 2683 πύτερον
346 2602 433 2664 ἔσται
456 2603 476 2684 ἡ
499 2603 545 2665 ού.
577 2604 617 2666 οὐ
631 2604 679 2686 μὴ
703 2601 808 2688 λάβῃς
825 2603 880 2667 ἐπὶ
907 2604 1041 2685 ματαίῳ
1058 2603 1095 2664 τὸ
1119 2602 1229 2680 ὄνομα
1245 2601 1369 2684 κυρίου.

195 2704 366 2788 ἀγαπήσεις
395 2708 448 2768 τὸν
477 2706 609 2790 πλησίον
639 2728 696 2770 σου
718 2707 795 2788 ύπέρ
826 2709 883 2790 τὴν
907 2705 1010 2789 ψυχήν
1042 2727 1107 2770 σου.
1155 2704 1191 2768 ού
1215 2702 1372 2785 φονεύσεις

194 2809 302 2874 τέκνον
326 2809 359 2875 ἐν
382 2814 506 2895 φθορᾷ,
539 2811 611 2875 ούδέ
633 2810 727 2874 πάλιν
749 2811 903 2895 γεννηθὲν
932 2812 1123 2883 ἀποκτενεῖς.
1170 2808 1206 2871 ού
1230 2808 1272 2890 μὴ
1297 2808 1370 2888 ἄρῃ-ς

266 2940 1372 3019 1τε>θΙθῆςτοισθΙίιἀπὸδιάπἨΙίΙὸτοῦνῦν>ΙΙύοιύτητ

195 3057 306 3106 τοιαυτῃ
325 3037 343 3090 S
359 3039 363 3107 Ι
380 3038 395 3090 7
414 3036 526 3093 σπεύσει
546 3035 570 3086 V
590 3037 594 3103 Ι
615 3037 632 3090 8
651 3034 736 3105 abab:
751 3055 835 3105 ταυτη
853 3034 871 3088 S
894 3035 898 3103 Ι
918 3035 936 3088 9
953 3032 1108 3103 ποιήσαντά
1126 3052 1158 3089 σε
1176 3031 1194 3085 S
1213 3031 1324 3086 Docta:
1344 3049 1373 3087 σε

194 3142 222 3178 π.
244 3121 395 3195 ΗΙίΙφοβ.
414 3125 464 3179 τόν
482 3142 513 3179 σε
533 3120 771 3189 πλοίω>ΙίΙΙΙ
793 3119 1001 3188 τῶν>8111
1023 3137 1063 3186 sq.
1083 3140 1147 3192 πορ.
1166 3117 1196 3175 ἐν
1215 3117 1373 3186 δίιπονη

194 3209 353 3283 ρευομένων
371 3208 397 3262 Η
413 3210 417 3280 Ι
436 3210 468 3265 12
486 3206 604 3276 totta>
622 3207 646 3262 V
663 3209 666 3277 Ι
686 3209 717 3264 14
734 3207 806 3265 κατὰ
823 3207 999 3275 πάντα>Ιί
1015 3209 1019 3276 Ι
1037 3210 1068 3263 15
1087 3212 1183 3280 λη’μψη
1201 3204 1372 3278 ΒιλὴψηΗ,

194 3298 312 3371 λιΙψειΙῙ
328 3299 332 3369 Ι
351 3299 382 3352 16
401 3298 434 3355 ού
451 3297 549 3364 δώσεις
568 3318 591 3352 τ.
610 3314 640 3368 φ.
654 3317 678 3353 α.
698 3296 822 3367 θράσοςι
836 3299 902 3350 ante
921 3294 972 3352 οίικ
990 3293 1065 3369 ἀρεῖς
1084 3293 1101 3346 l.
1118 3293 1189 3347 1411
1206 3293 1209 3363 Ι
1225 3291 1371 3361 οου>ΙίΙ

197 3387 227 3442 17
247 3386 405 3459 λύγος-Ι-ιί
424 3385 449 3437 V
464 3387 468 3455 Ι
486 3385 518 3440 18
536 3390 611 3457 λήμη
629 3384 655 3437 Η
671 3385 675 3452 Ι
691 3384 726 3438 20
742 3403 850 3454 μνησικ.
865 3402 870 3435 :
885 3388 923 3454 μὴ
941 3386 1146 3453 μνησικακήσῃς
1166 3380 1307 3450 Vtut>
1328 3380 1371 3447 ΗΙ

194 3474 226 3528 21
247 3473 280 3531 ού
297 3478 335 3544 μὴ
347 3474 431 3545 λάβῃς
453 3502 483 3512 -
501 3476 617 3543 κυρίους
633 3475 699 3524 anta
712 3471 745 3528 ού
762 3491 870 3542 μνησικ.
883 3470 901 3523 l.
916 3470 949 3523 20
964 3469 990 3522 Η
1006 3470 1010 3540 Ι
1027 3469 1059 3525 τι)
1069 3468 1142 3534 >V
1159 3467 1163 3537 Ι
1179 3466 1213 3520 23
1233 3466 1374 3535 τέκνονΙ-

194 3581 246 3618 σου
264 3559 290 3612 Η
306 3561 310 3631 Ι
326 3557 488 3626 ἀποκτενεῖς
506 3559 523 3611 S
544 3558 638 3613 Oonst.
657 3574 701 3626 ap.
721 3557 787 3612 Can.
809 3556 875 3611 eccl.
894 3555 1000 3623 ἀνελεῖς
1019 3555 1073 3608 HV

197 3697 244 3741 oa,
274 3698 346 3748 quae
374 3680 519 3734 Barnabas
546 3696 609 3732 oum
636 3678 874 3733 Doctrinatinter
900 3696 930 3731 se
958 3677 1139 3732 consentiunt
1168 3676 1212 3729 vel
1231 3674 1375 3728 Barnabas

197 3770 356 3821 communia
374 3769 478 3830 habet,
507 3766 611 3821 littoris
637 3766 772 3820 adhibitis
799 3766 871 3819 nihil
896 3766 941 3819 vel
969 3781 1061 3834 pauca
1086 3763 1172 3816 verba
1197 3765 1309 3816 tantum
1329 3761 1375 3814 ad-

198 3852 314 3907 diversis
328 3855 458 3917 indicavi,
480 3854 514 3907 da
528 3854 577 3916 eis,
596 3869 669 3920 quae
683 3856 771 3906 trans-
799 3853 874 3907 iecit.
913 3851 1153 3907 commentarium
1165 3849 1280 3903 nonnisi
1294 3850 1330 3902 ad
1343 3863 1376 3901 aa

197 3942 299 4007 posuit,
313 3943 341 3995 in
356 3941 547 3996 adnotationis
560 3939 699 3994 rationem
712 3941 772 3993 red·
785 3966 787 4003 ;
800 3942 886 3994 verba
899 3938 1025 4000 exhibeo,
1046 3954 1120 4006 quae
1133 3935 1282 3991 Barnabae
1302 3939 1375 3989 sunt.

198 4025 264 4079 didi.
301 4028 354 4081 Hic
372 4029 499 4082 versibus
512 4027 660 4080 Barnabas
679 4014 787 4094 singu-³
835 4026 932 4086 XVIII.
949 4028 961 4080 l
981 4025 1023 4079 cf.
1036 4024 1060 4078 D
1073 4026 1095 4088 1,
1112 4028 1134 4079 1.
1154 4024 1231 4092 Orig.
1246 4023 1289 4077 Do
1300 4024 1375 4091 prin·

198 4096 1376 4184 ammmmmmmmmmmmmmm

200 4197 311 4267 signum
324 4202 563 4270 :praemittens
584 4199 633 4253 ubi
653 4200 771 4267 scriptu·
799 4200 847 4256 δύο
866 4201 945 4267 κτλ).
982 4199 1023 4253 Cf.
1053 4199 1129 4267 Orig.
1159 4199 1191 4251 In
1216 4198 1281 4251 Luc.
1301 4197 1376 4251 hom.

199 4301 246 4339 ras
274 4304 390 4355 prorsus
419 4289 464 4341 vel
483 4287 634 4340 maximam
660 4291 772 4354 partem
799 4287 833 4340 35
852 4290 871 4340 t.
893 4285 939 4344 ΠΙ.
960 4284 1025 4347 973;
1044 4284 1077 4337 In
1096 4302 1138 4353 op.
1159 4286 1194 4338 ad
1207 4283 1285 4339 Rom
1307 4283 1327 4346 Ι,
1344 4284 1375 4339 18
