2834 5018
169 323 230 387 144
632 319 645 372 Ι
664 318 870 374 CLEMENTIS

167 494 292 579 ριγμὲνη
316 495 336 580 η’,
358 495 379 579 ἡ
401 495 522 559 διάνοια
544 495 632 578 ἡμῶν
654 503 770 570 πιστῶς
794 497 870 577 πρὸς
893 497 946 558 τὸν
969 494 1056 574 θεόν,
1083 494 1138 557 ἐάν
1162 494 1336 577 ἑκζητῶμεν

166 600 206 661 τά
235 600 386 682 εὐάρεστοι
413 600 467 661 καί
497 599 709 682 εὑπρόσδεκτα
738 602 840 683 αὐτῷ,
872 600 927 663 ἐάν
950 599 1177 683 ἐπιτελέσωμεν
1206 601 1246 661 τά
1268 596 1337 680 dvis

166 725 263 768 κοντα
285 714 323 789 τη
346 703 467 789 ἀμώμῳ
491 703 635 789 βουλήσει
659 706 754 767 αὐτοῦ
777 707 830 767 καί
854 704 1125 787 άκολουθησωμεν
1148 714 1187 787 τῇ
1202 704 1266 785 θεῷ
1287 712 1338 784 της

166 807 339 892 ἀληθείας,
363 808 589 890 ἀπορρίψαντες
612 807 668 890 ἀρ’
691 807 810 871 ἑαυτῶν
832 817 938 870 πᾶσαν
961 808 1084 871 ἀδικίαν
1105 808 1160 869 καί
1182 806 1337 890 πονηρίαν,

142 911 365 992 οπλεονεξίαν,
388 914 482 994 ἕρεις,
505 911 701 996 κακοηθείας
723 933 757 974 τε
779 914 833 974 καί
856 912 978 990 δόλους,
1002 912 1210 995 ψιθυρισμοὺς
1232 933 1268 974 τε
1288 911 1338 973 καί

165 1017 375 1097 καταλαλιάς,
406 1016 611 1099 θεοστυγίαν,
643 1016 855 1099 ὑπερηφανίαν
886 1038 920 1079 τε
948 1019 1001 1079 καί
1026 1017 1228 1095 ἀλαζονείαν.
1251 1037 1338 1079 κενο-

166 1120 270 1198 δοξίαν
293 1123 402 1184 τεκαὶ
426 1119 633 1203 ἀηιλοξενίαν.
680 1124 708 1187 6.
734 1130 832 1183 ταῦτα
854 1123 915 1204 γάρ
938 1122 967 1184 οί
989 1123 1180 1203 πράσσοντες
1196 1120 1339 1203 στυγητοί

166 1233 210 1308 τῷ
235 1228 302 1307 θεῷ
326 1226 538 1307 ὑπάρχουσιν·
570 1226 606 1287 οὐ
629 1224 723 1308 μόνον
746 1225 781 1287 δὲ
804 1225 832 1287 οἱ
855 1227 1046 1307 πράσσοντες
1070 1226 1158 1305 αὑτά,
1183 1224 1339 1287 ἀλλὰκαὶ

167 1331 196 1394 οί
208 1331 464 1404 συνευδοκοῦντες
481 1331 594 1405 αὐτοῖς.
621 1334 648 1396 7.
672 1328 757 1414 λέγει
772 1330 864 1413 γὰρὴ
880 1331 1002 1414 γραφή·
1030 1331 1085 1414 Τῷ
1098 1331 1134 1395 δὲ
1150 1328 1339 1415 ἁμαρτωλῷ

129 1454 155 1491 1⁰
168 1437 265 1499 είπεν
287 1437 305 1498 δ
328 1433 429 1514 θεός·
463 1433 571 1497 Ἱνατί
593 1437 635 1497 οῦ
659 1433 757 1519 διηγῇ
779 1436 820 1497 τὰ
844 1434 1055 1515 δικαιώματά
1076 1457 1154 1515 μου,
1179 1435 1236 1497 καί
1260 1435 1339 1496 ἀνα-

166 1540 350 1625 λαμβάνεις
373 1541 435 1622 τὴν
451 1537 622 1621 διαθήκην
643 1560 712 1618 μου
734 1539 790 1601 ἐπὶ
807 1540 972 1618 στόματός
995 1560 1075 1614 σου;
1099 1540 1128 1604 8.
1153 1541 1196 1601 σὺ
1219 1537 1257 1601 δὲ
1272 1537 1340 1617 ἐμί-

168 1665 274 1726 σησας
297 1642 457 1707 παιδείαν
485 1643 541 1705 καὶ
564 1639 721 1725 ἐξέβαλες
744 1645 822 1722 τοῦς
845 1642 966 1724 λόγους
988 1664 1056 1721 μου
1086 1645 1132 1722 είς
1156 1643 1197 1705 τὰ
1220 1643 1339 1705 ὀπίσω.

166 1750 195 1812 εί
216 1746 375 1833 ἑθεώρεις
398 1747 558 1830 κλέπτην,
583 1748 778 1831 συνέτρεχες
801 1749 913 1829 αὐτῷ,
941 1749 997 1810 καί
1019 1747 1105 1826 μετὰ
1126 1752 1260 1827 μοιχῶν
1282 1747 1341 1828 τὴν

165 1851 285 1936 μερίδα
310 1874 372 1916 σου
395 1850 527 1931 ἐτίθεις.
573 1851 611 1914 τό
636 1855 744 1932 στόμα
768 1873 829 1915 σου
853 1851 1064 1915 ἐπλεόνασεν
1086 1853 1220 1927 κακίαν,
1244 1850 1298 1913 καί
1323 1852 1341 1931 ἡ

128 1977 153 2015 τι
165 1955 305 2038 γλῶσσά
339 1978 401 2019 σου
438 1955 661 2040 περιέπλεκεν
692 1955 878 2038 δολιότητα.
934 1954 1129 2038 καθήμενος
1164 1955 1251 2017 κατὰ
1285 1959 1342 2017 τοῦ

166 2059 317 2142 ἀδελφοῦ
341 2082 404 2124 σου
429 2059 640 2139 κατελάλεις,
670 2060 836 2123 καὶκατὰ
863 2066 923 2122 τοῦ
946 2063 1021 2123 οἱοῦ
1044 2065 1103 2142 τῆς
1130 2061 1257 2143 μητρός
1282 2079 1342 2121 σοιΙ

167 2164 290 2245 ἐτίθεις
315 2162 518 2228 σκάνδαλον,
565 2166 594 2228 9.
619 2170 724 2226 ταῦτα
748 2164 925 2246 ἐποίησας,
949 2166 1005 2228 καί
1028 2163 1182 2245 ἐσίγησα·
1217 2161 1342 2225 ὑπέλα-

166 2270 234 2351 βες,
258 2271 375 2349 ἀνομε,
400 2269 449 2331 ὅτι
473 2268 595 2347 ἔσομαί
617 2289 669 2330 σοι
693 2268 817 2348 ὅμοιος.
868 2270 917 2332 10.
942 2265 1067 2349 ἐλέγξω
1092 2287 1130 2329 σε
1153 2268 1208 2329 καί
1233 2287 1342 2350 παρα-

168 2377 282 2456 στήσω
307 2395 344 2437 σε
367 2373 454 2436 κατὰ
476 2374 666 2458 πρόσωπόν
689 2393 760 2435 σου.
810 2374 859 2435 11.
885 2374 1003 2434 σύνετε
1026 2370 1067 2453 δὴ
1084 2377 1199 2447 ταῦτα,
1224 2371 1256 2433 οἱ
1272 2370 1343 2432 ἐπι-

128 2475 422 2557 ιολοινθανόμενοι
444 2484 504 2540 τοῦ
526 2474 631 2554 θεοῦ,
662 2477 794 2557 μήποτε
818 2476 958 2559 ἁρπάσῃ
980 2477 1026 2553 ὡς
1050 2473 1149 2551 λέων,
1174 2474 1229 2536 καί
1252 2471 1343 2557 μὴῇ

168 2582 382 2664 δρυόμενος.
430 2585 480 2647 12.
504 2580 611 2644 θυσία
643 2580 805 2658 αἰνέσεως
837 2576 973 2657 δοξάσει
993 2600 1053 2658 με,
1083 2579 1140 2641 καὶ
1164 2577 1237 2641 ἐκεῖ
1257 2577 1343 2656 δδός,

167 2688 211 2767 ἣν
234 2682 333 2764 δείξω
357 2688 449 2770 αὐτῷ
473 2686 510 2749 τό
535 2686 704 2767 σωτήριον
726 2689 786 2745 τοῦ
810 2680 904 2745 θεοῦ.

255 2791 403 2856 XXXVI.
428 2789 513 2873 Αὕτη
536 2787 556 2870 ἡ
580 2787 664 2866 όδός,
689 2784 859 2869 ἀγαπητοί,
884 2783 916 2847 ἐν
939 2782 959 2868 ᾖ
982 2787 1110 2867 εὕρομεν
1134 2786 1169 2846 τό
1192 2783 1343 2867 σωτήριον

167 2893 266 2978 ἡμῶν,
290 2893 412 2978 Ἰησοῦν
435 2893 585 2976 Χριστόν,
616 2893 669 2955 τδν
693 2889 838 2972 ἀρχιερέα
861 2896 922 2951 τῶν
945 2897 1130 2971 προσφορῶν
1153 2888 1259 2971 ἡμῶν,
1292 2889 1343 2951 τδν

128 3000 344 3084 νιπροστάτην
367 3001 420 3061 καί
444 2999 563 3084 βοηθὸν
579 3008 634 3082 της
657 2995 824 3069 ἀσθενείας
840 2993 938 3077 ἡμῶν.
984 2999 1013 3058 2,
1037 2993 1087 3054 διὰ
1110 2992 1222 3054 τούτου
1246 2991 1344 3055 ἀτενί-

168 3104 261 3187 ζομεν
285 3104 328 3178 είς
360 3105 399 3166 τά
431 3103 494 3186 όψη
517 3111 579 3166 τῶν
610 3103 765 3183 οὐρανῶν,
799 3100 850 3163 διά
879 3099 989 3162 τούτου
1018 3097 1267 3180 ἐνοπτριζόμεθα
1290 3099 1344 3180 τὴν

168 3210 298 3290 ἄμωμον
320 3209 373 3269 καί
397 3207 568 3290 ὑπερτάτην
592 3205 663 3287 ὄψιν
686 3205 791 3283 αὐτοῦ,
815 3204 865 3266 διά
888 3203 999 3266 τούτου
1020 3199 1233 3284 ἠνεῴχθησαν
1256 3200 1344 3284 ἡμῶν

169 3312 198 3375 οί
220 3309 382 3394 ὀφθαλμοὶ
406 3320 460 3393 τῆς
482 3310 624 3392 καρδίας,
648 3309 699 3371 δια
721 3309 831 3371 τούτου
854 3309 874 3392 ἡ
897 3309 1044 3380 ἀσύνετος
1067 3308 1120 3368 καί
1144 3305 1343 3391 ἐσκοτωμένη

167 3417 288 3479 διάνοια
310 3415 398 3498 ἡμῶν
422 3413 598 3480 ἀναθάλλει
622 3415 664 3488 εἰς
687 3414 722 3475 τδ
746 3421 821 3494 φῶς,
845 3412 896 3474 διὰ
919 3410 1029 3473 τούτου
1052 3409 1212 3494 ἠθέλησεν
1236 3409 1253 3472 δ
1277 3411 1344 3472 δεσ-

240 3556 252 3606 1
272 3576 286 3624 η
299 3556 334 3621 >
352 3553 377 3605 Η
394 3553 398 3621 Ι
419 3560 524 3619 πιστῶς
542 3552 739 3617 ΗΙοεπιοτεως
757 3551 788 3612 Α,
808 3549 852 3605 διὰ
869 3552 990 3614 πίστεως
1008 3548 1026 3601 S
1050 3549 1054 3615 Ι
1079 3545 1272 3618 ἐκζητήσωμεν
1290 3546 1317 3599 Η
1336 3547 1339 3615 Ι

167 3642 184 3694 2
203 3641 237 3696 τὰ
256 3670 288 3679 -
307 3639 384 3715 αὑτῷ
397 3659 402 3691 :
416 3639 450 3696 τὰ
469 3639 564 3712 ἀγαθὰ
582 3643 627 3694 καὶ
645 3637 779 3710 είιιίρεστα
797 3636 872 3711 αὐτῷ
890 3639 935 3691 καί
954 3635 1142 3707 εὐπρόσδεκτα
1160 3633 1188 3686 Η
1203 3635 1207 3701 Ι
1228 3635 1344 3704 4πονη

168 3731 231 3799 ρίαν
248 3727 316 3780 HLS
330 3746 336 3778 :
349 3747 467 3795 ανομιαν
484 3729 509 3780 Α
534 3726 537 3794 Ι
562 3727 578 3778 5
597 3728 799 3794 πλεονεξίαν)
820 3724 846 3776 Η
871 3724 875 3790 Ι
901 3723 916 3774 ἵ
936 3720 1113 3794 ἀφιλοξενίαν
1131 3720 1155 3771 Α
1180 3722 1261 3792 (φιλ)
1280 3720 1343 3774 HS:

168 3813 390 3866 inhumilitatem
409 3812 438 3874 L,
459 3815 620 3883 φιλοδοξίαν
637 3811 736 3880 Knopf
758 3815 762 3880 Ι
787 3812 818 3866 10
836 3808 946 3881 ἐκδιηγῇ
963 3809 990 3862 Η
1011 3816 1016 3870 Ι
1041 3811 1070 3864 11
1091 3806 1136 3865 ἐπὶ
1154 3808 1201 3860 AL
1215 3827 1221 3861 ι
1235 3809 1281 3865 διὰ
1301 3807 1343 3862 HS

169 3898 242 3952 LXX
258 3900 262 3970 Ι
280 3900 355 3965 11Ι21
376 3899 410 3954 οὐ
428 3899 456 3955 δὲ
474 3929 509 3937 -
528 3897 664 3971 δυόμενος
682 3898 726 3951 vel
744 3916 768 3950 v.
788 3901 918 3962 8-11>
938 3896 983 3967 ΗΙ
1002 3896 1033 3951 12
1052 3893 1178 3968 ἐξέβαλες
1196 3894 1236 3948 LS
1251 3913 1258 3946 ι
1272 3900 1343 3970 -βαλ

168 3986 254 4051 λεςΑ
279 3986 283 4052 Ι
310 3986 341 4039 18
360 3980 479 4054 ἀνομίαν
496 3983 537 4039 Ls
563 3983 567 4052 Ι
593 3985 625 4039 21
647 3988 807 4041 θυσίαικαλ
826 3982 856 4039 ἐν
874 3986 914 4058 αρ’
933 3982 1017 4039 τέλει·
1042 3985 1126 4038 θυσία
1145 3981 1170 4033 Η
1191 3981 1227 4035 cf.
1249 3982 1266 4034 1.
1288 3979 1341 4048 11Ι

168 4072 202 4125 22
220 4081 271 4129 τοῦ
297 4079 366 4128 θεοῦ
378 4091 384 4124 :
397 4094 452 4142 μου
471 4073 496 4125 Η
521 4087 525 4137 Ι
550 4072 583 4125 25
602 4088 644 4138 sq.
668 4071 829 4140 ἀτενίζομεν
847 4069 914 4122 HL:
932 4087 1103 4138 ατενισωμεν
1121 4069 1145 4118 A
1170 4068 1174 4134 Ι
1199 4069 1233 4121 29
1252 4069 1285 4125 τδ
1304 4066 1343 4121 Ls

169 4157 246 4211 Clem
262 4159 316 4229 2-{-
329 4160 495 4228 θαυμαστόν
513 4157 546 4221 Η,
568 4164 595 4214 θ.
615 4179 701 4215 αοτου
719 4158 744 4209 Α
762 4174 796 4210 ex
816 4159 829 4211 Ι
847 4157 922 4211 Petr.
942 4157 965 4220 2,
985 4155 1001 4208 9

203 4264 226 4315 5.
246 4260 454 4334 ἀπορρίψαντες
471 4261 541 4332 κτλ]
561 4260 602 4315 Cf.
623 4260 699 4314 Rom.
721 4263 743 4325 1,
755 4261 758 4330 Ι
770 4260 881 4314 29-32.
