2834 5018
444 635 622 691 EPISTULA
639 636 690 690 Al)
708 636 937 693 DIOGNETUM.
1158 643 1276 708 CXVII

101 812 179 895 buit)
202 815 241 879 dc
263 816 363 879 rebus
386 815 578 890 consuleret,
610 837 688 898 quas
710 816 743 879 in
767 813 928 900 Apologia
948 818 1053 901 priore
1074 817 1125 881 vel
1147 818 1274 882 brevius

101 918 256 1002 attigisset
271 918 325 982 vel
347 920 463 984 tacitus
478 919 701 1003 praeteriisset.
748 920 870 985 Revera
893 922 963 1005 quis
984 921 1081 986 fuerit
1102 922 1157 987 ille
1172 922 1275 1007 Diog-

100 1029 196 1101 netus,
221 1024 261 1088 ad
286 1047 382 1108 quem
399 1025 536 1109 epistula
558 1025 677 1108 scripta
692 1029 748 1100 est,
772 1047 831 1089 nos
847 1026 935 1090 latet.
981 1026 1043 1091 Pro
1067 1031 1152 1090 certo
1168 1030 1275 1091 autem

99 1127 277 1193 habendum
302 1133 361 1205 est,
384 1151 493 1194 vocem
508 1125 675 1210 Διόγνητος
698 1151 766 1193 esse
789 1153 904 1195 nomen
924 1132 1098 1215 proprium,
1123 1153 1180 1196 nec
1202 1154 1277 1197 vero

97 1256 211 1298 nomen
235 1234 467 1318 appellativum
491 1232 664 1317 (διόγνητος
681 1259 721 1290 =
739 1234 888 1299 oriundus
912 1258 928 1299 e
951 1234 1054 1317 Iove),
1085 1240 1121 1299 ut
1143 1240 1276 1318 putave-

98 1343 172 1401 runt
196 1337 363 1403 Stelkens¹
389 1344 422 1403 et
443 1338 530 1403 liihn
545 1336 573 1414 ²,
606 1360 680 1403 voce
703 1337 902 1403 Hadrianum
924 1341 1145 1423 imperatorem
1169 1340 1275 1423 desig·

98 1444 165 1507 nari
189 1448 364 1509 censentes.

671 1618 710 1682 ΙΙ.

184 1757 348 1822 Dividitur
363 1758 508 1841 epistula,
532 1763 568 1822 ut
584 1781 622 1823 ex
646 1781 670 1823 c.
692 1761 709 1822 1
732 1766 873 1843 apparet,
896 1761 929 1824 in
944 1765 1008 1824 tres
1031 1764 1148 1844 partes.
1174 1758 1276 1841 Diog-

98 1867 190 1925 netus
213 1863 298 1926 enim
321 1862 507 1947 interrogat,
532 1865 582 1928 cui
604 1864 674 1928 Deo
697 1865 888 1929 confidentes
912 1886 1069 1948 quamque
1092 1863 1278 1948 religionem

99 1966 236 2031 colentes
260 1965 433 2031 Christiani
460 1970 612 2034 mundum
642 1974 840 2052 mortemque
863 1971 1065 2032 contemnant
1098 1967 1277 2032 occultum

100 2077 130 2134 et-
152 2066 320 2154 gentilium
343 2075 375 2134 et
397 2071 585 2137 Indaeorum
612 2077 836 2157 aspernentur,
870 2095 932 2155 qno
967 2093 1073 2137 amore
1103 2073 1186 2135 inter
1208 2091 1277 2133 sese

100 2176 163 2239 sint
185 2175 308 2253 affecti,
339 2198 394 2240 cur
416 2177 476 2242 hoc
498 2179 679 2242 institutum
710 2183 774 2242 tam
798 2199 868 2241 sero
890 2177 923 2241 in
944 2177 1096 2240 mundum
1125 2175 1277 2258 prodierit

103 2280 140 2351 tc.
160 2279 202 2361 l),
226 2285 259 2344 et
282 2287 393 2345 auctor
423 2282 561 2364 primum
594 2283 741 2366 exponit,
772 2305 866 2367 quam
889 2283 930 2347 ob
954 2304 1082 2346 causam
1104 2278 1276 2344 Christiani

103 2385 327 2470 Paganismum
351 2387 388 2463 (c.
413 2385 445 2467 2)
470 2390 502 2450 et
524 2385 717 2451 Iudaismum
742 2387 780 2469 (c.
804 2386 903 2468 3—4)
928 2390 1144 2469 aspernentur.
1191 2383 1275 2447 Gen·

102 2489 179 2567 tiles,
205 2488 291 2566 dicit,
315 2511 365 2553 res
390 2495 511 2554 creatas
534 2495 566 2555 et
581 2492 803 2574 corruptibiles
826 2513 884 2575 pro
909 2492 968 2556 diis
984 2491 1119 2565 habere3
1143 2487 1276 2553 ludaeos

104 2613 272 2676 agnoscere
295 2592 422 2675 quidem
444 2593 548 2658 Deum
571 2616 688 2672 verum,
713 2596 769 2659 sed
789 2595 836 2659 ita
858 2617 930 2659 eum
953 2595 1064 2671 colere,
1089 2598 1126 2657 ut
1149 2595 1188 2658 ab
1211 2592 1275 2655 illis

103 2697 151 2759 vix
182 2696 309 2759 differre
340 2697 514 2762 videantur.
561 2698 683 2763 Deinde
715 2700 825 2764 ordine
847 2700 1014 2784 paululum
1045 2700 1212 2764 immutato
1236 2699 1277 2762 ad

103 2801 319 2884 quaestionem
334 2802 466 2866 alteram
489 2804 690 2887 progreditur
706 2803 957 2868 Christianorum
978 2826 1081 2868 mores
1097 2802 1276 2867 describens

104 2903 139 2985 (c.
157 2905 190 2985 5)
214 2909 247 2968 et
269 2906 456 2988 praesertim
473 2909 699 2985 demonstrans,
722 2909 832 2973 fideles
854 2909 886 2972 id
902 2930 970 2972 esse
992 2909 1025 2972 in
1041 2908 1167 2983 mundo,
1193 2907 1277 2990 quod

104 3011 142 3072 sit
164 3010 271 3073 anima
292 3011 325 3074 in
348 3032 478 3094 corpore
502 3011 540 3094 (c.
558 3013 601 3095 6).
648 3013 735 3089 Quae
750 3019 921 3097 postquam
943 3013 1098 3096 exposuit,
1123 3011 1163 3075 ad
1179 3032 1275 3094 quae·

104 3114 235 3178 stionem
251 3115 387 3198 primam
409 3137 551 3181 reversus
566 3117 604 3181 de
626 3117 780 3202 religione
797 3117 969 3181 christiana
992 3116 1060 3199 agit
1075 3115 1190 3188 dicens,
1213 3136 1277 3178 non

104 3219 142 3282 ab
163 3219 360 3297 hominibus,
394 3220 449 3284 sed
471 3243 490 3283 a
510 3220 580 3285 Deo
609 3244 679 3286 eam
710 3221 887 3305 profectam
919 3242 994 3284 esse.
1042 3219 1145 3283 Deum
1175 3218 1277 3281 filium

104 3324 239 3399 misisse,
272 3329 308 3387 ut
329 3324 473 3389 homines
496 3325 633 3390 salvaret
655 3325 693 3407 (c.
721 3324 752 3407 7)
776 3325 877 3409 iisque
900 3330 1025 3408 patrem
1046 3323 1275 3399 manifestaret,

105 3450 194 3511 quem
228 3449 320 3492 nemo
355 3428 518 3495 hominum
550 3431 680 3495 vidisset
704 3429 746 3511 (8,
772 3430 879 3510 1-6).
926 3428 1025 3494 Porro
1060 3429 1275 3513 quaestionem

103 3533 229 3597 tertiam
252 3535 450 3598 tractandam
474 3535 660 3620 aggreditur
683 3540 714 3599 et
736 3535 884 3609 ostendit,
908 3538 974 3598 tam
997 3556 1066 3598 sero
1089 3534 1277 3597 salvatorem

104 3637 171 3701 ideo
194 3637 328 3702 missurn
342 3660 419 3714 esse,
443 3644 480 3703 ut
502 3662 541 3704 ex
557 3641 696 3724 peccatis
720 3640 836 3705 nostris
852 3639 1113 3713 convinceremur,
1137 3659 1194 3701 nos
1211 3635 1278 3699 vita

104 3746 229 3806 aeterna
251 3742 398 3826 indignos
422 3766 489 3808 esse
511 3766 613 3829 neque
636 3745 669 3808 in
691 3766 824 3829 regnum
848 3745 908 3808 Dei
930 3743 1055 3828 ingredi
1077 3762 1186 3825 posse,
1217 3739 1278 3804 nisi

103 3846 189 3911 Deus
212 3869 271 3911 nos
287 3847 459 3913 adiuvaret.
506 3848 615 3926 Quem,
640 3850 722 3914 sicut
745 3855 838 3914 antea
853 3853 985 3932 peccata
999 3851 1106 3911 nostra
1120 3844 1278 3928 patienter

102 3950 285 4027 tolerasset,
318 3951 365 4015 ita
386 3973 423 4016 ea
446 3954 580 4038 denique
602 3954 707 4038 ipsum
730 3954 904 4037 suscepisse
928 3975 964 4017 ac
991 3951 1153 4036 proprium
1175 3948 1276 4012 filium

101 4077 157 4137 pro
180 4055 274 4120 nobis
298 4056 419 4120 dedmse
434 4059 571 4141 pretium
593 4059 827 4143 redemptionis,
850 4062 887 4121 nt
901 4056 1142 4121 iustificaremur
1162 4052 1277 4137 benig·

101 4160 195 4223 nitati
216 4159 317 4242 ipsius
340 4160 501 4225 credentes
525 4159 568 4242 (8,
587 4162 680 4238 7-9,
699 4162 743 4241 6).
789 4160 934 4243 Denique
965 4159 1104 4222 animum
1126 4155 1278 4239 Diogneti

102 4270 213 4328 auctor
236 4264 276 4328 ad
299 4265 383 4329 bona
406 4266 555 4343 advertit,
588 4288 669 4350 quae
691 4266 752 4350 ipsi
776 4264 918 4338 affluant,
943 4262 970 4326 si
991 4261 1080 4325 illam
1102 4261 1196 4325 fidem
1219 4282 1275 4324 ex·

100 4368 238 4451 petierit.
285 4367 364 4433 Fore
387 4374 424 4433 ut
444 4373 568 4453 patrem
598 4374 751 4454 agnoscat
774 4372 806 4432 et
830 4365 945 4450 diligat
966 4370 999 4429 et
1019 4365 1173 4442 imitetur,
1198 4384 1274 4447 pro-

173 4504 187 4556 l
214 4503 297 4559 Ueter
314 4505 366 4559 den
382 4505 467 4572 Beer
481 4522 517 4559 aa
536 4505 655 4575 Diopmt
675 4503 742 4557 1860
760 4521 787 4572 p.
808 4502 848 4554 ll.

172 4592 189 4645 2
208 4591 268 4646 Der
290 4591 433 4662 Urspruap
450 4592 497 4646 des
515 4592 622 4659 Briesca
640 4608 678 4646 aa
695 4591 814 4659 Diopact
833 4586 900 4642 1882
918 4605 946 4656 p.
969 4587 1111 4642 123-126.
