2834 5018
537 699 664 765 snrrx,
685 702 708 765 1,
724 701 823 766 c-s,
843 703 867 757 1.
1222 707 1285 772 581

114 881 172 943 bat
195 879 323 944 arbores
345 878 498 942 maximas
521 881 670 962 totusque
693 883 760 942 erat
782 899 918 962 opacus,
947 884 978 943 et
1001 879 1060 944 sub
1082 877 1195 944 umbra
1219 879 1286 944 eius

115 983 235 1047 multae
258 1005 331 1048 oves
352 983 497 1048 iacebant
519 983 751 1066 requiescentes
774 987 806 1048 et
827 983 1030 1048 ruminantes.
1078 984 1127 1049 10.
1146 983 1286 1050 Undeci-

114 1110 184 1152 mus
216 1109 307 1151 mcns
337 1088 449 1151 densus
482 1087 647 1152 arboribus
670 1091 747 1165 erat,
781 1091 813 1152 et
847 1089 975 1152 arbores
1007 1087 1082 1152 illae
1112 1088 1287 1173 frugiferae

115 1197 222 1269 erant,
244 1196 373 1256 ornatae
397 1192 468 1256 aliis
491 1195 585 1276 atque
609 1191 680 1256 aliis
703 1192 869 1270 fructibus,
893 1193 939 1257 ita
960 1196 1005 1270 ut,
1030 1192 1057 1257 si
1080 1193 1150 1277 quis
1172 1194 1288 1259 viderit

115 1320 178 1374 eas,
203 1297 357 1362 desideret
380 1298 567 1361 manducare
591 1297 628 1361 de
651 1296 806 1361 fructibus
822 1318 937 1361 aarum.
962 1296 1174 1362 Duodecimus
1196 1320 1313 1364 monac

114 1407 201 1467 totus
225 1407 294 1466 erat
317 1401 466 1467 candidus
490 1405 522 1466 et
544 1406 706 1485 aspectum
728 1400 868 1466 habebat
888 1401 1041 1478 hilarem
1065 1406 1097 1467 et
1118 1402 1209 1466 valde
1232 1403 1286 1467 de·

118 1528 208 1571 corus
231 1507 264 1570 in
286 1528 320 1570 se
343 1511 412 1570 erat
433 1526 533 1570 mous.

203 1607 239 1676 2.
264 1611 301 1674 ln
324 1610 426 1675 medio
456 1615 561 1674 autem
592 1631 706 1694 campo
730 1611 868 1675 ostendit
889 1610 967 1674 mihi
988 1616 1113 1695 petram
1135 1634 1287 1698 magnam

115 1716 288 1792 candidam,
314 1736 394 1799 quas
418 1714 455 1778 de
477 1736 588 1797 campo
611 1720 838 1779 exsurrexerat.
871 1714 966 1781 Petra
988 1716 1081 1781 altior
1104 1720 1173 1781 erat
1194 1738 1287 1781 mon·

115 1821 209 1897 tibus,
235 1820 400 1904 quadrata,
425 1818 471 1882 ita
492 1822 528 1881 ut
549 1822 658 1901 posset
679 1823 783 1884 toturn
805 1820 957 1884 mundum
979 1842 1100 1907 capere.
1133 1823 1162 1885 2.
1187 1821 1287 1886 Vetus
1301 1845 1327 1882 ιο

116 1929 223 1990 autem
253 1929 321 1989 erat
352 1928 444 2008 petra
475 1923 547 1999 illa,
579 1928 704 2007 portam
728 1924 865 1989 excisam
887 1925 1026 2001 habens;
1061 1925 1148 1991 velut
1179 1947 1287 1991 recens

116 2035 221 2095 autern
244 2029 359 2094 excisio
381 2032 493 2112 portae
515 2027 594 2091 mihi
609 2049 683 2092 esse
705 2029 881 2094 videbatur.
928 2029 1027 2096 Porta
1057 2031 1159 2115 magis
1193 2052 1288 2114 quarn

116 2133 163 2198 sol
193 2132 396 2217 splendebat,
427 2132 532 2195 itaut
561 2131 598 2195 de
627 2131 793 2214 splendore
821 2138 931 2216 portae
958 2133 1098 2199 mirarer.
1143 2135 1172 2198 3.
1197 2131 1289 2198 Circa

115 2243 242 2322 portam
264 2241 370 2301 autern
392 2237 521 2302 stabant
543 2236 706 2301 duodecim
728 2237 874 2321 virgines.
911 2236 1055 2313 Quatuor
1075 2239 1182 2323 igitir,
1208 2261 1288 2324 quae

116 2345 148 2407 in
173 2342 298 2427 angulis
321 2344 466 2419 stabant,
495 2341 696 2426 gloriosiores
719 2362 786 2406 esse
809 2342 888 2406 mihi
909 2343 1111 2415 videbantur;
1143 2348 1175 2409 et
1208 2344 1289 2408 aliae
1303 2368 1328 2408 ιι

117 2447 273 2531 gloriosae
296 2451 395 2511 erant.
441 2444 577 2511 Stabant
606 2453 712 2512 autem
733 2447 767 2512 in
790 2451 926 2532 quatuor
947 2453 1058 2531 portae
1079 2448 1234 2532 partibus,
1258 2451 1290 2512 et

116 2552 149 2616 in
170 2552 274 2616 medio
305 2572 413 2615 earum
435 2549 528 2614 binae
550 2549 698 2634 virgines.
753 2553 784 2615 4.
808 2551 941 2616 Indutac
970 2557 1076 2617 autern
1105 2556 1196 2617 erant
1226 2550 1289 2616 lin·

118 2663 186 2721 teas
208 2657 331 2720 tunicas
346 2678 383 2721 ac
406 2656 551 2719 decenter
566 2655 752 2733 succinctae,
776 2656 902 2720 nudatis
925 2656 1064 2721 humeris
1079 2656 1198 2722 dextris
1221 2655 1287 2720 vel·

117 2767 153 2825 ut
182 2783 261 2825 onus
293 2760 422 2844 aliquod
448 2763 640 2842 portaturae.
695 2759 747 2825 Sic
777 2764 911 2843 paratae
944 2765 1050 2837 erant;
1082 2760 1173 2825 valde
1208 2760 1291 2825 euim

117 2866 233 2930 hilares
266 2869 356 2929 erant
384 2867 415 2928 et
443 2866 618 2947 promptae.
670 2865 699 2928 5.
724 2862 811 2940 Quae
846 2886 918 2929 cum
949 2865 1117 2943 vidissem,
1151 2865 1291 2930 mirabar
1304 2887 1329 2926 rc

117 2992 249 3046 mecum,
274 2969 358 3054 quod
380 2988 512 3051 magnas
535 2972 568 3031 et
589 2967 768 3051 praeclaras
782 2989 832 3032 res
847 2968 994 3032 riderem.
1037 2968 1212 3033 utiterum
1227 2990 1291 3033 non

116 3073 357 3157 intellegebam,
392 3093 447 3135 cur
479 3070 618 3154 virgines
647 3074 714 3135 tam
746 3075 872 3135 tenerae
905 3071 1030 3135 fortiter
1060 3077 1182 3137 starent
1203 3071 1290 3137 velut

116 3183 221 3243 toturn
243 3177 365 3241 caelum
387 3180 578 3259 portaturae.
625 3177 653 3240 6.
679 3176 723 3240 Et
754 3176 831 3240 dicit
857 3176 935 3240 mihi
956 3181 1080 3260 pastor:
1105 3176 1187 3253 Quid
1209 3177 1292 3241 intra

118 3289 149 3348 te
180 3283 321 3366 disputas
354 3285 386 3344 et
407 3280 541 3344 moveris
572 3285 603 3344 et
625 3279 685 3343 tibi
713 3280 875 3343 tristitiam
906 3280 1070 3363 adquiris?
1114 3278 1290 3356 Quaecum-

119 3409 179 3473 que
203 3387 286 3451 enim
308 3390 478 3469 conpotes
493 3383 688 3471 intellegere,
712 3383 777 3447 noli
792 3389 956 3467 temptare,
981 3384 1072 3466 qussi
1094 3384 1137 3447 sis
1153 3385 1330 3467 sapiensne

118 3492 173 3556 sed
195 3512 275 3576 roga
297 3489 466 3566 dominum,
490 3493 527 3554 ut
542 3488 678 3571 accipias
694 3507 820 3551 sensum
842 3493 875 3552 et
888 3486 1057 3571 intellegas
1080 3508 1126 3551 ea.
1157 3487 1184 3550 7.
1203 3485 1290 3563 Quae

118 3601 192 3681 post
214 3601 246 3660 te
269 3599 351 3672 sunt,
375 3615 438 3658 non
461 3597 554 3677 potes
572 3593 693 3665 videre;
719 3612 798 3675 quae
822 3594 928 3655 autem
943 3596 1017 3656 ante
1031 3595 1064 3655 te
1086 3593 1169 3667 sunt,
1193 3590 1289 3654 vides.

119 3699 206 3776 Quae
228 3699 327 3783 igitur
359 3718 423 3762 non
444 3702 536 3781 potes
559 3697 679 3773 videre,
709 3695 777 3759 sine
799 3699 832 3759 et
862 3695 928 3759 noli
956 3700 989 3760 to
1010 3700 1175 3779 torquere3
1211 3715 1291 3778 quse

119 3808 226 3868 autem
247 3804 351 3880 vides,
375 3824 483 3867 eorum
505 3803 666 3868 dominare
689 3805 721 3865 et
743 3801 781 3865 de
804 3800 933 3884 reliquis
955 3799 1020 3864 noli
1043 3820 1110 3864 esse
1133 3798 1289 3873 curiosus3

119 3909 225 3972 omnia
248 3913 354 3972 autem
375 3906 436 3971 tibi
457 3907 677 3985 manifestabo,
696 3927 910 3990 quaecumque
932 3904 992 3970 tibi
1014 3904 1188 3969 ostendero.
1233 3901 1287 3966 ln·
1304 3928 1330 3967 cc

119 4017 207 4077 tuere
229 4013 328 4097 igitur
349 4011 481 4094 reliqua.

208 4112 244 4180 3.
270 4114 345 4180 Vidi
375 4136 430 4179 sex
458 4115 541 4181 viros
573 4115 695 4180 venisse
718 4114 801 4179 altos
824 4114 1034 4197 honestosque
1057 4117 1089 4178 et
1111 4109 1292 4176 consimiles

156 4306 194 4359 10.
215 4304 257 4359 cf.
277 4322 300 4358 c.
319 4303 361 4358 28.
380 4304 421 4357 29.
719 4301 771 4355 bus
791 4299 932 4369 apparuit

155 4393 180 4457 2,
192 4397 215 4448 1.
227 4390 327 4464 πέτρα]
335 4388 457 4444 estfilius
467 4388 533 4452 Dei3
550 4388 584 4443 cf.
594 4404 615 4442 c.
625 4388 691 4453 12,1.
753 4387 777 4440 3.
796 4391 883 4457 nupt.
913 4384 1027 4456 δώδεκα]
1058 4384 1100 4439 Cf.
1130 4400 1153 4438 c.
1177 4381 1218 4438 13.
1246 4384 1292 4445 15;

154 4480 178 4533 2.
198 4478 319 4535 παλαιὰ.
334 4516 340 4530 .
353 4476 528 4551 πρόσφατος]
547 4474 589 4529 cf.
608 4492 630 4528 c
651 4474 691 4538 12,
719 4472 799 4528 Visic
816 4470 872 4536 ΙΙΙ,
891 4471 915 4526 8.
952 4470 994 4526 De
1019 4471 1070 4534 iis,
1099 4470 1148 4538 qui
1174 4468 1294 4525 budant

119 4568 143 4620 2.
163 4567 186 4621 3.
206 4564 293 4618 Filius
312 4562 364 4617 Dei
389 4562 547 4617 cumomni
564 4565 693 4616 creatura
719 4560 819 4623 locum,
839 4558 874 4614 cf.
894 4575 916 4613 c.
938 4559 977 4622 15,
997 4561 1011 4614 1
1030 4562 1088 4613 not

120 4651 264 4719 antiquior
281 4654 326 4705 est
342 4653 405 4705 tum
423 4647 624 4704 innovissimis
636 4649 692 4703 die·
755 4641 1004 4719 3,1.ἓξᾶνδρας]
1032 4661 1069 4699 sc.
1096 4643 1212 4715 angelos
1239 4642 1292 4696 filii
