2834 5018
456 611 481 665 S.
501 609 642 666 IGNA'I'II
659 608 868 665 EPISTULAE.
1104 615 1255 680 LXXVII

79 791 132 853 sios
153 788 231 872 (11),
267 789 457 854 Trallianos
480 787 523 871 (8,
543 787 591 871 1),
625 787 813 871 Smymaeos
836 786 878 869 (4,
905 788 936 870 1)
966 789 1129 873 hucusque
1160 790 1255 854 fidem

78 899 185 959 rectam
215 915 365 958 servasse
389 892 532 976 ignatius
563 895 717 969 testatur,
754 914 790 956 ac
811 892 879 956 iure
908 915 1057 976 quaerere
1087 894 1181 971 licet,
1215 918 1255 959 an

78 998 235 1073 falsarius,
273 998 332 1082 qui
364 996 530 1061 ecclesiam
562 999 672 1059 contra
703 995 879 1061 haereticos
911 999 993 1061 tueri
1022 998 1142 1075 voluit,
1176 998 1255 1062 haec

77 1104 261 1188 scripsisset,
285 1105 460 1186 postquam
476 1099 618 1165 Gnostici
640 1121 760 1165 errores
783 1123 857 1166 suos
879 1124 937 1187 per
958 1103 1138 1167 universum
1160 1126 1253 1167 mun·

77 1209 143 1272 dum
165 1209 381 1292 sparserunt?
416 1205 563 1281 Accedit,
598 1205 682 1288 quod
711 1205 817 1270 nullus
850 1228 937 1271 error
958 1213 1168 1285 memoratur,
1200 1208 1255 1291 qui

77 1313 299 1398 progrediente
324 1310 451 1374 demum
465 1309 592 1374 saeculo
615 1311 751 1374 secundo
774 1312 805 1375 in
829 1312 932 1377 lucem
945 1314 1074 1397 prodiit,
1099 1315 1154 1378 sed
1175 1313 1253 1377 hae-

77 1419 168 1494 resis,
202 1416 243 1480 de
267 1414 387 1499 quain
410 1413 554 1497 epistulis
577 1434 680 1477 sermo
702 1415 754 1489 fit,
785 1417 826 1480 ad
848 1416 965 1501 Ignatii
989 1422 1126 1482 aetatem
1148 1418 1254 1501 potius

77 1543 168 1606 quam
198 1520 242 1583 ad
262 1523 392 1602 tempus
422 1517 580 1601 posterius
611 1517 774 1583 referenda
797 1523 855 1583 est.
901 1521 989 1585 Duos
1013 1522 1095 1585 enim
1118 1520 1254 1584 veltres

77 1648 193 1690 errores
216 1625 372 1689 tenebant
393 1623 553 1698 haeretici,
578 1645 657 1707 quos
678 1623 822 1708 ignatius
850 1626 1057 1709 oppugnavit.
1104 1624 1178 1690 Non
1201 1647 1253 1690 so-

76 1729 139 1795 lum
161 1729 369 1794 iudaizabant
392 1726 513 1810 (Magn.
541 1726 591 1803 10,
614 1728 652 1803 33
676 1727 800 1792 Philad.
826 1731 855 1804 6,
884 1726 924 1810 1),
956 1730 1128 1793 secundum
1149 1729 1255 1813 legem

76 1837 225 1900 virebant
240 1833 365 1919 (Magn.
382 1835 412 1911 8,
430 1830 472 1914 1),
490 1831 660 1897 sabbatum
675 1833 825 1897 colebant
841 1831 962 1917 (Magn.
979 1833 1010 1910 9,
1029 1830 1071 1914 1),
1088 1834 1255 1897 sedetiam

77 1938 238 2004 Christum
252 1960 326 2002 vere
349 1959 475 2002 carnem
491 1937 698 2021 assumpsisse
721 1940 883 2023 negabant
906 1936 1028 2022 (Magn.
1048 1941 1104 2014 11;
1130 1937 1253 2021 Smyrn.

78 2047 104 2120 5,
122 2042 155 2125 2)
181 2036 421 2119 contendentes,
455 2043 625 2106 secundum
649 2043 867 2126 apparentiam
889 2046 1015 2105 tantum
1036 2042 1088 2106 rel
1110 2043 1255 2125 putative

78 2147 129 2230 (cf.
154 2147 236 2211 Iren.
254 2147 336 2212 Adv.
361 2147 448 2211 haer.
472 2147 620 2226 1,24,2;
644 2147 700 2224 ΙΠ,
720 2148 769 2225 16,
789 2150 822 2222 1;
848 2149 897 2224 18,
916 2147 953 2223 6;
978 2146 1033 2224 IV,
1051 2149 1102 2226 33,
1124 2145 1158 2229 5)
1183 2168 1255 2210 eum

78 2276 113 2317 ex
137 2252 242 2317 Maria
264 2256 376 2316 natum
409 2250 462 2332 (cf.
486 2252 639 2335 Eph.18,
660 2253 693 2334 2)
728 2257 760 2316 et
792 2274 922 2337 passum
956 2273 1023 2315 esse
1058 2250 1168 2332 (Trall.
1195 2252 1253 2325 10;

79 2357 200 2440 Smyrn.
218 2354 262 2437 3),
286 2378 323 2420 ac
339 2361 505 2440 praeterea
520 2362 778 2441 repugnaverunt
800 2358 995 2422 hierarchiae
1011 2357 1252 2433 ecclesiasticae,

78 2463 142 2527 sine
166 2462 318 2546 episcopo
342 2466 374 2525 et
396 2462 593 2545 presbyterio
624 2484 714 2527 sacra
737 2485 794 2527 sua
816 2466 1004 2549 peragentes
1028 2461 1150 2547 (Magn.
1167 2464 1199 2526 4.
1217 2464 1252 2536 7;

78 2567 175 2631 Trall.
201 2567 220 2629 7
230 2590 238 2640 ;
263 2565 388 2629 Philad.
415 2567 442 2630 7.
468 2569 504 2643 8;
528 2566 652 2651 Smyrn.
677 2568 709 2651 8)
737 2573 959 2653 putantesque,
991 2567 1109 2652 absque
1132 2568 1253 2632 unitate

78 2695 148 2736 cum
169 2671 320 2756 episcopo
344 2692 376 2734 se
391 2671 461 2736 Deo
484 2673 567 2737 uniri
581 2695 684 2757 posse.
731 2671 1029 2756 Complectebautur
1051 2673 1160 2757 itaque
1175 2673 1253 2737 duos

78 2798 206 2855 errores,
231 2775 287 2859 qui
310 2775 436 2839 saeculo
450 2775 482 2839 Π
505 2777 607 2841 medio
631 2776 710 2841 alter
727 2776 861 2841 alterum
881 2778 995 2841 acriter
1009 2777 1251 2861 impugnabant,

78 2905 112 2946 ac
136 2883 174 2946 de
199 2880 327 2946 Christo
358 2885 523 2963 praeterea
545 2904 641 2965 quam
669 2882 805 2946 maxime
828 2881 1035 2964 spiritualiter
1064 2883 1252 2956 sentiebant,

78 3008 146 3051 cum
160 2985 315 3051 haeretici
337 2985 529 3068 posteriores
544 2985 611 3049 eius
634 2989 780 3050 naturam
794 2985 967 3049 humanam
988 2984 1091 3068 magis
1111 2985 1253 3048 minusve

77 3092 317 3176 agnoscerent1.

162 3194 342 3280 Opponunt
373 3195 516 3277 insuper,
556 3195 754 3277 episcopatui
786 3194 819 3258 in
853 3193 998 3278 epistulis
1031 3198 1155 3257 tantam
1188 3192 1252 3256 vim

77 3301 217 3376 attribui,
242 3302 394 3383 quantam
417 3299 535 3383 Ignatii
556 3303 698 3382 tempore
721 3298 788 3363 sine
812 3299 908 3363 dubio
928 3319 992 3362 non
1007 3297 1165 3375 habuerit,
1190 3319 1252 3381 quo

77 3405 156 3469 inter
189 3403 357 3487 episcopos
390 3408 422 3466 et
445 3404 648 3487 presbyteros
677 3401 800 3466 nullum
824 3403 991 3467 discrimen
1013 3399 1144 3465 fuerit².
1191 3401 1254 3466 Sed

77 3509 162 3573 brevi
196 3511 370 3592 postquam
403 3505 547 3590 Ignatius
585 3506 727 3590 scripsit,
767 3507 963 3591 Polycarpus
1003 3504 1099 3586 (Phil.
1134 3505 1252 3587 iason),

79 3613 324 3697 Smyrnaeorum
347 3600 538 3694 episcopus,
569 3634 589 3675 a
610 3611 803 3694 presbyteris
830 3611 963 3675 secatis
987 3610 1071 3675 clare
1095 3610 1251 3674 discemit.

78 3716 217 3781 lustinus
241 3715 369 3780 saeculo
384 3714 416 3778 Π
431 3715 534 3779 medio
556 3715 602 3780 ita
617 3715 685 3795 crept
702 3724 756 3776 τοῦ
772 3721 967 3795 προεστῶτος
982 3715 1124 3799 loquitur
1142 3713 1251 3798 (Apol.

79 3821 169 3899 L65.
188 3818 255 3902 67),
279 3824 316 3883 ut
339 3820 523 3903 episcopum
545 3821 672 3903 proprie
696 3821 813 3885 dictum
835 3821 930 3884 facile
946 3840 1108 3903 agnoscas.
1143 3818 1252 3902 Hege-

80 3925 186 4010 sippus
211 3924 300 4006 (llus.
326 3923 367 3987 H.
390 3924 428 3988 Ε.
453 3923 507 4002 IV,
525 3924 576 4001 22,
594 3922 627 4006 3)
652 3925 740 3988 brevi
762 3928 836 4008 post
857 3925 995 3988 medium
1018 3923 1179 3987 saeculum
1202 3944 1252 3985 se·

81 4031 214 4094 cundum
241 4028 385 4093 tabulam
407 4029 612 4093 successionis
635 4029 855 4112 episcoporum
877 4027 1092 4092 Romanorum
1116 4025 1253 4091 confecit

83 4130 138 4214 (ita
158 4134 257 4198 verba
278 4131 427 4214 διαδοχὴν
447 4131 640 4216 ἐποιησάμην
662 4133 814 4196 vertenda
829 4154 896 4196 esse
912 4136 1078 4197 contextus
1094 4132 1254 4196 evidenter

85 4304 289 4318 ἓ-

149 4393 225 4447 le.
244 4391 338 4454 Zahn,
365 4393 493 4463 anotiuc
510 4411 534 4447 v.
552 4392 588 4450 A
606 4410 633 4462 p.
655 4392 807 4454 356-399;
835 4391 926 4453 Funlr,
955 4390 1011 4444 Do
1027 4390 1152 4445 Echtbeit
1170 4407 1196 4458 p.
1216 4388 1251 4441 64

85 4479 178 4543 -100;
196 4480 345 4549 Lightfoot
363 4480 383 4544 1,
401 4478 546 4535 359-375.

147 4566 163 4619 2
181 4566 258 4621 Baur
275 4565 294 4620 L
313 4582 337 4619 c.
354 4584 380 4636 p.
403 4567 452 4621 170
470 4583 530 4633 sqq.
568 4565 623 4622 Dic
642 4566 867 4637 anotiom'scteo
883 4565 977 4632 Bricfc
995 4581 1023 4633 p.
1042 4563 1076 4618 76
1094 4580 1154 4631 sqq.
