2834 5018
408 645 522 701 MAND.
542 644 601 709 XII,
620 645 645 710 6,
664 644 807 700 2-8111.
824 645 845 710 1,
866 647 889 701 1.
1170 650 1233 715 519

54 827 163 888 vestra
179 823 371 908 desperastis
388 828 420 888 et
434 823 575 907 peccatis
591 822 714 888 adicitis
729 828 761 887 et
776 823 960 910 aggravatis
974 824 1073 889 vitam
1084 829 1232 904 vestram,

56 928 152 1012 quod,
177 928 205 992 si
227 935 378 993 corvem·
397 930 540 1008 fueritis
555 931 602 993 od
621 931 789 993 dominum
805 949 849 993 ea
871 932 1055 994 totocorde
1076 939 1186 994 restro
1201 933 1234 994 et

54 1038 223 1097 iustitiam
249 1034 406 1112 secen'tis
428 1032 494 1096 dies
524 1032 608 1096 vitae
630 1035 753 1096 vestrae
784 1032 922 1117 reliquos
945 1037 978 1097 et
1007 1038 1092 1098 recte
1115 1034 1144 1097 ei
1166 1055 1233 1097 ser·

52 1137 176 1201 vieritis
212 1138 384 1202 secundum
418 1136 616 1201 voluntatem
649 1138 731 1214 eius,
767 1138 856 1202 dabit
888 1138 1061 1203 remedium
1094 1137 1233 1221 peccatis

52 1245 170 1308 vestris
193 1244 352 1328 prioribus
375 1247 408 1306 et
421 1242 581 1307 habebitis
603 1245 797 1326 potestatem
812 1243 994 1307 dominandi
1017 1263 1148 1326 operum
1163 1242 1259 1309 dia-s

53 1348 133 1413 boii.
179 1349 285 1413 Minas
300 1354 407 1413 autem
429 1346 548 1412 diaboli
563 1347 691 1411 omnino
713 1348 813 1412 nolite
827 1349 954 1423 timere;
976 1347 1134 1413 invalidus
1151 1347 1235 1411 enim

55 1457 107 1518 est
129 1453 211 1518 sicut
239 1454 328 1518 nervi
349 1453 487 1518 hominis
517 1453 643 1517 mortui.
690 1454 719 1518 3.
744 1451 862 1517 Audite
891 1474 968 1538 ergo
999 1473 1050 1516 me
1072 1456 1104 1517 et
1125 1452 1234 1516 timete

55 1579 145 1634 eum,
177 1558 232 1642 qui
255 1559 361 1622 omnia
381 1562 506 1642 potest,
541 1561 676 1623 salvare
699 1568 732 1623 et
748 1561 910 1641 perdere,
944 1562 977 1622 et
1003 1562 1126 1622 servate
1154 1556 1234 1621 haec

55 1662 217 1740 mandata,
242 1667 275 1726 et
296 1663 408 1727 vivetis
424 1663 492 1728 deo.
538 1666 568 1728 4.
593 1663 674 1728 Dico
697 1664 745 1727 ei:
770 1663 914 1741 Domine,
937 1684 1021 1727 nunc
1037 1661 1234 1727 confortatus

56 1789 128 1830 sum
150 1767 184 1831 in
207 1767 353 1831 omnibus
368 1767 645 1833 iustificationibus
669 1768 795 1846 domini,
820 1768 970 1850 quoniam
985 1771 1021 1830 tu
1043 1788 1167 1831 mecum
1182 1788 1231 1839 es;
1247 1791 1273 1827 ιο

56 1876 90 1936 et
113 1872 186 1950 seio,
210 1875 243 1936 te
265 1894 391 1937 omnem
414 1873 533 1938 diaboli
556 1876 750 1958 potestatem
772 1872 1009 1938 confractumm
1031 1876 1064 1936 et
1085 1892 1143 1936 uos
1166 1870 1233 1934 eius

58 1976 273 2040 dominaturos
305 1977 474 2062 omniaque
497 1999 595 2061 opera
616 1977 682 2042 eius
715 1982 919 2062 superaturos
942 1998 1018 2041 esse.
1064 1976 1109 2040 Et
1130 1994 1231 2058 spero,

57 2081 198 2158 domine,
234 2081 314 2145 haec
336 2083 502 2159 mandata,
539 2103 619 2166 quae
642 2081 770 2159 dedisti,
806 2081 932 2146 domino
954 2079 1160 2144 confirmante
1183 2098 1233 2142 me

55 2206 150 2268 posse
183 2186 351 2250 custodire.
398 2188 427 2249 5.
453 2184 633 2263 custodies,
668 2185 789 2269 inquit,
825 2185 853 2250 si
876 2207 930 2250 cor
962 2189 1053 2249 tuum
1080 2182 1233 2247 mundum

56 2288 154 2353 fuerit
177 2290 262 2373 apud
289 2290 465 2367 dominum,
498 2294 530 2354 et
555 2311 664 2354 omnes
691 2291 883 2367 custodient,
917 2289 1106 2372 quicumque
1137 2286 1232 2352 corda
1247 2306 1272 2346 rs

56 2415 116 2458 sua
135 2393 372 2478 purificaverint
406 2395 445 2458 ab
468 2393 616 2458 inanibus
649 2394 744 2459 huius
766 2394 884 2460 saeculi
918 2393 1095 2471 desideriis,
1130 2396 1163 2456 et
1184 2391 1233 2455 vi-

55 2503 131 2563 vent
155 2500 220 2564 deo.

122 3087 373 3161 INCIPIUNT
407 3088 769 3163 SIMILITUDINES
798 3088 921 3174 QUAS
948 3087 1164 3162 LOCUTUS

500 3211 586 3284 EST
614 3211 796 3285 MEOUM.

530 3438 709 3504 Similitudo
731 3439 755 3504 Ι.
1246 3451 1273 3491 ²⁰

144 3593 231 3658 Dicit
253 3594 345 3658 mihi:
370 3592 474 3672 Scitis,
497 3593 609 3679 inquit,
625 3616 692 3673 vos,
716 3617 822 3660 servos
839 3595 896 3673 dei,
920 3616 1054 3681 peregre
1068 3594 1229 3661 habitare:

55 3698 169 3764 civitas
192 3698 276 3762 enim
297 3702 403 3762 vestra
425 3698 521 3783 longe
543 3699 634 3763 abest
649 3700 689 3763 ab
712 3700 772 3766 hac
787 3700 923 3764 civitate.
970 3698 1005 3765 Si
1028 3721 1105 3784 ergo
1120 3697 1230 3777 nostis,

54 3802 169 3886 inquit,
195 3802 355 3867 civitatem
376 3807 523 3879 vestram,
547 3803 580 3867 in
603 3825 667 3886 qua
689 3802 863 3867 habitaturi
877 3803 963 3880 estis,
987 3802 1063 3887 quid
1084 3801 1137 3866 hic
1153 3801 1231 3864 emi-

129 3955 216 4010 2Ier.
235 3956 277 4019 24,
296 3958 325 4019 7;
344 3956 445 4020 Ioe12‚
466 3958 506 4011 12.
524 3988 559 3995 —
577 3959 593 4012 3
612 3956 655 4010 Ps.
677 3958 716 4021 14,
735 3958 766 4019 2;
784 3957 846 4011 Act
866 3956 906 4020 10,
925 3956 972 4018 35;
991 3955 1076 4009 Hebr.
1096 3955 1135 4018 11,
1155 3953 1179 4007 3.
1199 3984 1233 3993 -

55 4044 73 4098 9
92 4043 147 4096 Iac.
166 4044 191 4107 4,
212 4044 244 4095 12
264 4042 299 4096 cf.
318 4041 421 4097 Mareu
443 4043 483 4108 10,
502 4044 548 4106 28;
567 4042 633 4097 Luc.
650 4043 676 4105 6,
694 4043 724 4105 9;
743 4043 767 4106 9,
786 4043 828 4096 24.
847 4042 896 4105 56;
916 4043 955 4105 12,
975 4042 1006 4103 5;
1027 4043 1066 4103 17,
1086 4040 1127 4096 dd

55 4182 119 4218 rum
145 4165 348 4233 interpretatus
376 4166 426 4218 est.
463 4164 716 4246 Interpretesjnon
734 4181 848 4234 prorsus
866 4163 940 4216 falsa
958 4163 1007 4215 ost
1044 4162 1233 4230 Imperatores

56 4253 145 4308 ceteri
157 4254 217 4307 fere
230 4268 327 4306 omnes
338 4252 425 4305 verba
441 4253 476 4306 de
488 4252 543 4306 hoc
554 4269 633 4305 mun-
661 4252 736 4305 enim
755 4248 875 4305 Romani
899 4247 1033 4317 quamdiu
1059 4246 1233 4301 Christianos

57 4340 94 4395 do
113 4345 143 4396 et
168 4342 203 4396 de
222 4340 335 4395 diabolo
359 4341 576 4405 intellexerunt,
604 4344 633 4396 et
659 4337 801 4408 persecuti
818 4339 891 4400 sunt,
909 4334 1029 4388 Hermae
1046 4333 1235 4388 instrumenta

56 4434 134 4485 recte
147 4430 269 4498 quidem,
283 4429 315 4481 ut
326 4426 397 4482 mihi
408 4428 528 4482 videtur.
548 4427 631 4482 Caelo
660 4441 720 4480 esse
738 4423 914 4486 videbantur,
933 4419 1035 4489 quibus
1047 4420 1178 4475 diabolus
1196 4419 1235 4474 ad

57 4519 178 4588 opponit
196 4517 314 4571 Hermas
332 4513 475 4578 mundum,
495 4513 554 4568 Deo
573 4515 632 4569 dia·
659 4513 809 4584 imperium
827 4528 908 4564 suum
933 4507 1119 4564 exercendum
1136 4507 1234 4562 uteba·

57 4605 162 4659 bolum.
199 4606 333 4658 Attamen
359 4601 411 4656 illa
433 4601 631 4670 interpretatio
659 4598 798 4657 tun—el
813 4592 864 4656 οὖν
880 4594 973 4655 οἴδατε
983 4596 1055 4668 κτλ]
1073 4596 1117 4652 Cf.
1130 4596 1143 4651 1
1157 4597 1234 4653 Petr.
