2834 5018
167 306 207 369 72
654 298 852 353 υκπυιοωι

168 484 223 539 τοῦ
247 475 358 551 ὕδατος
379 476 433 539 καί
464 477 532 557 περὶ
557 484 611 539 τοῦ
634 484 778 557 σταυροῦ.
824 475 892 555 περὶ
916 475 972 557 μέν
995 484 1049 537 τοῦ
1073 475 1184 548 ὕδατος
1206 477 1342 561 γέγραπ·

167 601 216 643 ται
240 580 290 644 ἐπί
313 583 365 644 τὸν
390 580 526 665 Ἰσραήλ,
550 589 616 656 πῶς
638 581 674 642 τὸ
697 579 856 664 βάπτισμα
878 581 913 641 τὸ
937 579 1030 661 φέρον
1054 581 1163 660 αἴγεσιν
1184 581 1343 664 ἁμαρτιῶν

168 687 204 748 οὐ
228 689 269 768 μή
292 684 530 767 προσδέξοντοιι,
564 685 634 749 ἀλλ’
659 684 780 759 ἑαυτοῖς
810 684 1076 768 οίκοδομήσουσιν.
1122 689 1152 750 2
1176 684 1260 769 λέγει
1283 689 1343 770 γὰρ

168 789 185 851 ὁ
208 789 382 875 προφήτης·
406 788 577 874 Ἔκστηθι
600 790 733 874 οὐρανέ,
758 789 815 852 καί
838 788 894 852 ίπὶ
917 790 1026 872 τούτῳ
1049 788 1169 854 πλεῖον
1191 788 1344 875 φριξάτω

141 896 189 977 νή
212 899 264 978 γῆ,
288 896 338 959 ὅτι
362 894 422 958 δύο
445 896 502 959 καί
525 894 661 979 πονηρὰ
684 895 846 977 ἐποίησεν
869 894 887 956 ὁ
910 892 992 973 λαός
1016 895 1129 974 οὗτος·
1162 894 1222 974 ἐμὲ
1245 896 1342 978 ἐγκυ-

167 999 318 1079 τίλιπον,
341 1001 456 1084 πηγήν
479 1001 584 1084 ζωῆς,
617 1000 674 1064 καί
697 1002 828 1079 ἑαυτοῖς
858 996 995 1084 ὤρυξαν
1017 995 1148 1082 βόθρον
1176 996 1341 1063 θανάτου.

167 1107 197 1170 3.
223 1103 285 1187 Μή
298 1104 406 1187 πέτρα
428 1103 552 1188 ἔρημός
565 1105 657 1169 ἐστιν
679 1105 717 1168 τό
739 1105 817 1188 ὄρος
832 1103 870 1167 τὸ
890 1104 987 1185 ἀγιόν
1004 1124 1071 1183 μου
1091 1102 1197 1178 Σινᾶ;
1221 1103 1344 1167 ἔσεσθε

168 1208 232 1292 γὰρ
266 1210 313 1288 ὡς
347 1216 504 1273 πετεινοῦ
536 1210 654 1273 νοσσοὶ
686 1209 911 1289 ἀνιπτάμενοι
942 1211 1081 1285 νοσσιάς
1119 1207 1341 1291 ἀφῃρημένοι.

169 1316 198 1377 4.
223 1313 276 1374 καί
299 1310 392 1375 πάλιν
422 1311 506 1395 λέγει
533 1311 745 1396 ὁπροφήτης·
780 1312 872 1394 Ἐγώ
903 1315 1114 1396 πορεύσομαι
1144 1311 1343 1396 ἔμπροσθέν

131 1435 156 1471 10
171 1438 233 1482 σου
256 1417 312 1480 καί
335 1418 398 1501 δρη
414 1416 545 1499 ὁμαλιώ
568 1417 625 1480 καί
641 1416 751 1497 πύλας
774 1416 902 1499 χαλκᾶς
919 1418 1096 1500 συντρίψω
1120 1416 1176 1478 καὶ
1195 1415 1342 1497 μοχλούς

169 1519 326 1606 σιδηροῦς
344 1520 537 1601 συνκλάσω,
560 1522 616 1586 καί
633 1520 734 1586 δώσω
751 1543 804 1586 σοι
823 1520 1020 1606 θησαυρούς
1038 1525 1241 1602 σκοτεινούς,
1258 1523 1343 1585 ἀπσ-

169 1629 330 1711 κρύφσυς,
347 1627 523 1711 ἀσράτσυς,
548 1630 604 1692 ίνα
619 1634 759 1709 γνώσιν,
783 1628 833 1690 ὅτι
856 1627 922 1709 ἐγὼ
938 1630 1052 1711 κύριος
1076 1625 1201 1705 ὁθεός.
1227 1630 1256 1692 5.
1274 1625 1343 1688 καί·

169 1729 395 1815 Καιοικήσεις
419 1730 458 1795 ἐν
479 1731 604 1816 ιὑψηλῷ
622 1731 779 1815 σπηλαίῳ
803 1732 929 1815 πέτρας
945 1733 1095 1814 ίσγυράς,
1118 1731 1175 1793 καὶ
1198 1731 1235 1794 τὸ
1251 1730 1343 1814 ὕδωρ

170 1837 275 1899 αὐτοῦ
298 1837 437 1900 πιστόν·
462 1834 604 1919 βασιλέα
619 1835 704 1916 μετὰ
728 1833 828 1918 δόξης
844 1832 987 1914 ὄψεσθε,
1011 1835 1067 1898 καὶ
1092 1837 1112 1916 ή
1135 1838 1230 1918 ψυχή
1245 1839 1344 1915 ὑμῶν

132 1958 157 1995 1⁶
170 1937 347 2022 μελετήσει
370 1941 482 2022 φόβον
504 1942 631 2025 κυρίου.
679 1941 707 2005 6.
732 1940 785 2002 καί
801 1937 894 2000 πάλιν
918 1937 950 2001 έν
974 1936 1061 2020 ἄλλῳ
1077 1938 1220 2021 προφήτῃ
1243 1937 1344 2022 λέγει·

169 2042 240 2109 Καὶ
256 2045 350 2108 ἔσται
373 2046 391 2107 ὁ
408 2051 513 2108 ταῦτα
536 2050 648 2108 ποιῶν
670 2048 716 2125 ὡς
732 2046 770 2108 τὸ
794 2042 897 2124 ξύλον
913 2044 951 2107 ιδ
974 2043 1233 2126 πεφυτευμένον
1251 2043 1344 2126 παρὰ

169 2148 228 2228 ιάς
244 2145 415 2228 διεξόδους
431 2153 501 2212 τῶν
516 2147 662 2228 ύδάτων,
685 2153 704 2213 δ
720 2150 781 2213 τόν
796 2149 930 2233 καρπὸν
945 2150 1050 2211 αὐτοῦ
1066 2146 1168 2212 δώσει
1184 2147 1222 2211 ἐν
1237 2153 1345 2231 καιρῷ

169 2255 285 2332 αὐτοῦ,
309 2255 419 2318 καὶτὸ
443 2253 575 2336 φύλλον
590 2257 696 2319 αὐτοῦ
719 2257 781 2319 οὐκ
797 2254 1037 2339 ἀπορυήσεται,
1060 2252 1117 2315 καί
1133 2254 1257 2330 πάντα,
1281 2252 1346 2314 ὅσα

169 2358 214 2421 ἀν
236 2362 328 2442 ποιῇ,
351 2357 678 2443 κατευσδωθήσεται.
726 2362 755 2424 7.
779 2361 842 2440 σύγ
865 2361 972 2438 οὕτως
996 2359 1027 2421 οἱ
1043 2357 1186 2440 ἀσεβεῖς,
1210 2358 1273 2438 σύγ
1289 2360 1345 2421 σύ-

130 2486 155 2524 20
170 2484 247 2543 τως,
271 2460 346 2525 ἀλλ’
370 2465 391 2544 ή
415 2465 461 2543 ὡς
484 2464 631 2546 δγνσῦς,
655 2468 696 2528 δν
718 2465 866 2548 ἐκρίπτει
887 2464 1046 2543 ὁάνεμος
1071 2461 1139 2524 ἀπό
1156 2462 1345 2545 προσώπου

170 2573 228 2650 τῆς
251 2573 321 2651 γῆς.
369 2566 424 2631 διὰ
446 2575 545 2632 τοῦτο
568 2571 630 2633 σύκ
653 2568 904 2652 ἀναστήσονται
927 2569 1058 2650 ἀσεβεῖς
1082 2567 1120 2630 ἐν
1143 2569 1251 2650 κρίσει
1267 2564 1346 2630 οὐδὲ

171 2670 367 2758 ἁμαρτωλοὶ
399 2672 437 2737 ἐν
459 2672 567 2759 βουλῇ
599 2672 759 2752 δικαίων,
792 2674 842 2737 ὅτι
865 2674 1023 2754 γινώσκει
1055 2674 1168 2755 κύριος
1193 2668 1275 2734 ὁδὸν
1298 2669 1346 2733 δι-

170 2780 295 2857 καίων,
327 2778 383 2842 καί
416 2776 493 2858 ὁδός
522 2779 658 2861 ἀσεβῶν
688 2777 872 2842 ἀπολεῖται.
920 2780 949 2842 8.
974 2777 1188 2853 αἰσθάνεσθε,
1221 2786 1288 2851 πῶς
1311 2776 1347 2837 τὸ

171 2884 254 2966 ὕδωρ
275 2883 329 2945 καί
352 2884 405 2946 τὸν
428 2884 561 2964 σταυρόν
584 2881 634 2944 ἐπί
657 2883 693 2944 τὸ
716 2883 792 2944 αὐτὸ
809 2882 928 2963 ὥρισεν.
974 2891 1065 2944 τοῦτο
1087 2882 1148 2965 γὰρ
1163 2880 1264 2964 λέγει·
1289 2901 1345 2963 μοι·

131 3006 157 3044 ιε
173 2988 286 3070 κοίριοι,
310 2987 340 3051 οἳ
363 2986 412 3049 ἐπί
435 2988 488 3049 τὸν
511 2988 644 3068 σταυρὸν
661 2985 842 3061 ἐλπίσαντες
864 2985 1043 3071 κατέβησαν
1067 2986 1110 3061 εἰς
1133 2988 1168 3049 τὸ
1184 2986 1276 3068 ὕδωρ,
1302 2988 1346 3047 οτι

172 3093 302 3174 τὸνμὲν
334 3091 450 3174 μισθὸν
480 3089 564 3174 λέγει
594 3092 632 3156 ἐν
654 3097 761 3175 καιρῷ
785 3094 905 3156 αὐτοῦ’
942 3090 1020 3167 τότε,
1046 3089 1153 3175 φησίν,
1178 3089 1345 3153 ἀποδώσω.

171 3203 225 3257 νῦν
248 3196 282 3258 δέ
305 3196 323 3258 δ
346 3195 429 3280 λέγει
452 3195 494 3260 τὰ
518 3195 631 3280 φύλλα
655 3198 716 3259 ούκ
732 3197 972 3280 ἀπορυήσεται,
996 3204 1088 3257 τοῦτο
1103 3193 1198 3278 λέγει,
1222 3196 1269 3256 ὅτι
1285 3203 1346 3256 πᾶν

243 3441 256 3493 1
275 3440 340 3508 περί
357 3440 426 3506 pr>
445 3437 522 3506 V12
541 3436 674 3508 φέρον-Ι·
688 3436 727 3502 είς
746 3437 771 3489 V
788 3436 791 3506 λ
808 3440 824 3492 3
841 3436 1047 3509 προσδὲξωνται
1065 3435 1092 3487 Η
1117 3437 1121 3505 V
1146 3437 1199 3508 γὰρ
1219 3435 1265 3488 SH
1279 3454 1285 3487 ι
1298 3429 1348 3491 οὖν

171 3525 219 3577 VL
235 3526 239 3594 Ι
255 3526 272 3578 4
290 3526 421 3591 πλεῖσν>
440 3524 464 3576 V
480 3525 484 3593 ί
501 3523 636 3596 φρίξονΗ
653 3524 656 3591 Ι
672 3524 689 3576 5
707 3523 756 3580 δύο
769 3523 803 3593 -Ι-
815 3525 923 3597 μεγάλα
942 3524 967 3576 V
983 3526 987 3591 Ι
1003 3527 1019 3577 5
1038 3540 1079 3590 sq.
1098 3521 1295 3595 ἐγκατέλειπον
1306 3523 1344 3589 V!

171 3612 187 3666 6
205 3616 276 3682 ζωῆς
295 3611 437 3681 ὃτζῶσαν
455 3610 488 3673 V,
506 3607 606 3677 ὕδατος
624 3614 717 3679 ζῶσαν
734 3611 766 3673 Η,
787 3607 887 3677 ῧδατσς
904 3615 973 3681 ζωῆς
990 3609 1097 3663 LLXX
1113 3609 1116 3677 ί
1132 3613 1243 3683 βόθρον
1262 3609 1347 3667 θανά·

171 3719 221 3756 του
236 3698 282 3752 SH
296 3717 301 3750 :
315 3698 434 3765 λάκκους
452 3695 739 3768 συντειριμμένουςλ7
757 3695 830 3749 Lxx
846 3696 850 3766 ή
866 3696 883 3750 8
901 3695 1072 3771 ἀφῃρημένοι
1092 3696 1137 3749 SH
1151 3715 1156 3748 :
1170 3696 1266 3767 ·με’νης
1279 3696 1326 3749 VL
1341 3696 1345 3765 Ι

173 3786 205 3840 10
223 3786 311 3851 πύλας
330 3785 375 3837 SH
389 3804 395 3837 ι
409 3784 498 3858 θύρας
516 3782 563 3835 VL
579 3783 583 3853 ή
601 3784 631 3837 ll
651 3803 771 3841 σκοτουσ
791 3783 808 3836 S
825 3784 828 3853 Ι
847 3783 879 3837 12
897 3781 987 3856 ἐγὼ>
1005 3781 1029 3834 V
1052 3784 1055 3853 ί
1077 3787 1123 3839 καί
1143 3783 1211 3836 SHL
1224 3802 1230 3835 ι
1244 3779 1303 3840 εἶτα
1322 3781 1350 3838 τί

170 3871 244 3943 λέγει
262 3870 292 3927 ἐν
311 3880 350 3946 τῷ
368 3870 417 3946 υἱῷ
436 3870 461 3922 V
485 3874 490 3940 1
514 3872 546 3927 16
563 3875 655 3939 καί>
672 3871 719 3925 VL
743 3872 747 3941 Ι
774 3871 850 3937 18ί27
870 3870 1054 3942 ἀπσρυήσετσι
1082 3869 1249 3945 διίιπσρριι
1270 3869 1321 3925 HV
1342 3870 1344 3933 !

171 3956 205 4011 ‘20
222 3954 261 4024 ὼς
278 3958 294 4014 ὁ
313 3955 456 4016 ὃΗιὼσεί
475 3957 498 4010 V
514 3959 519 4028 Ι
535 3958 567 4013 21
587 3954 752 4031 έισεβεῑςισί
770 3957 795 4014 ἀ.
815 3957 833 4010 S
850 3958 853 4026 ί
869 3958 903 4011 27
922 3955 1015 4024 8>v

208 4166 253 4229 XI,
275 4169 296 4221 1.
316 4167 453 4238 οἰκοδομή
471 4168 615 4222 Barnabas
631 4166 746 4236 respicit
772 4166 990 4236 purificationes.

173 4253 208 4306 ατί
227 4253 338 4307 crebras
359 4253 527 4308 Iudaeorum
545 4254 700 4308 lavationes
713 4269 746 4306 κε
809 4254 832 4306 3.
852 4249 963 4327 ἔρημος]
991 4253 1009 4306 i.
1028 4270 1050 4307 ε.
1078 4270 1215 4321 aquarum
1240 4271 1345 4324 expers.
