2834 5018
150 299 213 362 558
579 287 893 345 Ηωοιιουοωτοιι

150 469 256 551 ξηράν·
280 469 333 532 καί
356 465 440 530 ούτοι
463 466 557 548 χωρίς
579 467 714 528 ἵσταντο.
762 467 811 530 13.
835 463 934 544 έτεροι
961 463 997 526 δὲ
1019 461 1197 527 ἐπεδίδουν
1226 464 1269 526 τά
1294 461 1346 525 δύο

151 571 227 656 μέρη
251 570 345 655 ξηρά,
376 571 411 633 τδ
434 572 469 634 δὲ
492 569 591 652 τρίτον
620 567 756 650 χλωράν·
790 567 843 631 καί
867 565 952 630 ούτοι
974 569 1074 650 χωρίς
1097 569 1251 633 ἵσταντο.
1300 571 1345 634 11.

152 677 250 757 ἕτεροι
274 675 309 738 δέ
331 674 491 738 ἐπεδίδουν
513 675 568 749 τὰς
591 672 723 758 ῥάβδους
739 673 841 736 αὐτῶν
863 673 949 754 παρά
963 673 1078 756 μικρὸν
1102 673 1191 750 δλας
1207 672 1343 756 χλωράς,

151 780 318 864 ἐλάχιστον
341 781 376 843 δέ
397 789 460 844 τῶν
484 779 606 864 ῥάβδων
629 780 732 842 αὐτῶν
755 776 845 862 ξηρὸν
868 775 916 861 ἦν,
940 777 1017 839 αύτδ
1043 778 1082 839 τὸ
1106 779 1231 859 ἀκρον·
1262 797 1345 860 σχιο

126 887 212 968 εμὰς
235 885 269 948 δὲ
292 882 377 968 είχον
401 884 433 947 ἐν
457 885 580 959 αὐταῖς·
604 885 658 947 καί
682 881 766 946 ούτοι
788 883 883 965 χωρίς
904 883 1044 945 ἵσταντο.
1096 887 1154 949 15.
1182 883 1345 966 ἑτέρωνδέ

151 986 189 1074 ἧν
212 988 378 1072 ἐλάχιστον
400 988 541 1071 χλωρύν,
572 987 668 1050 τὰδὲ
691 986 868 1051 λοιπάτων
892 986 1016 1071 ῥάβδων
1040 985 1145 1071 ξηρά·
1182 989 1241 1051 καί
1267 986 1345 1051 ούτοι

151 1095 246 1177 χωρίς
276 1095 412 1157 ἵσταντο.
461 1094 511 1159 16.
535 1092 632 1174 ἕτεροι
659 1091 694 1154 δὲ
715 1090 847 1174 ἤρχοντο
877 1092 932 1166 τὰς
963 1089 1102 1176 ῥάβδους
1136 1090 1275 1176 χλωρὰς
1298 1091 1345 1173 φί-

152 1217 256 1278 ροντες
285 1195 328 1270 ὡς
359 1194 473 1279 ἔλαβον
506 1197 590 1277 παρὰ
620 1203 674 1257 τοῦ
707 1193 861 1278 ἀγγέλου·
896 1195 932 1256 τδ
962 1193 997 1257 δέ
1024 1194 1143 1260 πλεῖον
1177 1196 1276 1279 μέρος
1297 1204 1345 1259 τού

152 1299 249 1381 ὄχλου
280 1299 425 1374 τοιαύτας
454 1298 586 1384 ῥάβδους
620 1297 788 1364 ἐπεδίδουν.
843 1298 860 1361 ὁ
893 1299 928 1361 δὲ
959 1299 1099 1383 ἅγγελος
1138 1300 1195 1364 ἐπί
1231 1302 1345 1375 τούτοις

114 1425 139 1461 ιο
153 1402 251 1487 ἐχάρη
282 1403 367 1468 λίαν·
399 1405 452 1467 καί
476 1401 560 1467 ούτοι
590 1404 685 1486 χωρίς
707 1405 842 1466 ἵσταντο.
891 1406 939 1470 17.
967 1402 1086 1488 [ἕτεροι
1111 1405 1152 1469 δὲ
1185 1405 1344 1470 ἐπεδίδουν

151 1510 207 1582 τὰς
231 1507 362 1593 ῥάβδους
385 1509 488 1571 αὐτῶν
517 1508 641 1591 χλωρὰς
664 1510 718 1570 καί
749 1507 957 1590 παραφυάδας
985 1507 1148 1591 ἐχούσας·
1185 1513 1243 1574 καί
1269 1509 1345 1574 ούτοι

152 1614 246 1696 χωρίς
269 1614 412 1677 ἵσταντο·
436 1615 490 1676 καί
513 1612 563 1675 έπί
586 1612 706 1687 τούτοις
730 1611 894 1696 ύάγγελος
917 1611 987 1676 λίαν
1004 1612 1139 1700 ἐχάρη].
1171 1619 1225 1682 13.
1252 1616 1344 1696 ἕτεροι

152 1717 187 1780 δὲ
210 1716 369 1780 ἐπεδίδουν
384 1719 439 1793 τάς
463 1717 594 1802 ῥάβδους
610 1719 712 1781 αὐτῶν
735 1715 858 1799 χλωρὰς
873 1718 927 1778 καί
951 1718 1173 1799 παραφυάδας
1197 1719 1345 1802 ἐχούσας·

153 1822 184 1884 αί
208 1822 241 1885 δὲ
264 1823 466 1905 παραφυάδες
491 1823 593 1885 αὐτῶν
616 1820 690 1884 ὡσεί
712 1819 831 1902 καρπόν
854 1839 924 1883 τινα
940 1817 1043 1903 είχον·
1068 1824 1128 1885 καί
1153 1823 1232 1888 λίαν
1250 1823 1344 1905 ἱλαροί

116 1944 140 1982 1⁶
153 1924 233 2011 ἦσαν
257 1926 286 1989 οἱ
308 1929 472 2008 ἄνθρωποι
495 1925 617 2003 ἐκεῖνοι,
641 1922 684 1988 ὧν
709 1925 741 1987 αἱ
763 1923 869 2009 ῥάβδοι
893 1935 1032 1988 τοιαῦται
1058 1926 1265 2012 εὑρέθησαν.
1297 1928 1344 1990 ποί

153 2029 326 2114 ύάγγελος
350 2030 399 2094 ἐπί
431 2031 549 2105 τούτοις
572 2029 761 2113 ἠγαλλιᾱτο,
790 2029 843 2090 καί
870 2027 888 2091 ὁ
920 2031 1033 2112 ποιμὴν
1065 2027 1142 2093 λίαν
1180 2030 1292 2114 ἱλαρὸς
1313 2029 1345 2115 ἦν

154 2133 203 2196 ἐπί
226 2133 355 2210 τούτοις.

241 2237 278 2305 2.
303 2238 471 2303 Ἐκέλευσε
493 2238 528 2301 δὲ
550 2237 567 2299 ὁ
589 2237 722 2321 ἄγγελος
744 2236 850 2320 κυρίου
873 2238 1047 2320 στεφάνους
1064 2238 1263 2326 ἐνεχθῆναι.
1296 2243 1344 2305 τισί

154 2342 332 2426 ἐνέχθησαν
355 2341 501 2424 στέφανοι
525 2341 599 2405 ὡσεί
622 2339 659 2402 ἐκ
682 2340 829 2422 φοινίκων
851 2341 1028 2423 γεγονότες,
1053 2344 1110 2405 καί
1138 2343 1344 2429 ἐστεφάνωσε

116 2462 142 2500 2⁰
156 2450 227 2521 τοὺς
251 2447 364 2527 ἄνδρας
387 2449 458 2522 τοὺς
481 2444 708 2519 ἐπιδεδωκύτας
730 2446 785 2520 τάς
808 2444 940 2530 ῥάβδους
963 2447 1017 2520 τάς
1041 2444 1192 2528 ἐχούσας
1208 2452 1269 2524 τὰς
1291 2472 1344 2512 πα-

155 2549 315 2632 ραφυάδας
336 2550 390 2612 καί
419 2549 539 2633 καρπόν
562 2570 630 2612 τινα
660 2550 713 2611 καί
736 2547 890 2612 ἀπέλυσεν
920 2551 1031 2624 αύτούς
1056 2550 1102 2626 είς
1127 2554 1186 2617 τὸν
1217 2554 1345 2639 πύργον.

156 2659 185 2720 2.
209 2656 262 2717 καί
284 2657 355 2728 τοὺς
378 2653 493 2729 ἄλλους
515 2654 549 2716 δέ
572 2651 753 2716 ἀπέστειλεν
776 2652 819 2727 εἰς
840 2653 894 2716 τδν
916 2652 1053 2737 πύργον,
1087 2658 1168 2732 τούς
1192 2660 1253 2735 τὰς
1276 2657 1344 2744 ῥάβ-

155 2758 227 2832 δους
249 2759 305 2832 τὰς
327 2756 452 2840 χλωρὰς
475 2755 701 2832 έπιδεδωκύτας
723 2758 776 2819 καί
799 2757 1006 2840 παραφυάδας
1030 2756 1197 2843 ἐχούσας,
1227 2765 1343 2846 καρπὸν

155 2862 190 2925 δὲ
212 2864 254 2944 μὴ
277 2859 411 2943 ἐχούσας
433 2862 488 2936 τὰς
511 2860 733 2943 παραφυάδας,
765 2861 837 2936 δοὺς
859 2861 963 2936 αὐτοῖς
994 2863 1171 2946 σφραγῖδα.
1222 2868 1255 2932 3.
1282 2868 1345 2950 ign·

117 2983 142 3022 το
155 2967 262 3047 τισμδν
286 2964 320 3027 δέ
343 2966 395 3026 τὸν
419 2965 513 3028 αὐτὸν
535 2964 648 3039 πάντες
671 2962 755 3047 είχον
779 2965 890 3029 λευκδν
914 2965 988 3028 ὡσεί
1011 2966 1124 3048 χιύνα,
1158 2970 1191 3033 οί
1214 2971 1345 3054 πορευύ·

155 3090 241 3152 μενοι
273 3070 315 3144 είς
346 3071 399 3132 τδν
431 3067 557 3152 πύργον.
603 3072 632 3135 4.
664 3071 717 3132 καί
747 3073 818 3145 τοὺς
850 3071 905 3144 τὰς
937 3068 1070 3153 ῥάβδους
1105 3070 1344 3149 ἐπιδεδωκύτας

155 3173 281 3256 χλωρὰς
304 3172 346 3246 ὡς
369 3171 481 3256 ἔλαβον
504 3173 651 3253 ἀπέλυσε,
674 3175 746 3248 δοὺς
769 3176 872 3249 αὐτοῖς
895 3173 1057 3256 ίματισμδν
1088 3179 1146 3240 καί
1173 3181 1343 3264 σφραγῖδα.

157 3282 185 3341 5.
211 3277 289 3359 μετὰ
311 3276 346 3337 τδ
377 3283 475 3337 ταῦτα
498 3275 621 3339 τελέσαι
651 3279 703 3339 τὸν
727 3276 861 3361 ἄγγελον
890 3275 975 3361 λέγει
998 3284 1041 3360 τῷ
1074 3281 1229 3364 ποιμένι·
1265 3283 1346 3368 Ἐγὼ

156 3380 286 3463 ὑπάγω·
311 3382 349 3441 σύ
371 3378 405 3441 δὲ
426 3377 553 3453 τούτους
576 3379 741 3456 ἀπολύσεις
765 3382 807 3456 είς
830 3382 868 3443 τά
889 3380 993 3465 τείχη,
1024 3384 1144 3460 καθὼς
1170 3387 1262 3464 ἄξιός
1284 3386 1345 3451 ἐστί

228 3517 304 3581 lom
322 3511 464 3586 ἕτεροι·
482 3513 565 3585 ἐχάρη
583 3514 798 3586 L¹L²A2>G1
817 3516 1107 3585 14ὼσείίὶε>ΙιΑ
1125 3523 1130 3591 Ι
1148 3523 1188 3578 24
1207 3530 1346 3600 σφραγῖδα

157 3603 297 3669 ΙιΑι-δας
316 3600 409 3668 6127
426 3621 451 3655 κ.
471 3608 609 3674 σφραγῖδα
628 3603 742 3662 mue.
763 3612 823 3674 δας
842 3605 965 3674 G‚>L¹

194 3708 232 3760 13.
253 3705 445 3773 Designantur
455 3705 556 3758 divites
569 3708 598 3758 et
609 3709 730 3776 superbi,
758 3712 782 3763 3.
800 3712 825 3763 4.

158 3808 221 3844 eum
239 3789 392 3860 gentilibus
410 3792 545 3855 viventes,
565 3792 600 3846 cf.
617 3809 639 3846 υ.
658 3797 681 3857 5,
700 3797 730 3857 4;
795 3800 833 3853 16.
854 3797 1045 3867 Designantur
1072 3797 1181 3857 fideles
1208 3806 1304 3860 sancti
1321 3810 1348 3858 et

159 3894 181 3929 c.
200 3879 224 3939 9,
244 3879 319 3931 1-4.
743 3856 833 3965 βοοιι,
853 3886 887 3940 οι.
908 3901 930 3938 c.
949 3887 1054 3948 ο,ι;ο
1076 3887 1237 3952 ιτα-τ.
1255 3901 1349 3953 κιο-ω

195 3967 234 4018 14.
254 3965 447 4034 Designantur
470 3966 567 4020 fideles
586 3967 731 4036 paululum
756 3971 852 4043 μέρος]
890 3973 931 4028 cf.
960 3990 981 4026 ο.
1011 3974 1035 4031 2.
1064 3972 1090 4026 9.
1133 3976 1237 4036 Maior
1264 3982 1349 4053 igitur

161 4049 363 4119 delinquentes,
384 4055 419 4107 ef.
439 4071 462 4107 c.
481 4057 504 4117 5,
524 4056 554 4117 5;
574 4071 596 4108 τ.
616 4056 655 4116 10,
671 4059 693 4110 1.
707 4057 730 4110 2.
759 4057 982 4113 Christianorum
1025 4076 1095 4128 pars
1135 4063 1268 4125 Hermae
1303 4072 1349 4126 aut

196 4137 235 4188 15.
254 4138 445 4209 Designantur
456 4142 553 4195 fideles
572 4142 601 4196 in
621 4142 730 4196 sceleri·
759 4148 856 4199 sancte
874 4146 967 4200 vivere
993 4150 1044 4200 aut
1068 4149 1108 4202 ad
1134 4156 1349 4221 paenitentiam

161 4217 212 4270 bus
241 4227 414 4289 conversati,
443 4227 477 4281 cf.
499 4244 521 4281 c.
540 4229 563 4292 5,
583 4230 616 4291 6;
645 4244 667 4281 ο.
692 4228 731 4292 10,
758 4232 861 4285 reverti
879 4232 1036 4287 videbatur.
