2834 5018
502 638 823 696 aasumensma.
1139 643 1266 708 cmx

91 821 178 884 sitate
210 818 355 902 (interna
390 822 426 882 ut
458 819 503 882 ita
534 816 648 898 dicam)
679 818 841 883 adductus.
896 817 1047 883 Similiter
1075 819 1108 883 in
1138 817 1268 901 reliquis

91 924 160 988 libri
181 925 332 1008 partibus
355 924 494 988 codicem
516 922 711 1006 Lipsiensem
738 945 796 1007 pro
826 923 1032 988 fundamento
1062 923 1179 1007 posuit,
1211 923 1268 986 ad·

92 1031 197 1095 bibitis
218 1029 344 1114 passim
358 1029 553 1093 versionibus
569 1032 601 1092 et
617 1028 823 1112 scriptoribus
838 1029 1005 1106 veteribus,
1029 1032 1098 1092 tum
1112 1028 1146 1091 in
1161 1048 1268 1091 emen-

92 1135 199 1199 dandis
221 1134 400 1217 scripturae
422 1133 523 1211 vitiis,
551 1137 618 1196 tum
641 1133 675 1197 in
697 1133 819 1197 lacunis
843 1133 1014 1216 explendis.
1060 1132 1147 1196 Libri
1179 1131 1267 1194 clau·

92 1238 190 1303 sulam
212 1239 289 1303 inde
313 1260 333 1301 a
355 1237 430 1302 Sim.
455 1237 510 1314 IX,
535 1238 587 1313 30,
612 1239 642 1314 3,
665 1238 721 1302 ubi
743 1241 848 1301 textus
872 1259 1004 1322 graecus
1022 1237 1138 1311 deficit,
1170 1235 1269 1298 latine

92 1342 198 1418 edidit,
234 1364 277 1406 sc.
313 1342 472 1406 versiones
510 1343 626 1407 latinas
661 1343 739 1406 duas
773 1346 805 1406 et
838 1343 1013 1406 versionem
1047 1340 1267 1423 aethiopicam.

91 1445 196 1531 longe
220 1445 350 1529 quidem
373 1446 472 1523 abest,
497 1451 533 1510 ut
556 1447 671 1524 credat,
702 1467 734 1510 se
758 1446 896 1511 Hermae
918 1446 1035 1523 librum
1056 1447 1102 1511 ita
1125 1445 1268 1521 edidisse,

92 1555 124 1613 ut
155 1551 222 1614 iam
255 1549 336 1613 nihil
365 1548 546 1614 faciendum
576 1552 721 1635 supersit.
768 1550 830 1616 Sed
855 1573 919 1616 non
952 1552 1070 1616 frustra
1100 1549 1267 1615 laboravit.

92 1653 201 1718 Plures
225 1653 313 1718 locos
336 1654 473 1718 feliciter
495 1655 683 1731 emendavit,
707 1655 837 1719 lacunae
860 1657 977 1720 codicis
999 1655 1169 1739 Lipsiensis
1189 1654 1270 1717 bene

93 1759 238 1842 explevit.
286 1757 358 1835 Via,
385 1781 479 1842 quam
502 1759 663 1843 ingressus
688 1765 745 1837 est,
769 1782 869 1844 usque
892 1762 967 1825 dum
981 1759 1056 1824 novi
1071 1760 1175 1823 fontes
1191 1779 1268 1840 ape-

92 1865 224 1940 riuntur,
248 1864 376 1928 omnino
400 1863 605 1948 approbanda
628 1886 696 1928 esse
719 1865 852 1943 videtur,
877 1869 908 1928 et
924 1886 983 1947 ego
999 1886 1068 1928 eam
1084 1865 1269 1946 persecutus

93 1991 169 2033 sum.
218 1968 331 2052 Neque
354 1989 428 2032 vero
457 1969 575 2053 ubique
603 1969 698 2053 plane
728 1971 861 2033 eundem
883 1973 1005 2033 textum
1028 1967 1175 2041 exhibui3
1208 1966 1270 2029 cir·

93 2075 168 2137 citer
190 2058 307 2155 viginti
330 2070 416 2134 locos
439 2072 559 2134 mutavi
591 2075 695 2154 atque,
730 2076 767 2135 ut
788 2072 866 2135 mihi
888 2073 1003 2148 videor,
1027 2070 1190 2136 emendavi
1220 2069 1271 2133 vel

93 2182 213 2242 textum
235 2175 277 2239 ab
301 2174 371 2238 aliis
395 2176 595 2239 emendatum
618 2176 731 2258 recepi.

178 2280 275 2345 Anno
310 2279 392 2343 1881
429 2278 617 2361 Hilgenfeld
648 2279 819 2343 editionem
850 2279 982 2342 alteram
1011 2279 1209 2342 emendatam
1239 2282 1270 2343 et

95 2386 183 2450 valde
218 2388 346 2448 auctam
379 2381 563 2466 publicavit,
597 2407 624 2446 a.
652 2384 734 2447 1887
769 2383 905 2460 tertiam,
937 2388 970 2446 et
991 2382 1073 2447 hanc
1095 2382 1269 2465 inscripsit:

95 2490 231 2555 Hermae
267 2489 383 2552 Pastor
414 2507 526 2571 graece
558 2488 720 2573 integrum
754 2489 876 2553 ambitu
909 2491 1046 2571 primum
1079 2489 1125 2552 ed.
1159 2487 1198 2552 A.
1228 2486 1269 2550 H.

95 2595 187 2660 Brevi
211 2598 284 2659 ante
307 2594 390 2657 enim
412 2592 437 2655 Ι.
455 2591 614 2657 Draeseke
631 2593 902 2670 animadverterat,
927 2594 1103 2658 clausulam
1116 2592 1191 2657 libri
1215 2614 1270 2656 us-

97 2721 154 2783 que
175 2704 253 2763 tunc
275 2697 401 2761 nonnisi
429 2697 626 2761 versionibus
656 2702 764 2761 notam
789 2720 808 2761 a
831 2696 1039 2762 Constantino
1055 2697 1215 2762 Simonide
1237 2696 1272 2767 in

97 2802 267 2886 appendice
280 2802 320 2865 ad
329 2801 447 2865 librum
458 2797 650 2881 Ορθοδοξων
662 2798 812 2883 Eranam
831 2800 1017 2882 θεολογικαι
1028 2821 1147 2882 γραφαι
1157 2820 1270 2862 τεσσα-

97 2926 144 2987 ρες
168 2906 456 2971 1185910111ὼὶ
486 2927 598 2990 graece
614 2906 731 2970 editam
755 2907 884 2983 fuisse1,
910 2912 941 2970 et
961 2906 1148 2989 Hilgenfeld
1173 2927 1272 2989 aeque

96 3034 130 3076 ac
141 3011 303 3076 Draeselre
315 3012 428 3076 editori
441 3012 536 3075 fidem
551 3010 672 3076 habens
690 3011 817 3087 dicenti,
835 3012 1026 3094 particulam
1042 3032 1080 3074 ex
1096 3009 1271 3073 0001011100-

97 3116 161 3180 dice
178 3117 378 3200 desumptam
393 3116 500 3191 fuisse,
518 3115 605 3179 cuius
623 3135 678 3179 sex
696 3115 831 3198 paginas
847 3115 897 3178 vel
915 3117 978 3180 tria
988 3115 1068 3180 folia
1081 3111 1272 3177 Academiae

97 3219 251 3304 lipsiensi
273 3220 472 3294 vendidisset,
495 3220 662 3283 Pastorem
685 3240 835 3302 graecum
858 3219 1018 3304 integrum
1034 3221 1159 3283 demum
1181 3238 1271 3280 recu·

96 3329 242 3407 peratum
265 3345 333 3387 ease
347 3323 481 3407 putavit.
513 3323 635 3386 Revera
650 3320 826 3386 Simonides
841 3322 1032 3405 particulam
1048 3322 1115 3406 ipse
1131 3320 1272 3384 versione

98 3427 196 3493 latina
218 3427 352 3512 vulgata
366 3427 497 3492 liberius
514 3427 658 3490 adhibila
673 3446 784 3509 graece
800 3427 937 3491 restituit
952 3426 1003 3490 vel
1025 3427 1131 3509 polius
1147 3423 1271 3489 finxit².

183 3533 279 3621 Anno
313 3532 396 3596 1880
441 3530 496 3614 Sp.
529 3530 564 3594 P.
597 3530 748 3594 Lambros
789 3552 861 3594 cum
900 3531 1083 3615 catalogum
1118 3530 1273 3593 librorum

169 3724 181 3774 1
202 3720 352 3790 Appendix
369 3718 547 3772 inscribitur:
567 3715 656 3784 Ολιγα
676 3735 709 3770 aa
722 3720 828 3770 πολλων
846 3735 906 3784 περι
917 3735 962 3770 του
982 3720 1158 3770 αποστολικου
1175 3733 1273 3780 carpor

101 3810 172 3876 Ερμα
190 3824 349 3876 anapaestos
366 3824 410 3859 του
428 3807 582 3870 leobastus
600 3823 646 3857 και
664 3822 715 3857 των
739 3822 881 3872 oporoptov
899 3822 993 3857 αυτου·
1020 3822 1085 3869 προς
1102 3808 1131 3855 ts
1150 3821 1198 3854 και
1215 3820 1273 3866 περι

100 3913 148 3949 των
166 3913 258 3963 pam
284 3912 357 3962 ημων
374 3895 557 3947 semibovem
587 3908 749 3958 απογραφων
767 3908 818 3943 των
844 3907 999 3956 coepertum»
1018 3907 1094 3942 αυτου
1119 3906 1228 3957 γραφων
1245 3905 1273 3940 εν
1332 3894 1337 3901 ’

100 3988 224 4050 capsam·
243 3983 399 4034 comem
415 3999 444 4032 τε
461 3997 507 4032 και
525 3981 675 4032 sabotam
694 3996 744 4031 cao
762 3981 794 4030 Κ.
807 3980 946 4044 Σιμωνιδου
964 3981 1118 4042 διδακτορος
1135 3993 1182 4043 της
1200 3976 1271 4040 φιλο·

101 4086 198 4135 οοφιας.
236 4068 405 4133 umecta
423 4071 451 4119 bs
469 4081 569 4128 τουτοις
587 4082 634 4117 και
652 4082 686 4116 τα
704 4081 780 4130 αχρις
798 4081 898 4130 ημερας
916 4067 1046 4115 creatora
1063 4079 1122 4127 τρια
1139 4079 1185 4114 και
1197 4078 1273 4127 ημισυ

101 4161 195 4220 macter
206 4172 252 4206 roo
271 4170 377 4206 arvoree
389 4154 537 4218 κεφαλαιου
554 4169 605 4204 των
617 4153 772 4216 παραβολων
790 4168 837 4202 και
848 4167 877 4202 το
895 4154 1004 4202 tractor
1017 4151 1172 4216 ολοκρηρον.
1191 4147 1272 4202 Clau-

99 4243 160 4296 sula
183 4240 310 4296 Pastoris
338 4255 441 4309 graeca
463 4238 586 4308 repetita
613 4240 657 4292 est
681 4238 711 4291 in
735 4236 890 4304 Zeitscbrrft
903 4236 956 4304 fiir
973 4234 1173 4302 wmamcboftl.
1191 4234 1272 4289 Theo

98 4331 164 4399 logie
183 4328 250 4383 1887
268 4345 296 4396 p.
318 4326 462 4390 172-184,
484 4327 608 4396 Theolop.
629 4325 840 4394 Quortclecbrift
860 4323 927 4376 1888
944 4340 972 4391 p.
992 4320 1103 4376 60-68,

168 4417 185 4470 2
205 4414 246 4470 Cf.
270 4414 390 4483 Tbcoloy.
411 4413 670 4480 letterotureettuop
689 4410 756 4465 1887
774 4428 802 4479 p.
818 4409 962 4464 147-151.
1005 4407 1273 4478 1111901000-

97 4504 194 4572 acbrr'ft
215 4502 283 4557 1888
301 4519 328 4570 p.
348 4500 460 4554 51—71.
498 4499 517 4552 l.
537 4501 570 4553 11
590 4497 748 4560 Robinson,
774 4497 802 4550 A
823 4496 955 4551 0011011011
973 4496 1007 4564 of
1022 4495 1065 4550 tbc
1082 4494 1169 4549 Athos
1186 4495 1275 4550 Codex

98 4592 130 4660 os
144 4591 188 4646 tbe
205 4587 343 4656 Sbcpbcrd
360 4587 393 4655 of
408 4587 529 4642 Hamae
549 4585 616 4641 1888
633 4603 661 4654 p.
680 4585 791 4638 25—29.
1037 4610 1040 4615 ·
