2834 5018
521 661 698 717 EPISTULA
715 662 774 727 Vll,
793 665 887 718 6-11.
1255 668 1294 732 61

116 849 228 919 aceio,
258 842 411 905 comedite
433 863 489 905 vos
513 842 588 916 soli,
623 844 697 906 dum
729 843 865 926 populus
894 843 1015 907 ieiunat
1044 848 1075 907 et
1106 843 1231 928 plangit
1264 842 1297 906 in

117 965 209 1007 sacco
233 949 267 1007 et
289 945 400 1020 cinere,
425 950 461 1008 ut
483 947 639 1023 ostendat,
673 946 759 1029 quod
780 951 925 1029 oporteat
948 968 1020 1010 enm
1042 946 1111 1029 pati
1133 967 1190 1028 per
1211 945 1293 1010 illos.

119 1049 146 1110 6.
172 1047 262 1123 Quae
285 1050 454 1132 praecepit,
480 1052 649 1115 attendite:
690 1053 817 1115 Sancite
846 1054 930 1115 dicos
959 1054 1071 1114 hircos
1096 1054 1234 1132 rncicroa
1264 1060 1298 1115 ei

118 1155 248 1216 similes
271 1162 304 1217 ei
326 1157 464 1235 offerte,
487 1164 520 1219 ei
542 1162 685 1237 accipiet
707 1159 866 1220 sacerdos
887 1176 988 1220 ursum
1010 1162 1046 1219 in
1068 1157 1294 1219 tabenensium

115 1278 175 1339 pro
205 1266 363 1339 peccatis.
411 1259 439 1321 7.
475 1259 524 1322 De
555 1259 655 1323 altero
686 1282 760 1323 vero
794 1261 869 1343 quid
902 1259 1044 1324 facient?
1088 1263 1321 1340 arabianae

117 1362 228 1444 nquit,
260 1383 355 1426 risina.
401 1362 582 1439 Attendite,
616 1388 679 1448 quo
709 1370 804 1449 paeto
827 1366 931 1448 figura
959 1364 1030 1429 lesu
1063 1365 1293 1429 manifestetur.

117 1468 146 1530 8.
179 1469 224 1531 Ei
246 1474 417 1549 conspicite
439 1472 534 1533 illuni
558 1490 671 1534 oniaco
694 1491 734 1533 ac
757 1474 925 1534 lancinata
948 1479 980 1533 ei
1002 1476 1160 1552 imponite
1183 1472 1294 1533 lanam

116 1579 303 1636 coccineam
325 1579 416 1637 circa
438 1585 537 1656 ccliiii
559 1582 642 1655 eius,
665 1585 699 1639 ei
720 1581 769 1638 sic
792 1581 826 1638 in
849 1577 1017 1639 desertum
1040 1581 1220 1638 emittatur.
1252 1574 1296 1638 Et

118 1698 188 1741 cnm
211 1678 259 1740 ita
281 1677 403 1741 factum
426 1679 530 1756 fuerit,
556 1680 609 1763 qui
636 1684 744 1763 portat
767 1679 899 1752 hircum,
925 1679 1053 1742 abducit
1077 1701 1148 1742 enm
1170 1679 1202 1742 in
1226 1699 1294 1742 ere·

117 1804 202 1845 mum
226 1786 258 1845 et
282 1782 388 1846 aufert
410 1785 449 1848 ab
472 1783 528 1847 illo
551 1784 658 1848 lanam
682 1790 713 1847 et
735 1783 827 1866 ponit
849 1804 919 1845 eam
942 1803 1037 1864 super
1059 1782 1215 1858 fruticem,
1240 1782 1294 1866 qni
1310 1799 1333 1836 1⁰

116 1890 248 1949 vocatur
270 1885 378 1962 nubea,
404 1888 490 1951 carius
514 1889 657 1972 germina
685 1889 720 1952 in
743 1889 828 1971 agris
851 1891 977 1970 reperta
1000 1887 1137 1951 solemus
1160 1888 1294 1951 mandu-

116 2012 207 2064 care:
243 1991 290 2054 sio
320 1991 418 2055 solius
447 1993 518 2055 rubi
543 1993 664 2056 fructus
688 1992 794 2058 duces
818 1996 899 2056 sunt.
946 1991 975 2054 9.
1010 1989 1092 2066 Quid
1115 1991 1213 2074 igitur
1235 1991 1295 2056 hoc

116 2100 184 2159 est?
230 2093 414 2160 Attendite:
454 2099 555 2160 labiim
588 2100 718 2178 quidem
750 2117 851 2179 asper
882 2099 1010 2175 aliare,
1043 2098 1186 2160 alienam
1217 2116 1294 2160 aero

116 2203 348 2279 resaledicimn,
380 2204 412 2264 et
435 2222 547 2283 quare,
581 2202 635 2283 qui
667 2201 854 2265 maledictus
877 2205 940 2274 est,
975 2202 1168 2264 coronatur?
1213 2198 1295 2275 Quia

115 2306 267 2369 videbunt
290 2327 361 2368 enm
384 2305 441 2368 illa
463 2306 512 2369 die
535 2306 705 2371 habentem
729 2304 811 2369 circa
826 2326 952 2368 carnem
966 2303 1100 2367 talarem
1115 2304 1292 2368 coccineam
1309 2332 1333 2368 n

115 2416 146 2473 et
170 2410 294 2473 dicent:
318 2409 432 2473 Nonne
455 2409 507 2473 hic
530 2415 587 2487 est,
612 2431 706 2494 quem
730 2432 787 2473 nos
804 2409 973 2491 aliqnando
991 2409 1182 2491 despectum,
1207 2429 1293 2473 com·

116 2520 271 2597 punctum
303 2519 336 2578 et
359 2519 547 2598 consputum
570 2514 806 2579 anicifiximus?
852 2509 936 2594 llere
959 2512 1014 2576 ille
1037 2516 1100 2589 est,
1133 2513 1188 2597 qui
1218 2518 1295 2579 tunc

115 2642 149 2683 se
172 2619 299 2682 dicebat
322 2641 390 2682 esse
413 2619 514 2682 filium
537 2619 595 2683 dei.
644 2621 693 2683 10.
730 2617 932 2702 Quantopere
963 2618 1047 2682 enim
1078 2618 1190 2682 similis
1222 2618 1294 2683 illi?

115 2724 190 2787 Ideo
214 2727 345 2787 sistriles
367 2727 488 2802 hircos,
508 2727 656 2806 pelleres,
678 2727 837 2803 eeqicales
858 2722 1049 2806 postularit,
1074 2727 1125 2798 ut,
1151 2745 1222 2788 cum
1245 2725 1293 2787 vi·

113 2830 217 2892 derint
241 2849 312 2891 eum
335 2832 411 2891 tunc
432 2828 624 2906 venientem,
655 2827 869 2910 percellantur
897 2827 934 2890 de
966 2828 1046 2892 hirci
1075 2828 1331 2892 similitudinem

114 2932 196 2996 l'ide
219 2932 320 3015 igitur
342 2933 478 3015 figuram
501 2932 571 2996 lesu
593 2934 728 3016 passuri.
777 2935 826 2997 11.
862 2931 964 3008 Quam
995 2934 1126 2998 obrem
1147 2955 1221 2998 vero
1243 2933 1292 2997 la·

114 3059 188 3100 nam
211 3037 245 3099 in
268 3035 372 3099 medio
396 3037 558 3119 spinarum
580 3042 728 3122 ponunt?
772 3037 808 3101 ld
839 3042 887 3102 est
918 3039 1022 3121 figura
1044 3037 1115 3101 Iesu
1144 3039 1293 3103 ecclesiae

186 3192 198 3243 1
219 3190 322 3244 Matth.
335 3189 377 3252 27,
391 3189 432 3243 34.
445 3190 486 3243 48.
507 3222 540 3231 -
557 3193 575 3245 4
594 3192 657 3245 Lev.
673 3193 712 3252 16.
727 3192 751 3244 ’1.
770 3190 794 3243 9.
818 3220 848 3231 -
866 3191 883 3244 6
901 3191 964 3244 Les.
982 3192 1020 3247 16.
1037 3192 1062 3244 8.
1084 3191 1123 3244 111.
1144 3221 1177 3231 -
1196 3193 1211 3245 ‘l
1231 3191 1292 3243 ⁶?-

118 3278 150 3332 14
169 3277 234 3331 Les.
257 3277 296 3337 16,
315 3276 339 3329 8.
360 3306 393 3316 -
411 3278 445 3330 20
463 3277 527 3331 Ler.
548 3279 587 3337 16.
607 3280 630 3332 7.

114 3402 193 3455 loma
206 3401 231 3460 6,
241 3400 313 3453 4-6
330 3398 465 3468 legimus:
484 3399 632 3469 Babylonii
646 3400 690 3454 vel
701 3415 705 3509 p
718 3400 755 3453 ad
773 3401 897 3453 montem
916 3400 991 3453 chk
1008 3400 1199 3470 perduxisset,
1224 3400 1293 3455 divi·

114 3486 315 3549 Alexandrini,
341 3491 373 3540 ut
392 3486 512 3540 Talmud
534 3485 950 3579 1011111661)ἰά131181111131111111
968 3488 1021 3557 (sio
1040 3488 1115 3542 enim
1132 3487 1293 3557 appellaba·

115 3576 263 3636 emendat,
290 3575 369 3628 hirco
398 3575 488 3627 crines
520 3572 765 3628 vellicabantltur
782 3575 856 3636 lana,
876 3574 1033 3642 quaehirci
1052 3574 1191 3629 emissarii
1205 3576 1293 3644 capiti

115 3665 286 3717 clamantes:
306 3660 644 3729 Sumetpeccatanostra)
662 3663 691 3713 et
702 3624 706 3717 1
719 3678 845 3731 appensa
863 3664 935 3731 erat)
955 3661 1126 3721 coccineam:
1147 3661 1293 3716 dimidium

116 3751 166 3804 exi
202 3746 340 3803 Nonnulli
353 3763 387 3799 ex
405 3747 579 3816 principibus
593 3748 690 3801 Hiero·
702 3722 705 3799 1
719 3749 756 3802 ad
774 3766 872 3817 rupem
890 3749 1035 3817 (nimirum
1053 3749 1083 3802 in
1101 3749 1211 3818 spinam
1226 3749 1293 3802 illuc

115 3838 239 3906 solymae
259 3834 435 3889 deducebant
465 3851 528 3887 eum
546 3851 636 3900 usque
655 3836 691 3889 od
702 3852 705 3913 g
718 3838 909 3904 crescentem),
930 3835 1076 3890 dimidium
1095 3836 1169 3889 inter
1187 3852 1293 3889 cornua

114 3926 272 3994 proximam
291 3938 393 3975 casam.
423 3921 512 3975 Erant
530 3926 624 3975 autem
645 3922 690 3976 de·
717 3923 790 3976 hirci
810 3920 948 3989 alligabat
961 3928 989 3978 et
1009 3922 1148 3977 deiciebat
1159 3940 1230 3976 eum.
1249 3921 1291 3976 Cf.

115 4028 173 4064 cem
194 4024 278 4062 casae
297 4024 386 4074 usque
405 4008 440 4061 ad
452 4008 527 4061 Zuck
545 4009 601 4077 (vel
613 3994 705 4067 mon-i
717 4009 784 4062 lust.
804 4008 874 4062 Dinl.
895 4026 917 4062 c.
936 4011 985 4072 40;
1012 4010 1087 4063 Tert.
1112 4009 1180 4062 Adv.
1207 4009 1292 4062 llere.

114 4102 169 4151 tem
190 4096 336 4163 arduum),
362 4112 417 4161 quo
437 4094 600 4148 ducebatur.
636 4096 690 4161 Qui
702 4096 704 4101 ’
717 4097 763 4153 111.
774 4100 804 4157 7;
818 4098 886 4150 Adv.
900 4096 959 4148 lud.
967 4113 989 4148 c.
1001 4097 1082 4150 14.-
1087 4095 1234 4168 βλαστούς]
1243 4096 1260 4148 1.
1268 4112 1290 4150 e.

115 4184 228 4237 measa
247 4186 342 4243 erant,
371 4180 548 4235 deducebant
572 4198 634 4235 eum
653 4182 690 4235 ad
702 4240 704 4249 ¹
718 4182 977 4252 germinamsensu
987 4181 1118 4251 ampliori
1130 4182 1291 4235 :fructus

114 4272 272 4338 proximam
291 4285 433 4337 quamque
452 4285 553 4321 casam.
587 4269 630 4323 Ab
648 4254 704 4322 ull
752 4271 776 4323 9.
795 4266 960 4339 disl=cun
989 4269 1030 4322 cf.
1049 4269 1074 4325 8.
1093 4270 1123 4330 ὃς
1152 4268 1191 4325 10.
1213 4272 1235 4323 l.
1258 4301 1293 4308 -

115 4357 184 4411 tima
203 4359 300 4410 autem
319 4373 384 4409 casa
403 4355 547 4420 usquead
567 4360 689 4409 montem
701 4374 704 4425 1
717 4355 822 4428 doceo-l
842 4356 883 4410 ef.
903 4355 1004 4408 Matth.
1024 4355 1064 4417 27,
1078 4356 1164 4409 29.-
1178 4359 1212 4426 n}
1230 4355 1292 4426 ὴμέ-

116 4444 233 4498 arduum
253 4461 334 4497 nemo
353 4460 416 4496 enm
441 4441 610 4502 deducebat;
641 4443 690 4495 sed
717 4443 763 4518 ρᾳ]
783 4460 819 4494 sc.
839 4441 944 4496 iudicii.
971 4473 1007 4481 -
1033 4446 1138 4514 ποδήρη
1155 4444 1226 4513 κτλ-1
1250 4442 1292 4497 Cf.

117 4533 213 4600 procul
232 4532 348 4585 stabant
369 4533 540 4598 spectantes,
561 4528 631 4595 qnid
649 4528 689 4580 fa·
701 4566 704 4571 -
716 4528 818 4582 1111111
837 4529 879 4592 ai,
898 4530 940 4584 28.
959 4530 1002 4583 311.
1029 4561 1064 4568 -
1093 4527 1205 4601 ἐροῦσιν
1221 4530 1291 4599 κτλ]

118 4623 197 4673 caret.
226 4616 343 4673 Baiulns
360 4631 428 4670 sero
445 4615 525 4677 hirci,
545 4632 608 4669 cum
627 4612 704 4669 eum}
718 4615 760 4669 cf.
779 4615 804 4668 Il
823 4615 909 4670 Clam.
929 4617 969 4679 l'l,
988 4617 1019 4679 ὅς
1039 4615 1103 4685 Sap.
1121 4617 1146 4677 5,
1166 4617 1242 4671 3-5.
