<?xml version="1.0" encoding="UTF-8"?>
<!DOCTYPE html PUBLIC "-//W3C//DTD XHTML 1.0 Transitional//EN"
    "http://www.w3.org/TR/xhtml1/DTD/xhtml1-transitional.dtd">
<html xmlns="http://www.w3.org/1999/xhtml" xml:lang="en" lang="en">
 <head>
  <title>
</title>
<meta http-equiv="Content-Type" content="text/html;charset=utf-8" />
  <meta name='ocr-system' content='tesseract 3.04.00' />
  <meta name='ocr-capabilities' content='ocr_page ocr_carea ocr_par ocr_line ocrx_word'/>
</head>
<body>
  <div class='ocr_page' id='page_1' title='image "./patresapostolic00piongoog_0548.png"; bbox 0 0 2834 5018; ppageno 0'>
   <div class='ocr_carea' id='block_1_1' title="bbox 336 673 1255 750">
    <p class='ocr_par' dir='ltr' id='par_1_1' title="bbox 336 673 1255 750">
     <span class='ocr_line' id='line_1_1' title="bbox 336 673 1255 750; baseline 0.009 -21"><span class='ocrx_word' id='word_1_1' title='bbox 336 673 656 731; x_wconf 78' lang='lat' dir='ltr'>PRESBY&#39;PERORUM</span> <span class='ocrx_word' id='word_1_2' title='bbox 673 675 870 742; x_wconf 83' lang='lat' dir='ltr'><strong>RELIQUIAE</strong></span> <span class='ocrx_word' id='word_1_3' title='bbox 889 677 996 732; x_wconf 81' lang='lat' dir='ltr'>Ill-V.</span> <span class='ocrx_word' id='word_1_4' title='bbox 1191 686 1255 750; x_wconf 84' lang='grc'>385</span> 
     </span>
    </p>
   </div>
   <div class='ocr_carea' id='block_1_2' title="bbox 76 855 1282 1464">
    <p class='ocr_par' dir='ltr' id='par_1_2' title="bbox 76 855 1282 1464">
     <span class='ocr_line' id='line_1_2' title="bbox 76 855 1255 945; baseline 0.005 -26"><span class='ocrx_word' id='word_1_5' title='bbox 76 857 207 920; x_wconf 89' lang='lat' dir='ltr'>ficiebat</span> <span class='ocrx_word' id='word_1_6' title='bbox 229 878 288 920; x_wconf 88' lang='lat' dir='ltr'>nos</span> <span class='ocrx_word' id='word_1_7' title='bbox 310 859 343 919; x_wconf 89' lang='lat' dir='ltr'>et</span> <span class='ocrx_word' id='word_1_8' title='bbox 365 855 506 920; x_wconf 89' lang='lat' dir='ltr'>dicebat:</span> <span class='ocrx_word' id='word_1_9' title='bbox 531 856 580 921; x_wconf 93' lang='lat' dir='ltr'>De</span> <span class='ocrx_word' id='word_1_10' title='bbox 602 856 652 920; x_wconf 89' lang='lat' dir='ltr'>his</span> <span class='ocrx_word' id='word_1_11' title='bbox 676 859 803 941; x_wconf 91' lang='lat' dir='ltr'>quidem</span> <span class='ocrx_word' id='word_1_12' title='bbox 820 858 951 936; x_wconf 89' lang='lat' dir='ltr'>delictis,</span> <span class='ocrx_word' id='word_1_13' title='bbox 976 860 1014 923; x_wconf 93' lang='lat' dir='ltr'>de</span> <span class='ocrx_word' id='word_1_14' title='bbox 1037 860 1151 943; x_wconf 89' lang='lat' dir='ltr'>quibus</span> <span class='ocrx_word' id='word_1_15' title='bbox 1165 860 1255 945; x_wconf 81' lang='lat' dir='ltr'>ipsae</span> 
     </span>
     <span class='ocr_line' id='line_1_3' title="bbox 78 959 1255 1049; baseline 0.005 -26"><span class='ocrx_word' id='word_1_16' title='bbox 78 961 254 1043; x_wconf 79' lang='lat' dir='ltr'>scripturae</span> <span class='ocrx_word' id='word_1_17' title='bbox 276 961 443 1045; x_wconf 90' lang='lat' dir='ltr'>increpant</span> <span class='ocrx_word' id='word_1_18' title='bbox 464 959 660 1045; x_wconf 80' lang='lat' dir='ltr'><strong>patriarchas</strong></span> <span class='ocrx_word' id='word_1_19' title='bbox 683 967 715 1025; x_wconf 90' lang='lat' dir='ltr'>et</span> <span class='ocrx_word' id='word_1_20' title='bbox 736 962 917 1046; x_wconf 79' lang='lat' dir='ltr'>prophetas,</span> <span class='ocrx_word' id='word_1_21' title='bbox 941 985 999 1028; x_wconf 92' lang='lat' dir='ltr'>nos</span> <span class='ocrx_word' id='word_1_22' title='bbox 1021 985 1085 1028; x_wconf 91' lang='lat' dir='ltr'>non</span> <span class='ocrx_word' id='word_1_23' title='bbox 1107 969 1255 1049; x_wconf 78' lang='lat' dir='ltr'>oportere</span> 
     </span>
     <span class='ocr_line' id='line_1_4' title="bbox 77 1063 1254 1151; baseline 0.005 -24"><span class='ocrx_word' id='word_1_24' title='bbox 77 1065 271 1146; x_wconf 82' lang='lat' dir='ltr'>exprobrare</span> <span class='ocrx_word' id='word_1_25' title='bbox 294 1064 357 1140; x_wconf 90' lang='lat' dir='ltr'>eis,</span> <span class='ocrx_word' id='word_1_26' title='bbox 390 1086 491 1148; x_wconf 91' lang='lat' dir='ltr'>neque</span> <span class='ocrx_word' id='word_1_27' title='bbox 514 1064 581 1127; x_wconf 89' lang='lat' dir='ltr'>fieri</span> <span class='ocrx_word' id='word_1_28' title='bbox 605 1063 723 1128; x_wconf 89' lang='lat' dir='ltr'>similes</span> <span class='ocrx_word' id='word_1_29' title='bbox 747 1063 860 1142; x_wconf 86' lang='lat' dir='ltr'>Cham,</span> <span class='ocrx_word' id='word_1_30' title='bbox 886 1066 940 1149; x_wconf 91' lang='lat' dir='ltr'>qui</span> <span class='ocrx_word' id='word_1_31' title='bbox 962 1067 1061 1130; x_wconf 77' lang='lat' dir='ltr'>irrisit</span> <span class='ocrx_word' id='word_1_32' title='bbox 1081 1068 1254 1151; x_wconf 90' lang='lat' dir='ltr'>turpitudi-</span> 
     </span>
     <span class='ocr_line' id='line_1_5' title="bbox 77 1168 1254 1259; baseline 0.006 -28"><span class='ocrx_word' id='word_1_33' title='bbox 77 1189 151 1231; x_wconf 86' lang='lat' dir='ltr'>nem</span> <span class='ocrx_word' id='word_1_34' title='bbox 172 1168 273 1250; x_wconf 90' lang='lat' dir='ltr'>patris</span> <span class='ocrx_word' id='word_1_35' title='bbox 307 1168 355 1231; x_wconf 88' lang='lat' dir='ltr'>sui</span> <span class='ocrx_word' id='word_1_36' title='bbox 378 1169 465 1232; x_wconf 90' lang='lat' dir='ltr'>etin</span> <span class='ocrx_word' id='word_1_37' title='bbox 487 1168 741 1232; x_wconf 89' lang='lat' dir='ltr'>maledictionem</span> <span class='ocrx_word' id='word_1_38' title='bbox 763 1168 895 1247; x_wconf 78' lang='lat' dir='ltr'>decidit,</span> <span class='ocrx_word' id='word_1_39' title='bbox 929 1171 984 1233; x_wconf 89' lang='lat' dir='ltr'>sed</span> <span class='ocrx_word' id='word_1_40' title='bbox 1008 1171 1127 1255; x_wconf 78' lang='lat' dir='ltr'>gratias</span> <span class='ocrx_word' id='word_1_41' title='bbox 1159 1195 1254 1259; x_wconf 80' lang='lat' dir='ltr'>agere</span> 
     </span>
     <span class='ocr_line' id='line_1_6' title="bbox 76 1271 1282 1355; baseline 0.007 -21"><span class='ocrx_word' id='word_1_42' title='bbox 76 1293 137 1355; x_wconf 91' lang='lat' dir='ltr'>pro</span> <span class='ocrx_word' id='word_1_43' title='bbox 160 1271 225 1335; x_wconf 90' lang='lat' dir='ltr'>illis</span> <span class='ocrx_word' id='word_1_44' title='bbox 248 1272 324 1347; x_wconf 91' lang='lat' dir='ltr'>deo,</span> <span class='ocrx_word' id='word_1_45' title='bbox 358 1272 507 1355; x_wconf 88' lang='lat' dir='ltr'>quoniam</span> <span class='ocrx_word' id='word_1_46' title='bbox 529 1271 562 1334; x_wconf 93' lang='lat' dir='ltr'>in</span> <span class='ocrx_word' id='word_1_47' title='bbox 590 1272 726 1335; x_wconf 87' lang='lat' dir='ltr'>adventu</span> <span class='ocrx_word' id='word_1_48' title='bbox 750 1273 868 1337; x_wconf 91' lang='lat' dir='ltr'>domini</span> <span class='ocrx_word' id='word_1_49' title='bbox 897 1275 995 1338; x_wconf 86' lang='lat' dir='ltr'>nostri</span> <span class='ocrx_word' id='word_1_50' title='bbox 1026 1276 1157 1340; x_wconf 88' lang='lat' dir='ltr'>remissa</span> <span class='ocrx_word' id='word_1_51' title='bbox 1180 1282 1282 1342; x_wconf 82' lang='lat' dir='ltr'>sunt⁶</span> 
     </span>
     <span class='ocr_line' id='line_1_7' title="bbox 76 1375 1255 1464; baseline 0.006 -26"><span class='ocrx_word' id='word_1_52' title='bbox 76 1375 124 1439; x_wconf 89' lang='lat' dir='ltr'>eis</span> <span class='ocrx_word' id='word_1_53' title='bbox 147 1381 296 1460; x_wconf 88' lang='lat' dir='ltr'>peccata:</span> <span class='ocrx_word' id='word_1_54' title='bbox 329 1380 361 1439; x_wconf 91' lang='lat' dir='ltr'>et</span> <span class='ocrx_word' id='word_1_55' title='bbox 384 1376 467 1439; x_wconf 87' lang='lat' dir='ltr'>enirn</span> <span class='ocrx_word' id='word_1_56' title='bbox 492 1375 565 1439; x_wconf 93' lang='lat' dir='ltr'>illos</span> <span class='ocrx_word' id='word_1_57' title='bbox 589 1375 713 1441; x_wconf 88' lang='lat' dir='ltr'>dicebat</span> <span class='ocrx_word' id='word_1_58' title='bbox 740 1377 861 1461; x_wconf 85' lang='lat' dir='ltr'>gratias</span> <span class='ocrx_word' id='word_1_59' title='bbox 892 1399 986 1462; x_wconf 83' lang='lat' dir='ltr'>agere</span> <span class='ocrx_word' id='word_1_60' title='bbox 1008 1383 1040 1443; x_wconf 90' lang='lat' dir='ltr'>et</span> <span class='ocrx_word' id='word_1_61' title='bbox 1068 1380 1199 1464; x_wconf 85' lang='lat' dir='ltr'>gloriari</span> <span class='ocrx_word' id='word_1_62' title='bbox 1221 1382 1255 1445; x_wconf 93' lang='lat' dir='ltr'>in</span> 
     </span>
    </p>
   </div>
   <div class='ocr_carea' id='block_1_3' title="bbox 75 1479 1294 2087">
    <p class='ocr_par' dir='ltr' id='par_1_3' title="bbox 75 1479 1294 1983">
     <span class='ocr_line' id='line_1_8' title="bbox 76 1479 1256 1569; baseline 0.007 -27"><span class='ocrx_word' id='word_1_63' title='bbox 76 1485 187 1543; x_wconf 89' lang='lat' dir='ltr'>nostra</span> <span class='ocrx_word' id='word_1_64' title='bbox 209 1479 320 1545; x_wconf 86' lang='lat' dir='ltr'>salute.</span> <span class='ocrx_word' id='word_1_65' title='bbox 368 1481 416 1544; x_wconf 93' lang='lat' dir='ltr'>De</span> <span class='ocrx_word' id='word_1_66' title='bbox 440 1480 555 1563; x_wconf 88' lang='lat' dir='ltr'>quibus</span> <span class='ocrx_word' id='word_1_67' title='bbox 579 1484 684 1544; x_wconf 90' lang='lat' dir='ltr'>autem</span> <span class='ocrx_word' id='word_1_68' title='bbox 707 1482 882 1566; x_wconf 88' lang='lat' dir='ltr'>scripturae</span> <span class='ocrx_word' id='word_1_69' title='bbox 905 1506 967 1548; x_wconf 91' lang='lat' dir='ltr'>non</span> <span class='ocrx_word' id='word_1_70' title='bbox 989 1485 1169 1569; x_wconf 89' lang='lat' dir='ltr'>increpant,</span> <span class='ocrx_word' id='word_1_71' title='bbox 1200 1486 1256 1550; x_wconf 91' lang='lat' dir='ltr'>sed</span> 
     </span>
     <span class='ocr_line' id='line_1_9' title="bbox 76 1584 1254 1670; baseline 0.007 -23"><span class='ocrx_word' id='word_1_72' title='bbox 76 1584 266 1668; x_wconf 88' lang='lat' dir='ltr'>simpliciter</span> <span class='ocrx_word' id='word_1_73' title='bbox 288 1592 362 1650; x_wconf 89' lang='lat' dir='ltr'>sunt</span> <span class='ocrx_word' id='word_1_74' title='bbox 384 1586 523 1670; x_wconf 87' lang='lat' dir='ltr'>positae,</span> <span class='ocrx_word' id='word_1_75' title='bbox 547 1607 605 1650; x_wconf 91' lang='lat' dir='ltr'>nos</span> <span class='ocrx_word' id='word_1_76' title='bbox 628 1607 690 1649; x_wconf 91' lang='lat' dir='ltr'>non</span> <span class='ocrx_word' id='word_1_77' title='bbox 714 1586 827 1650; x_wconf 90' lang='lat' dir='ltr'>debere</span> <span class='ocrx_word' id='word_1_78' title='bbox 849 1586 918 1651; x_wconf 88' lang='lat' dir='ltr'>fieri</span> <span class='ocrx_word' id='word_1_79' title='bbox 941 1593 1156 1666; x_wconf 81' lang='lat' dir='ltr'>accusatores3</span> <span class='ocrx_word' id='word_1_80' title='bbox 1190 1612 1254 1654; x_wconf 91' lang='lat' dir='ltr'>non</span> 
     </span>
     <span class='ocr_line' id='line_1_10' title="bbox 76 1689 1253 1779; baseline 0.006 -27"><span class='ocrx_word' id='word_1_81' title='bbox 76 1690 162 1753; x_wconf 90' lang='lat' dir='ltr'>enirn</span> <span class='ocrx_word' id='word_1_82' title='bbox 185 1711 292 1753; x_wconf 87' lang='lat' dir='ltr'>sumus</span> <span class='ocrx_word' id='word_1_83' title='bbox 316 1689 533 1773; x_wconf 81' lang='lat' dir='ltr'>diligentiores</span> <span class='ocrx_word' id='word_1_84' title='bbox 549 1691 616 1768; x_wconf 91' lang='lat' dir='ltr'>deo,</span> <span class='ocrx_word' id='word_1_85' title='bbox 641 1712 742 1773; x_wconf 90' lang='lat' dir='ltr'>neque</span> <span class='ocrx_word' id='word_1_86' title='bbox 765 1712 860 1775; x_wconf 85' lang='lat' dir='ltr'>super</span> <span class='ocrx_word' id='word_1_87' title='bbox 874 1693 1064 1776; x_wconf 82' lang='lat' dir='ltr'>magistrum</span> <span class='ocrx_word' id='word_1_88' title='bbox 1085 1716 1253 1779; x_wconf 88' lang='lat' dir='ltr'>possumus</span> 
     </span>
     <span class='ocr_line' id='line_1_11' title="bbox 75 1794 1294 1884; baseline 0.005 -26"><span class='ocrx_word' id='word_1_89' title='bbox 75 1815 156 1871; x_wconf 87' lang='lat' dir='ltr'>esse,</span> <span class='ocrx_word' id='word_1_90' title='bbox 173 1795 229 1859; x_wconf 91' lang='lat' dir='ltr'>sed</span> <span class='ocrx_word' id='word_1_91' title='bbox 250 1800 363 1878; x_wconf 83' lang='lat' dir='ltr'>typum</span> <span class='ocrx_word' id='word_1_92' title='bbox 378 1816 536 1878; x_wconf 87' lang='lat' dir='ltr'>quaerere.</span> <span class='ocrx_word' id='word_1_93' title='bbox 584 1794 674 1860; x_wconf 91' lang='lat' dir='ltr'>Nihil</span> <span class='ocrx_word' id='word_1_94' title='bbox 697 1794 780 1857; x_wconf 89' lang='lat' dir='ltr'>enim</span> <span class='ocrx_word' id='word_1_95' title='bbox 796 1794 933 1859; x_wconf 88' lang='lat' dir='ltr'>otiosum</span> <span class='ocrx_word' id='word_1_96' title='bbox 948 1802 997 1861; x_wconf 90' lang='lat' dir='ltr'>est</span> <span class='ocrx_word' id='word_1_97' title='bbox 1012 1819 1128 1876; x_wconf 89' lang='lat' dir='ltr'>eorum,</span> <span class='ocrx_word' id='word_1_98' title='bbox 1154 1814 1294 1884; x_wconf 90' lang='lat' dir='ltr'>quae-1⁰</span> 
     </span>
     <span class='ocr_line' id='line_1_12' title="bbox 76 1898 926 1983; baseline 0.001 -20"><span class='ocrx_word' id='word_1_99' title='bbox 76 1920 201 1982; x_wconf 89' lang='lat' dir='ltr'>cunque</span> <span class='ocrx_word' id='word_1_100' title='bbox 225 1898 450 1963; x_wconf 74' lang='lat' dir='ltr'>inaccusabilis</span> <span class='ocrx_word' id='word_1_101' title='bbox 471 1900 577 1983; x_wconf 88' lang='lat' dir='ltr'>posita</span> <span class='ocrx_word' id='word_1_102' title='bbox 600 1900 729 1964; x_wconf 91' lang='lat' dir='ltr'>suntin</span> <span class='ocrx_word' id='word_1_103' title='bbox 751 1900 926 1982; x_wconf 88' lang='lat' dir='ltr'>scripturis.</span> 
     </span>
    </p>

    <p class='ocr_par' dir='ltr' id='par_1_4' title="bbox 674 2015 1253 2087">
     <span class='ocr_line' id='line_1_13' title="bbox 674 2015 1253 2087; baseline 0.005 -18"><span class='ocrx_word' id='word_1_104' title='bbox 674 2017 755 2086; x_wconf 88' lang='lat' dir='ltr'>[lren.</span> <span class='ocrx_word' id='word_1_105' title='bbox 774 2015 819 2078; x_wconf 77' lang='lat' dir='ltr'>lv,</span> <span class='ocrx_word' id='word_1_106' title='bbox 839 2015 880 2078; x_wconf 83' lang='lat'>30,</span> <span class='ocrx_word' id='word_1_107' title='bbox 899 2018 916 2069; x_wconf 82' lang='lat'>4</span> <span class='ocrx_word' id='word_1_108' title='bbox 934 2017 978 2070; x_wconf 90' lang='lat' dir='ltr'>ed.</span> <span class='ocrx_word' id='word_1_109' title='bbox 997 2018 1111 2085; x_wconf 80' lang='lat' dir='ltr'>Harvey</span> <span class='ocrx_word' id='word_1_110' title='bbox 1129 2016 1162 2081; x_wconf 88' lang='lat' dir='ltr'>H,</span> <span class='ocrx_word' id='word_1_111' title='bbox 1181 2017 1253 2087; x_wconf 68' lang='lat' dir='ltr'>ati]</span> 
     </span>
    </p>
   </div>
   <div class='ocr_carea' id='block_1_4' title="bbox 637 2177 692 2242">
    <p class='ocr_par' dir='ltr' id='par_1_5' title="bbox 637 2177 692 2242">
     <span class='ocr_line' id='line_1_14' title="bbox 637 2177 692 2242; baseline 0 -1"><span class='ocrx_word' id='word_1_112' title='bbox 637 2177 692 2242; x_wconf 92' lang='lat' dir='ltr'>IV.</span> 
     </span>
    </p>
   </div>
   <div class='ocr_carea' id='block_1_5' title="bbox 75 2316 1292 3007">
    <p class='ocr_par' dir='ltr' id='par_1_6' title="bbox 75 2316 1292 3007">
     <span class='ocr_line' id='line_1_15' title="bbox 166 2316 1254 2404; baseline 0.001 -24"><span class='ocrx_word' id='word_1_113' title='bbox 166 2316 356 2381; x_wconf 88' lang='lat' dir='ltr'>Huiusmodi</span> <span class='ocrx_word' id='word_1_114' title='bbox 385 2340 510 2404; x_wconf 90' lang='lat' dir='ltr'>quoque</span> <span class='ocrx_word' id='word_1_115' title='bbox 540 2318 578 2382; x_wconf 92' lang='lat' dir='ltr'>de</span> <span class='ocrx_word' id='word_1_116' title='bbox 611 2318 732 2382; x_wconf 90' lang='lat' dir='ltr'>duobus</span> <span class='ocrx_word' id='word_1_117' title='bbox 761 2316 959 2382; x_wconf 87' lang='lat' dir='ltr'>testamentis</span> <span class='ocrx_word' id='word_1_118' title='bbox 988 2316 1130 2380; x_wconf 86' lang='lat' dir='ltr'>senior</span> <span class='ocrx_word' id='word_1_119' title='bbox 1157 2338 1254 2399; x_wconf 89' lang='lat' dir='ltr'>apo-</span> 
     </span>
     <span class='ocr_line' id='line_1_16' title="bbox 75 2420 1255 2505; baseline 0 -21"><span class='ocrx_word' id='word_1_120' title='bbox 75 2421 289 2485; x_wconf 88' lang='lat' dir='ltr'>stolorum</span> <span class='ocrx_word' id='word_1_121' title='bbox 312 2421 549 2505; x_wconf 89' lang='lat' dir='ltr'>discipulus</span> <span class='ocrx_word' id='word_1_122' title='bbox 573 2421 768 2504; x_wconf 87' lang='lat' dir='ltr'>disputabat,</span> <span class='ocrx_word' id='word_1_123' title='bbox 793 2420 833 2485; x_wconf 90' lang='lat' dir='ltr'>ab</span> <span class='ocrx_word' id='word_1_124' title='bbox 856 2441 919 2484; x_wconf 88' lang='lat' dir='ltr'>nno</span> <span class='ocrx_word' id='word_1_125' title='bbox 943 2420 1068 2502; x_wconf 89' lang='lat' dir='ltr'>quidem</span> <span class='ocrx_word' id='word_1_126' title='bbox 1091 2423 1123 2483; x_wconf 89' lang='lat' dir='ltr'>et</span> <span class='ocrx_word' id='word_1_127' title='bbox 1145 2420 1255 2484; x_wconf 89' lang='lat' dir='ltr'>eodem</span> 
     </span>
     <span class='ocr_line' id='line_1_17' title="bbox 76 2523 1292 2610; baseline -0.001 -21"><span class='ocrx_word' id='word_1_128' title='bbox 76 2526 135 2589; x_wconf 90' lang='lat' dir='ltr'>deo</span> <span class='ocrx_word' id='word_1_129' title='bbox 159 2530 293 2610; x_wconf 87' lang='lat' dir='ltr'>utraque</span> <span class='ocrx_word' id='word_1_130' title='bbox 322 2527 499 2590; x_wconf 87' lang='lat' dir='ltr'>ostendens.</span> <span class='ocrx_word' id='word_1_131' title='bbox 545 2524 613 2589; x_wconf 90' lang='lat' dir='ltr'>Nec</span> <span class='ocrx_word' id='word_1_132' title='bbox 635 2525 719 2588; x_wconf 92' lang='lat' dir='ltr'>enim</span> <span class='ocrx_word' id='word_1_133' title='bbox 751 2546 819 2590; x_wconf 90' lang='lat' dir='ltr'>esse</span> <span class='ocrx_word' id='word_1_134' title='bbox 842 2523 977 2588; x_wconf 89' lang='lat' dir='ltr'>alterum</span> <span class='ocrx_word' id='word_1_135' title='bbox 1005 2525 1097 2588; x_wconf 91' lang='lat' dir='ltr'>deum</span> <span class='ocrx_word' id='word_1_136' title='bbox 1126 2528 1252 2608; x_wconf 89' lang='lat' dir='ltr'>praeter</span> <span class='ocrx_word' id='word_1_137' title='bbox 1267 2540 1292 2578; x_wconf 75' lang='lat'>1⁶</span> 
     </span>
     <span class='ocr_line' id='line_1_18' title="bbox 77 2626 1253 2714; baseline 0 -22"><span class='ocrx_word' id='word_1_138' title='bbox 77 2652 159 2705; x_wconf 88' lang='lat' dir='ltr'>eum,</span> <span class='ocrx_word' id='word_1_139' title='bbox 186 2631 240 2714; x_wconf 91' lang='lat' dir='ltr'>qui</span> <span class='ocrx_word' id='word_1_140' title='bbox 262 2630 338 2694; x_wconf 88' lang='lat' dir='ltr'>fecit</span> <span class='ocrx_word' id='word_1_141' title='bbox 361 2635 392 2694; x_wconf 90' lang='lat' dir='ltr'>et</span> <span class='ocrx_word' id='word_1_142' title='bbox 415 2628 586 2713; x_wconf 86' lang='lat' dir='ltr'>plasmavit</span> <span class='ocrx_word' id='word_1_143' title='bbox 607 2650 682 2705; x_wconf 92' lang='lat' dir='ltr'>nos,</span> <span class='ocrx_word' id='word_1_144' title='bbox 705 2649 763 2691; x_wconf 90' lang='lat' dir='ltr'>nec</span> <span class='ocrx_word' id='word_1_145' title='bbox 786 2626 969 2691; x_wconf 87' lang='lat' dir='ltr'>firmitatem</span> <span class='ocrx_word' id='word_1_146' title='bbox 991 2627 1109 2692; x_wconf 88' lang='lat' dir='ltr'>habere</span> <span class='ocrx_word' id='word_1_147' title='bbox 1132 2648 1253 2692; x_wconf 90' lang='lat' dir='ltr'>sermo·</span> 
     </span>
     <span class='ocr_line' id='line_1_19' title="bbox 75 2733 1253 2819; baseline 0 -22"><span class='ocrx_word' id='word_1_148' title='bbox 75 2756 150 2797; x_wconf 91' lang='lat' dir='ltr'>nem</span> <span class='ocrx_word' id='word_1_149' title='bbox 172 2754 289 2811; x_wconf 90' lang='lat' dir='ltr'>eorum,</span> <span class='ocrx_word' id='word_1_150' title='bbox 315 2735 369 2819; x_wconf 91' lang='lat' dir='ltr'>qui</span> <span class='ocrx_word' id='word_1_151' title='bbox 392 2735 516 2805; x_wconf 89' lang='lat' dir='ltr'>dicunt,</span> <span class='ocrx_word' id='word_1_152' title='bbox 548 2740 603 2798; x_wconf 92' lang='lat' dir='ltr'>aut</span> <span class='ocrx_word' id='word_1_153' title='bbox 623 2755 681 2817; x_wconf 89' lang='lat' dir='ltr'>per</span> <span class='ocrx_word' id='word_1_154' title='bbox 704 2733 834 2817; x_wconf 85' lang='lat' dir='ltr'>angelos</span> <span class='ocrx_word' id='word_1_155' title='bbox 865 2737 920 2797; x_wconf 90' lang='lat' dir='ltr'>aut</span> <span class='ocrx_word' id='word_1_156' title='bbox 941 2755 999 2817; x_wconf 90' lang='lat' dir='ltr'>per</span> <span class='ocrx_word' id='word_1_157' title='bbox 1022 2733 1117 2798; x_wconf 86' lang='lat' dir='ltr'>aliam</span> <span class='ocrx_word' id='word_1_158' title='bbox 1140 2755 1253 2818; x_wconf 84' lang='lat' dir='ltr'>quam-</span> 
     </span>
     <span class='ocr_line' id='line_1_20' title="bbox 76 2837 1254 2923; baseline 0.002 -23"><span class='ocrx_word' id='word_1_159' title='bbox 76 2837 157 2901; x_wconf 89' lang='lat' dir='ltr'>libet</span> <span class='ocrx_word' id='word_1_160' title='bbox 178 2838 328 2902; x_wconf 79' lang='lat' dir='ltr'>virtutem</span> <span class='ocrx_word' id='word_1_161' title='bbox 352 2843 407 2903; x_wconf 89' lang='lat' dir='ltr'>aut</span> <span class='ocrx_word' id='word_1_162' title='bbox 430 2840 469 2902; x_wconf 87' lang='lat' dir='ltr'>ab</span> <span class='ocrx_word' id='word_1_163' title='bbox 494 2838 557 2902; x_wconf 86' lang='lat' dir='ltr'>alio</span> <span class='ocrx_word' id='word_1_164' title='bbox 581 2840 639 2902; x_wconf 91' lang='lat' dir='ltr'>deo</span> <span class='ocrx_word' id='word_1_165' title='bbox 662 2838 782 2902; x_wconf 85' lang='lat' dir='ltr'>factum</span> <span class='ocrx_word' id='word_1_166' title='bbox 806 2858 873 2900; x_wconf 88' lang='lat' dir='ltr'>esse</span> <span class='ocrx_word' id='word_1_167' title='bbox 896 2837 980 2901; x_wconf 91' lang='lat' dir='ltr'>hunc</span> <span class='ocrx_word' id='word_1_168' title='bbox 1002 2838 1167 2916; x_wconf 86' lang='lat' dir='ltr'>mundum,</span> <span class='ocrx_word' id='word_1_169' title='bbox 1200 2838 1254 2923; x_wconf 92' lang='lat' dir='ltr'>qui</span> 
     </span>
     <span class='ocr_line' id='line_1_21' title="bbox 75 2943 408 3007; baseline 0.006 -2"><span class='ocrx_word' id='word_1_170' title='bbox 75 2945 125 3005; x_wconf 86' lang='lat' dir='ltr'>est</span> <span class='ocrx_word' id='word_1_171' title='bbox 146 2943 318 3007; x_wconf 90' lang='lat' dir='ltr'>secundum</span> <span class='ocrx_word' id='word_1_172' title='bbox 340 2965 408 3007; x_wconf 81' lang='lat' dir='ltr'>nos</span> 
     </span>
    </p>
   </div>
   <div class='ocr_carea' id='block_1_6' title="bbox 646 3060 1295 3283">
    <p class='ocr_par' dir='ltr' id='par_1_7' title="bbox 646 3060 1295 3283">
     <span class='ocr_line' id='line_1_22' title="bbox 670 3060 1253 3133; baseline 0.003 -19"><span class='ocrx_word' id='word_1_173' title='bbox 670 3061 750 3131; x_wconf 84' lang='lat' dir='ltr'>[Iron</span> <span class='ocrx_word' id='word_1_174' title='bbox 771 3062 818 3123; x_wconf 86' lang='lat' dir='ltr'>IV,</span> <span class='ocrx_word' id='word_1_175' title='bbox 838 3061 879 3125; x_wconf 82' lang='lat'>32,</span> <span class='ocrx_word' id='word_1_176' title='bbox 901 3063 914 3116; x_wconf 85' lang='lat'>1</span> <span class='ocrx_word' id='word_1_177' title='bbox 936 3061 978 3113; x_wconf 87' lang='lat' dir='ltr'>ed.</span> <span class='ocrx_word' id='word_1_178' title='bbox 997 3060 1109 3129; x_wconf 74' lang='lat' dir='ltr'>Haruey</span> <span class='ocrx_word' id='word_1_179' title='bbox 1126 3062 1160 3124; x_wconf 93' lang='grc' dir='ltr'>ΙΙ,</span> <span class='ocrx_word' id='word_1_180' title='bbox 1182 3062 1253 3133; x_wconf 60' lang='grc'>254]</span> 
     </span>
     <span class='ocr_line' id='line_1_23' title="bbox 646 3220 1295 3283; baseline 0 -10"><span class='ocrx_word' id='word_1_181' title='bbox 646 3220 685 3283; x_wconf 79' lang='lat' dir='ltr'>V,</span> <span class='ocrx_word' id='word_1_182' title='bbox 1268 3235 1295 3273; x_wconf 80' lang='lat' dir='ltr'>ao</span> 
     </span>
    </p>
   </div>
   <div class='ocr_carea' id='block_1_7' title="bbox 75 3357 1253 3549">
    <p class='ocr_par' dir='ltr' id='par_1_8' title="bbox 75 3357 1253 3549">
     <span class='ocr_line' id='line_1_24' title="bbox 165 3357 1253 3443; baseline 0.004 -21"><span class='ocrx_word' id='word_1_183' title='bbox 165 3357 245 3434; x_wconf 81' lang='lat' dir='ltr'>Quia</span> <span class='ocrx_word' id='word_1_184' title='bbox 269 3364 375 3424; x_wconf 88' lang='lat' dir='ltr'>autem</span> <span class='ocrx_word' id='word_1_185' title='bbox 394 3359 487 3424; x_wconf 85' lang='lat' dir='ltr'>XXX</span> <span class='ocrx_word' id='word_1_186' title='bbox 510 3380 662 3423; x_wconf 87' lang='lat' dir='ltr'>annorum</span> <span class='ocrx_word' id='word_1_187' title='bbox 685 3363 773 3422; x_wconf 87' lang='lat' dir='ltr'>aetas</span> <span class='ocrx_word' id='word_1_188' title='bbox 796 3360 900 3443; x_wconf 87' lang='lat' dir='ltr'>prima</span> <span class='ocrx_word' id='word_1_189' title='bbox 921 3361 1036 3426; x_wconf 89' lang='lat' dir='ltr'>indolis</span> <span class='ocrx_word' id='word_1_190' title='bbox 1060 3367 1108 3425; x_wconf 92' lang='lat' dir='ltr'>est</span> <span class='ocrx_word' id='word_1_191' title='bbox 1130 3361 1253 3426; x_wconf 88' lang='lat' dir='ltr'>iuvenis</span> 
     </span>
     <span class='ocr_line' id='line_1_25' title="bbox 75 3463 1252 3549; baseline 0.004 -24"><span class='ocrx_word' id='word_1_192' title='bbox 75 3468 107 3526; x_wconf 90' lang='lat' dir='ltr'>et</span> <span class='ocrx_word' id='word_1_193' title='bbox 131 3464 310 3528; x_wconf 83' lang='lat' dir='ltr'>extenditur</span> <span class='ocrx_word' id='word_1_194' title='bbox 331 3486 430 3549; x_wconf 90' lang='lat' dir='ltr'>usque</span> <span class='ocrx_word' id='word_1_195' title='bbox 455 3465 494 3528; x_wconf 86' lang='lat' dir='ltr'>ad</span> <span class='ocrx_word' id='word_1_196' title='bbox 518 3463 572 3528; x_wconf 88' lang='lat' dir='ltr'>XL</span> <span class='ocrx_word' id='word_1_197' title='bbox 594 3486 724 3539; x_wconf 89' lang='lat' dir='ltr'>annum,</span> <span class='ocrx_word' id='word_1_198' title='bbox 750 3466 853 3529; x_wconf 89' lang='lat' dir='ltr'>omnis</span> <span class='ocrx_word' id='word_1_199' title='bbox 878 3465 1011 3549; x_wconf 85' lang='lat' dir='ltr'>quilibet</span> <span class='ocrx_word' id='word_1_200' title='bbox 1033 3466 1252 3542; x_wconf 72' lang='lat' dir='ltr'>confitebitur,</span> 
     </span>
    </p>
   </div>
   <div class='ocr_carea' id='block_1_8' title="bbox 145 3614 688 3680">
    <p class='ocr_par' dir='ltr' id='par_1_9' title="bbox 145 3614 688 3680">
     <span class='ocr_line' id='line_1_26' title="bbox 145 3614 688 3680; baseline -0.002 -12"><span class='ocrx_word' id='word_1_201' title='bbox 145 3616 161 3667; x_wconf 87' lang='grc'>3</span> <span class='ocrx_word' id='word_1_202' title='bbox 181 3614 249 3669; x_wconf 81' lang='lat' dir='ltr'>Gen.</span> <span class='ocrx_word' id='word_1_203' title='bbox 269 3617 293 3680; x_wconf 87' lang='grc'>9,</span> <span class='ocrx_word' id='word_1_204' title='bbox 312 3617 353 3670; x_wconf 80' lang='lat'>22.</span> <span class='ocrx_word' id='word_1_205' title='bbox 372 3647 408 3654; x_wconf 96' lang='lat'>-</span> <span class='ocrx_word' id='word_1_206' title='bbox 427 3616 444 3669; x_wconf 91' lang='grc'>9</span> <span class='ocrx_word' id='word_1_207' title='bbox 462 3614 564 3669; x_wconf 71' lang='lat' dir='ltr'>Matre.</span> <span class='ocrx_word' id='word_1_208' title='bbox 585 3616 625 3679; x_wconf 90' lang='lat'>10,</span> <span class='ocrx_word' id='word_1_209' title='bbox 644 3616 688 3669; x_wconf 77' lang='lat'>24.</span> 
     </span>
    </p>
   </div>
   <div class='ocr_carea' id='block_1_9' title="bbox 70 3754 1257 4699">
    <p class='ocr_par' dir='ltr' id='par_1_10' title="bbox 70 3754 1257 4699">
     <span class='ocr_line' id='line_1_27' title="bbox 74 3754 1253 3828; baseline 0.005 -19"><span class='ocrx_word' id='word_1_210' title='bbox 74 3755 232 3809; x_wconf 85' lang='lat' dir='ltr'>clarissime</span> <span class='ocrx_word' id='word_1_211' title='bbox 245 3754 419 3818; x_wconf 84' lang='lat' dir='ltr'>manifestat,</span> <span class='ocrx_word' id='word_1_212' title='bbox 432 3772 462 3809; x_wconf 85' lang='lat' dir='ltr'>ee</span> <span class='ocrx_word' id='word_1_213' title='bbox 474 3772 532 3809; x_wconf 92' lang='lat' dir='ltr'>non</span> <span class='ocrx_word' id='word_1_214' title='bbox 550 3756 652 3808; x_wconf 87' lang='lat' dir='ltr'>librum</span> <span class='ocrx_word' id='word_1_215' title='bbox 663 3758 666 3781; x_wconf 84' lang='lat'><strong>¹</strong></span> <span class='ocrx_word' id='word_1_216' title='bbox 678 3755 733 3809; x_wconf 86' lang='lat' dir='ltr'>illis</span> <span class='ocrx_word' id='word_1_217' title='bbox 752 3757 862 3811; x_wconf 90' lang='lat' dir='ltr'>duobus</span> <span class='ocrx_word' id='word_1_218' title='bbox 886 3758 962 3811; x_wconf 88' lang='lat' dir='ltr'>haud</span> <span class='ocrx_word' id='word_1_219' title='bbox 980 3756 1064 3810; x_wconf 91' lang='lat' dir='ltr'>dubie</span> <span class='ocrx_word' id='word_1_220' title='bbox 1090 3758 1217 3828; x_wconf 85' lang='lat' dir='ltr'>scripsit:</span> <span class='ocrx_word' id='word_1_221' title='bbox 1235 3758 1253 3816; x_wconf 82' lang='lat' dir='ltr'>d</span> 
     </span>
     <span class='ocr_line' id='line_1_28' title="bbox 73 3841 1254 3918; baseline 0.003 -22"><span class='ocrx_word' id='word_1_222' title='bbox 73 3843 240 3904; x_wconf 86' lang='lat' dir='ltr'>exscribere,</span> <span class='ocrx_word' id='word_1_223' title='bbox 260 3841 310 3895; x_wconf 88' lang='lat' dir='ltr'>sed</span> <span class='ocrx_word' id='word_1_224' title='bbox 322 3857 464 3895; x_wconf 85' lang='lat' dir='ltr'>sermones</span> <span class='ocrx_word' id='word_1_225' title='bbox 483 3843 574 3896; x_wconf 88' lang='lat' dir='ltr'>orales</span> <span class='ocrx_word' id='word_1_226' title='bbox 591 3841 652 3895; x_wconf 91' lang='lat' dir='ltr'>red·</span> <span class='ocrx_word' id='word_1_227' title='bbox 678 3844 833 3918; x_wconf 77' lang='grc' dir='ltr'><em>πρεσβύτης</em></span> <span class='ocrx_word' id='word_1_228' title='bbox 862 3845 909 3909; x_wconf 88' lang='lat' dir='ltr'>(ct&#39;.</span> <span class='ocrx_word' id='word_1_229' title='bbox 928 3846 998 3898; x_wconf 86' lang='lat' dir='ltr'>Adv.</span> <span class='ocrx_word' id='word_1_230' title='bbox 1022 3844 1098 3897; x_wconf 89' lang='lat' dir='ltr'>haer.</span> <span class='ocrx_word' id='word_1_231' title='bbox 1116 3843 1137 3908; x_wconf 94' lang='grc' dir='ltr'>Ι,</span> <span class='ocrx_word' id='word_1_232' title='bbox 1158 3846 1198 3909; x_wconf 85' lang='grc'>15,</span> <span class='ocrx_word' id='word_1_233' title='bbox 1217 3845 1254 3912; x_wconf 88' lang='grc'>6),</span> 
     </span>
     <span class='ocr_line' id='line_1_29' title="bbox 73 3928 1255 4004; baseline 0.003 -22"><span class='ocrx_word' id='word_1_234' title='bbox 73 3933 149 3985; x_wconf 84' lang='lat' dir='ltr'>dere.</span> <span class='ocrx_word' id='word_1_235' title='bbox 171 3961 202 3970; x_wconf 89' lang='lat'><em>-</em></span> <span class='ocrx_word' id='word_1_236' title='bbox 222 3930 256 3982; x_wconf 89' lang='lat' dir='ltr'>de</span> <span class='ocrx_word' id='word_1_237' title='bbox 276 3928 415 3999; x_wconf 83' lang='lat' dir='ltr'>antiquis]</span> <span class='ocrx_word' id='word_1_238' title='bbox 441 3929 459 3982; x_wconf 88' lang='lat' dir='ltr'>i.</span> <span class='ocrx_word' id='word_1_239' title='bbox 479 3946 502 3983; x_wconf 89' lang='lat' dir='ltr'>c.</span> <span class='ocrx_word' id='word_1_240' title='bbox 524 3934 588 4004; x_wconf 76' lang='grc' dir='ltr'>περὶ</span> <span class='ocrx_word' id='word_1_241' title='bbox 605 3928 652 4003; x_wconf 77' lang='lat' dir='ltr'>dp-</span> <span class='ocrx_word' id='word_1_242' title='bbox 680 3935 712 3985; x_wconf 89' lang='lat' dir='ltr'>ut</span> <span class='ocrx_word' id='word_1_243' title='bbox 730 3932 910 4002; x_wconf 80' lang='lat' dir='ltr'>significaret,</span> <span class='ocrx_word' id='word_1_244' title='bbox 923 3932 1120 4001; x_wconf 87' lang='lat' dir='ltr'>presbyterum</span> <span class='ocrx_word' id='word_1_245' title='bbox 1133 3948 1166 3986; x_wconf 90' lang='lat' dir='ltr'>eo</span> <span class='ocrx_word' id='word_1_246' title='bbox 1185 3933 1255 3985; x_wconf 88' lang='lat' dir='ltr'>tem-</span> 
     </span>
     <span class='ocr_line' id='line_1_30' title="bbox 70 4016 1254 4091; baseline 0 -18"><span class='ocrx_word' id='word_1_247' title='bbox 70 4020 168 4091; x_wconf 76' lang='grc' dir='ltr'>χαίων,</span> <span class='ocrx_word' id='word_1_248' title='bbox 189 4034 226 4069; x_wconf 90' lang='lat' dir='ltr'>sc.</span> <span class='ocrx_word' id='word_1_249' title='bbox 247 4018 280 4069; x_wconf 91' lang='lat' dir='ltr'>de</span> <span class='ocrx_word' id='word_1_250' title='bbox 299 4016 367 4070; x_wconf 90' lang='lat' dir='ltr'>viris</span> <span class='ocrx_word' id='word_1_251' title='bbox 386 4018 418 4071; x_wconf 86' lang='lat' dir='ltr'>V.</span> <span class='ocrx_word' id='word_1_252' title='bbox 439 4017 469 4070; x_wconf 90' lang='grc' dir='ltr'>Τ.</span> <span class='ocrx_word' id='word_1_253' title='bbox 678 4035 762 4089; x_wconf 88' lang='lat' dir='ltr'>pore,</span> <span class='ocrx_word' id='word_1_254' title='bbox 792 4036 847 4086; x_wconf 90' lang='lat' dir='ltr'>quo</span> <span class='ocrx_word' id='word_1_255' title='bbox 876 4036 938 4073; x_wconf 90' lang='lat' dir='ltr'>enm</span> <span class='ocrx_word' id='word_1_256' title='bbox 973 4018 1123 4080; x_wconf 86' lang='lat' dir='ltr'>audiebat,</span> <span class='ocrx_word' id='word_1_257' title='bbox 1159 4035 1254 4073; x_wconf 86' lang='lat' dir='ltr'>senem</span> 
     </span>
     <span class='ocr_line' id='line_1_31' title="bbox 110 4104 773 4175; baseline -0.002 -16"><span class='ocrx_word' id='word_1_258' title='bbox 110 4106 157 4159; x_wconf 87' lang='lat' dir='ltr'>IV.</span> <span class='ocrx_word' id='word_1_259' title='bbox 178 4105 473 4172; x_wconf 83' lang='lat' dir='ltr'>seniorupostolorrmr</span> <span class='ocrx_word' id='word_1_260' title='bbox 487 4104 652 4175; x_wconf 89' lang='lat' dir='ltr'>discipulus]</span> <span class='ocrx_word' id='word_1_261' title='bbox 679 4106 773 4160; x_wconf 85' lang='lat' dir='ltr'>fuisse.</span> 
     </span>
     <span class='ocr_line' id='line_1_32' title="bbox 75 4191 1257 4262; baseline 0 -15"><span class='ocrx_word' id='word_1_262' title='bbox 75 4193 117 4247; x_wconf 81' lang='lat' dir='ltr'>Cf.</span> <span class='ocrx_word' id='word_1_263' title='bbox 139 4193 248 4262; x_wconf 77' lang='lat' dir='ltr'>Fragm.</span> <span class='ocrx_word' id='word_1_264' title='bbox 269 4191 289 4255; x_wconf 91' lang='grc' dir='ltr'>Ι,</span> <span class='ocrx_word' id='word_1_265' title='bbox 311 4196 323 4246; x_wconf 94' lang='lat' dir='ltr'>l</span> <span class='ocrx_word' id='word_1_266' title='bbox 344 4195 401 4245; x_wconf 90' lang='lat' dir='ltr'>not.</span> <span class='ocrx_word' id='word_1_267' title='bbox 422 4192 652 4247; x_wconf 85' lang='lat' dir='ltr'>Animadverten-</span> <span class='ocrx_word' id='word_1_268' title='bbox 714 4191 746 4246; x_wconf 87' lang='lat' dir='ltr'>V.</span> <span class='ocrx_word' id='word_1_269' title='bbox 774 4193 906 4248; x_wconf 84' lang='lat' dir='ltr'>irenaeus</span> <span class='ocrx_word' id='word_1_270' title='bbox 933 4194 1001 4246; x_wconf 89' lang='lat' dir='ltr'>Adv.</span> <span class='ocrx_word' id='word_1_271' title='bbox 1029 4192 1105 4245; x_wconf 85' lang='lat' dir='ltr'>haer.</span> <span class='ocrx_word' id='word_1_272' title='bbox 1126 4192 1159 4255; x_wconf 82' lang='grc' dir='ltr'>ΙΙ,</span> <span class='ocrx_word' id='word_1_273' title='bbox 1178 4193 1257 4256; x_wconf 80' lang='grc'>22,4</span> 
     </span>
     <span class='ocr_line' id='line_1_33' title="bbox 73 4277 1256 4349; baseline 0 -16"><span class='ocrx_word' id='word_1_274' title='bbox 73 4281 141 4333; x_wconf 90' lang='lat' dir='ltr'>dnm</span> <span class='ocrx_word' id='word_1_275' title='bbox 161 4283 219 4342; x_wconf 84' lang='lat' dir='ltr'>est,</span> <span class='ocrx_word' id='word_1_276' title='bbox 248 4284 371 4333; x_wconf 80' lang='lat' dir='ltr'>veterem</span> <span class='ocrx_word' id='word_1_277' title='bbox 396 4280 581 4349; x_wconf 86' lang='lat' dir='ltr'>interpretem</span> <span class='ocrx_word' id='word_1_278' title='bbox 598 4280 652 4334; x_wconf 91' lang='lat' dir='ltr'>hoc</span> <span class='ocrx_word' id='word_1_279' title='bbox 679 4281 813 4335; x_wconf 88' lang='lat' dir='ltr'>discemit</span> <span class='ocrx_word' id='word_1_280' title='bbox 838 4283 946 4335; x_wconf 85' lang='lat' dir='ltr'>aetates</span> <span class='ocrx_word' id='word_1_281' title='bbox 965 4277 1129 4343; x_wconf 85' lang='lat' dir='ltr'>infantium,</span> <span class='ocrx_word' id='word_1_282' title='bbox 1154 4294 1256 4348; x_wconf 82' lang='lat' dir='ltr'>parvu-</span> 
     </span>
     <span class='ocr_line' id='line_1_34' title="bbox 73 4366 1254 4437; baseline -0.001 -17"><span class='ocrx_word' id='word_1_283' title='bbox 73 4367 137 4420; x_wconf 92' lang='lat' dir='ltr'>loco</span> <span class='ocrx_word' id='word_1_284' title='bbox 159 4369 187 4420; x_wconf 92' lang='lat' dir='ltr'>et</span> <span class='ocrx_word' id='word_1_285' title='bbox 196 4366 305 4437; x_wconf 78' lang='lat' dir='ltr'>Fragm.</span> <span class='ocrx_word' id='word_1_286' title='bbox 317 4366 337 4429; x_wconf 93' lang='lat' dir='ltr'>l,</span> <span class='ocrx_word' id='word_1_287' title='bbox 350 4369 379 4422; x_wconf 96' lang='lat' dir='ltr'>ll</span> <span class='ocrx_word' id='word_1_288' title='bbox 391 4368 491 4420; x_wconf 84' lang='lat' dir='ltr'>testem</span> <span class='ocrx_word' id='word_1_289' title='bbox 505 4367 650 4429; x_wconf 88' lang='lat' dir='ltr'>seniorem,</span> <span class='ocrx_word' id='word_1_290' title='bbox 678 4368 777 4431; x_wconf 89' lang='lat' dir='ltr'>lorum,</span> <span class='ocrx_word' id='word_1_291' title='bbox 796 4367 935 4430; x_wconf 88' lang='lat' dir='ltr'>iuvenum,</span> <span class='ocrx_word' id='word_1_292' title='bbox 949 4366 1098 4430; x_wconf 73' lang='lat' dir='ltr'>seniorum,</span> <span class='ocrx_word' id='word_1_293' title='bbox 1119 4370 1147 4420; x_wconf 88' lang='lat' dir='ltr'>et</span> <span class='ocrx_word' id='word_1_294' title='bbox 1159 4366 1254 4421; x_wconf 89' lang='lat' dir='ltr'>Domi-</span> 
     </span>
     <span class='ocr_line' id='line_1_35' title="bbox 74 4453 1255 4523; baseline 0.001 -15"><span class='ocrx_word' id='word_1_295' title='bbox 74 4455 147 4509; x_wconf 86' lang='lat' dir='ltr'>alias</span> <span class='ocrx_word' id='word_1_296' title='bbox 175 4455 207 4522; x_wconf 87' lang='lat' dir='ltr'>(I,</span> <span class='ocrx_word' id='word_1_297' title='bbox 227 4457 249 4508; x_wconf 91' lang='lat' dir='ltr'>l.</span> <span class='ocrx_word' id='word_1_298' title='bbox 273 4455 297 4508; x_wconf 88' lang='grc'>6.</span> <span class='ocrx_word' id='word_1_299' title='bbox 316 4454 365 4513; x_wconf 80' lang='grc' dir='ltr'>2ος</span> <span class='ocrx_word' id='word_1_300' title='bbox 392 4454 432 4516; x_wconf 89' lang='grc' dir='ltr'>ΙΙ;</span> <span class='ocrx_word' id='word_1_301' title='bbox 461 4453 511 4523; x_wconf 77' lang='grc' dir='ltr'>ΙΙΙ)</span> <span class='ocrx_word' id='word_1_302' title='bbox 538 4454 651 4522; x_wconf 81' lang='lat' dir='ltr'>presby·</span> <span class='ocrx_word' id='word_1_303' title='bbox 679 4472 745 4507; x_wconf 88' lang='lat' dir='ltr'>nurn</span> <span class='ocrx_word' id='word_1_304' title='bbox 774 4454 844 4508; x_wconf 86' lang='lat' dir='ltr'>dicit</span> <span class='ocrx_word' id='word_1_305' title='bbox 871 4454 900 4507; x_wconf 89' lang='lat' dir='ltr'>in</span> <span class='ocrx_word' id='word_1_306' title='bbox 928 4470 1039 4508; x_wconf 89' lang='lat' dir='ltr'>omnem</span> <span class='ocrx_word' id='word_1_307' title='bbox 1066 4455 1190 4509; x_wconf 88' lang='lat' dir='ltr'>aetatem</span> <span class='ocrx_word' id='word_1_308' title='bbox 1208 4472 1255 4509; x_wconf 85' lang='lat' dir='ltr'>ve-</span> 
     </span>
     <span class='ocr_line' id='line_1_36' title="bbox 73 4541 1255 4612; baseline 0.001 -17"><span class='ocrx_word' id='word_1_309' title='bbox 73 4545 166 4597; x_wconf 88' lang='lat' dir='ltr'>terum</span> <span class='ocrx_word' id='word_1_310' title='bbox 194 4542 346 4612; x_wconf 87' lang='lat' dir='ltr'>appellare.</span> <span class='ocrx_word' id='word_1_311' title='bbox 383 4541 412 4595; x_wconf 88' lang='lat' dir='ltr'>Si</span> <span class='ocrx_word' id='word_1_312' title='bbox 431 4541 563 4595; x_wconf 86' lang='lat' dir='ltr'>Irenaeus</span> <span class='ocrx_word' id='word_1_313' title='bbox 590 4541 762 4611; x_wconf 62' lang='lat' dir='ltr'>ipsernisse,</span> <span class='ocrx_word' id='word_1_314' title='bbox 782 4558 950 4611; x_wconf 79' lang='lat' dir='ltr'>ergousque</span> <span class='ocrx_word' id='word_1_315' title='bbox 969 4542 1006 4595; x_wconf 85' lang='lat' dir='ltr'>ad</span> <span class='ocrx_word' id='word_1_316' title='bbox 1023 4544 1148 4596; x_wconf 71' lang='lat' dir='ltr'>cenam</span> <span class='ocrx_word' id='word_1_317' title='bbox 1166 4542 1255 4597; x_wconf 89' lang='lat' dir='ltr'>senio·</span> 
     </span>
     <span class='ocr_line' id='line_1_37' title="bbox 73 4627 1257 4699; baseline -0.001 -15"><span class='ocrx_word' id='word_1_318' title='bbox 73 4629 242 4685; x_wconf 78' lang='lat' dir='ltr'>vocabulum</span> <span class='ocrx_word' id='word_1_319' title='bbox 269 4631 377 4684; x_wconf 82' lang='lat' dir='ltr'>varium</span> <span class='ocrx_word' id='word_1_320' title='bbox 403 4629 553 4691; x_wconf 84' lang='lat' dir='ltr'>adhibuit,</span> <span class='ocrx_word' id='word_1_321' title='bbox 581 4630 747 4698; x_wconf 74' lang='lat' dir='ltr'>locis,rum,</span> <span class='ocrx_word' id='word_1_322' title='bbox 765 4644 851 4697; x_wconf 86' lang='lat' dir='ltr'>quam</span> <span class='ocrx_word' id='word_1_323' title='bbox 871 4627 958 4682; x_wconf 89' lang='lat' dir='ltr'>etiam</span> <span class='ocrx_word' id='word_1_324' title='bbox 981 4628 1106 4682; x_wconf 86' lang='lat' dir='ltr'>aetatem</span> <span class='ocrx_word' id='word_1_325' title='bbox 1124 4629 1257 4699; x_wconf 81' lang='lat' dir='ltr'>magistri</span> 
     </span>
    </p>
   </div>
   <div class='ocr_carea' id='block_1_10' title="bbox 126 4720 1042 4790">
    <p class='ocr_par' dir='ltr' id='par_1_11' title="bbox 126 4720 1042 4790">
     <span class='ocr_line' id='line_1_38' title="bbox 126 4720 1042 4790; baseline 0.007 -14"><span class='ocrx_word' id='word_1_326' title='bbox 126 4737 169 4776; x_wconf 73' lang='lat' dir='ltr'>su</span> <span class='ocrx_word' id='word_1_327' title='bbox 178 4747 193 4776; x_wconf 90' lang='lat' dir='ltr'>n</span> <span class='ocrx_word' id='word_1_328' title='bbox 203 4736 233 4790; x_wconf 77' lang='lat' dir='ltr'>k,</span> <span class='ocrx_word' id='word_1_329' title='bbox 247 4738 328 4778; x_wconf 80' lang='lat' dir='ltr'>Patres</span> <span class='ocrx_word' id='word_1_330' title='bbox 342 4740 418 4785; x_wconf 76' lang='lat' dir='ltr'>apost.</span> <span class='ocrx_word' id='word_1_331' title='bbox 433 4736 469 4776; x_wconf 74' lang='lat' dir='ltr'>ed</span> <span class='ocrx_word' id='word_1_332' title='bbox 482 4734 516 4775; x_wconf 89' lang='lat' dir='ltr'>II.</span> <span class='ocrx_word' id='word_1_333' title='bbox 1000 4720 1042 4782; x_wconf 75' lang='lat'>25</span> 
     </span>
    </p>
   </div>
   <div class='ocr_carea' id='block_1_11' title="bbox 0 0 1422 5018">
    <p class='ocr_par' dir='ltr' id='par_1_12' title="bbox 0 0 1422 5018">
     <span class='ocr_line' id='line_1_39' title="bbox 0 0 1422 5018; baseline 0 0"><span class='ocrx_word' id='word_1_334' title='bbox 0 0 1422 5018; x_wconf 95' lang='lat' dir='ltr'> </span> 
     </span>
    </p>
   </div>
  </div>
 </body>
</html>
