2834 5018
178 259 242 325 610
608 253 762 308 Ηωωιωω
780 253 923 308 PASTOR

178 433 334 516 σφραγῖδα
356 440 410 494 τοῦ
442 431 648 516 κηρύγματος.
695 434 724 498 6.
749 428 925 515 κατέβησαν
958 427 1015 494 ούν
1040 428 1117 512 μετ’
1144 431 1259 493 αὐτῶν
1283 429 1323 505 είς
1343 431 1370 491 τύ

175 536 258 617 ύδωρ
287 537 340 598 καί
373 535 466 599 πάλιν
499 535 663 622 ἀνέβησαν.
718 533 790 597 ἀλλ’
820 538 904 598 ούτοι
937 535 1057 612 ζῶντες
1101 533 1297 619 κατέβησαν
1325 535 1369 595 κοί

174 640 269 703 πάλιν
291 640 405 718 ζῶντες
428 640 599 726 ἀνέβησαν·
623 640 734 704 ἐκεῖνοι
757 639 792 702 δὲ
815 638 844 702 οἱ
859 637 1157 722 προκεκοιμημένοι
1183 641 1293 723 νεκροί
1307 659 1368 701 κατ-

176 742 311 829 έβησαν,
342 745 455 822 ζῶντες
478 745 512 807 δὲ
535 744 700 830 ἀνέβησαν.
747 746 776 812 7.
800 744 850 807 διὰ
872 743 992 806 τούτων
1016 741 1075 807 ούν
1101 743 1367 829 ἐζωοποιήθησαν

150 851 229 912 σκαί
254 849 434 935 ἐπέγνωσαν
456 851 492 912 τό
515 852 612 933 ὄνομα
635 859 689 912 τοῦ
704 849 772 912 υίοῦ
795 857 848 912 τοῦ
866 851 961 914 θεοῦ·
986 848 1039 911 διὰ
1064 858 1169 912 τοῦτο
1186 850 1245 912 καί
1270 870 1366 912 συναν-

174 952 290 1039 ἐβησαν
322 953 389 1037 μετ’
420 955 522 1017 αὐτῶν
553 955 607 1017 καί
639 954 900 1038 συνηρμόσθησαν
934 954 976 1028 εἰς
1006 955 1066 1036 τήν
1104 953 1290 1037 οἰκοδομὴν
1321 963 1365 1016 τοῦ

174 1059 293 1141 πύργου
325 1060 378 1120 καί
413 1057 602 1141 ἀλατόμητοι
637 1055 965 1140 συνῳκοδομήθησαν·
1011 1056 1046 1121 ἐν
1084 1058 1285 1142 δικαιοσύνη
1315 1059 1364 1141 γὰρ

175 1161 391 1246 ἐκοιμήθησαν
414 1163 468 1226 καί
493 1160 525 1225 ἐν
547 1160 669 1247 μεγάλη
692 1161 816 1244 ἁγνείᾳ·
847 1160 941 1244 μόνον
965 1161 1000 1224 δὲ
1021 1163 1083 1245 τήν
1107 1163 1282 1247 σφραγῖδα
1304 1163 1364 1224 τού

173 1287 229 1350 την
252 1267 310 1329 ούκ
338 1264 431 1349 είχον.
477 1267 559 1349 ἔχεις
588 1263 642 1330 οὖν
668 1268 721 1328 καί
744 1266 800 1348 τὴν
829 1264 946 1329 τούτων
975 1264 1136 1330 ἐπίλυσιν.
1189 1266 1295 1350 Ἔχω,
1317 1288 1364 1350 φη·

136 1387 161 1423 1⁰
176 1371 219 1455 μί,
242 1370 337 1452 κύριε.

264 1473 325 1541 17.
351 1473 415 1538 Νῦν
438 1472 501 1554 ούν,
526 1474 622 1557 κύριε,
646 1475 713 1556 περί
737 1483 798 1538 τῶν
821 1472 917 1555 όρέων
940 1493 992 1556 μοι
1015 1471 1192 1556 δήλωσον·
1218 1475 1302 1540 διατί
1319 1474 1364 1538 ἄλ·

174 1576 225 1641 λαι
248 1580 301 1641 καί
325 1578 418 1642 ἄλλαι
441 1579 516 1642 εἰσίν
540 1580 572 1642 αί
596 1578 672 1642 ἰδέαι
694 1581 747 1642 καί
770 1577 927 1657 ποικίλαι;
958 1576 1091 1658 Ἀκουε,
1118 1579 1224 1663 φησί·
1257 1583 1297 1644 τὰ
1318 1583 1364 1663 ὄρη

175 1693 272 1746 ταῦτα
294 1684 333 1745 τὰ
356 1681 479 1746 διύδεκα
503 1681 657 1769 [δώδεκα]
682 1681 776 1764 φυλαί
806 1681 882 1745 εἰσιν
906 1680 938 1743 αί
965 1691 1188 1747 κατοικοῦσαι
1219 1684 1296 1750 ὅλον
1321 1686 1364 1746 τόν

174 1786 302 1871 κόσμον.
349 1786 511 1871 ἐκηρύχθη
535 1787 589 1850 ούν
612 1787 654 1862 εἰς
677 1785 790 1860 ταύτας
813 1785 830 1848 ό
853 1785 916 1860 υίὸς
939 1793 994 1847 τοῦ
1010 1786 1094 1851 θεοῦ
1120 1788 1181 1851 διὰ
1206 1798 1273 1854 τῶν
1296 1791 1364 1853 ἀπο-

137 1906 163 1944 1⁵
177 1890 307 1955 στόλων.
353 1896 383 1957 2.
407 1890 494 1954 Διατί
523 1891 558 1954 δὲ
579 1890 706 1954 ποικίλα
737 1892 789 1953 καί
819 1888 900 1973 ἄλλη
929 1891 984 1953 καί
1012 1889 1099 1976 ἄλλη
1138 1892 1216 1957 ἰδέα
1249 1895 1314 1958 ἐστί
1333 1895 1365 1956 τί

176 1997 242 2079 ὄρη,
266 1994 409 2079 δήλωσόν
432 2016 493 2078 μοι,
517 1995 613 2077 κύριε.
660 1994 788 2075 Ἀκουε,
812 1995 922 2079 φησίν·
947 1994 980 2057 αἱ
1003 1993 1138 2061 δώδεκα
1158 1997 1264 2082 φυλαί
1287 1998 1364 2062 αύτα

175 2100 207 2161 αί
236 2109 438 2163 κατοικοῦσαι
468 2099 541 2163 ὅλον
571 2101 624 2163 τὸν
653 2101 771 2183 κόσμον
801 2097 924 2162 δώδεκα
953 2099 1034 2182 ἔθνη
1059 2100 1144 2164 εἰσί·
1184 2100 1365 2167 ποικίλαδί

175 2203 232 2266 εἰσι
256 2213 294 2286 τῇ
318 2206 464 2287 φρονήσει
486 2205 539 2266 καί
562 2211 606 2286 τῷ
629 2189 694 2267 νοί·
725 2201 775 2266 οία
798 2200 852 2266 ούν
875 2201 952 2277 είδες
976 2203 1015 2265 τὰ
1044 2205 1106 2288 ὄρη
1134 2208 1292 2290 ποικίλα,
1313 2229 1363 2271 τοι·

175 2306 265 2369 αῦταί
298 2307 356 2370 εἰσι
378 2309 431 2370 καί
462 2307 579 2371 τούτων
607 2307 639 2369 αί
669 2305 816 2370 ποικιλίαι
846 2315 900 2369 τοῦ
929 2306 1000 2381 νοός
1029 2315 1098 2371 τῶν
1131 2309 1250 2378 ἐθνῶν
1279 2311 1362 2391 κοίη

136 2427 160 2463 ω
176 2410 330 2493 φρόνησις.
375 2410 508 2494 δηλώσω
531 2409 566 2474 δέ
588 2432 637 2473 σοι
658 2413 712 2474 καί
735 2410 802 2486 ἑνός
825 2409 959 2473 ἑκάστου
982 2411 1038 2492 τήν
1063 2413 1200 2494 πρᾶξιν.
1226 2422 1260 2486 3.
1283 2416 1363 2499 Πρῦ·

173 2534 236 2591 τον,
262 2514 347 2598 φημί,
370 2516 466 2597 κύριε,
490 2524 580 2578 τοῦτο
603 2513 754 2597 δήλωσον,
779 2514 859 2578 διατί
882 2516 964 2576 ούτω
986 2515 1125 2580 ποικίλα
1142 2521 1229 2585 ὄντα
1253 2525 1294 2585 τὰ
1308 2524 1362 2604 όρηἓ

174 2618 216 2692 εἰς
240 2620 294 2701 τήν
317 2619 483 2704 οἰκοδομήν
506 2622 580 2683 όταν
613 2619 767 2704 ἐτέθησαν
792 2621 820 2683 οί
842 2619 928 2685 λίθοι
952 2621 1077 2703 αὐτῶν,
1110 2636 1176 2711 μιᾷ
1200 2630 1287 2714 χρόᾳ
1308 2626 1363 2711 ἐγέ-

173 2743 261 2785 νοντο
297 2723 446 2807 λαμπροί,
483 2724 525 2801 ὡς
553 2727 606 2787 καί
640 2725 669 2787 οἱ
702 2724 739 2787 ἐκ
771 2734 826 2788 τοῦ
859 2724 960 2810 βυθοῦ
994 2726 1248 2813 ἀναβεβηκότες
1272 2734 1363 2805 λίθοι;

174 2830 203 2892 4.
227 2826 307 2907 Ὅτι,
333 2829 421 2912 φησί,
450 2829 551 2893 ποίντα
575 2831 614 2891 τὰ
639 2830 718 2913 ἐθνη
741 2831 780 2891 τὰ
809 2831 869 2892 ύπύ
891 2831 944 2893 τόν
974 2831 1112 2912 οὐρανόν
1144 2847 1364 2915 κατοικοῦντα,

134 2949 159 2987 τι
173 2930 352 2994 ἀκούσαντα
374 2934 428 2994 καί
449 2932 656 2996 πιστεύσαντα
679 2932 728 2995 ἐπί
751 2941 794 3016 τῷ
818 2934 944 3017 ὀνόματι
961 2932 1163 3020 ἐκλήθησαν
1192 2939 1269 3026 [τοῦ
1291 2940 1364 3026 υἱοῦ]

172 3042 227 3095 τοῦ
251 3037 338 3098 θεοῦ.
384 3034 531 3121 λαβόντες
560 3039 613 3100 ούν
636 3039 691 3119 τήν
723 3038 878 3123 σφραγῖδα
900 3037 972 3121 μίαν
1002 3038 1165 3124 φρόνησιν
1199 3046 1299 3129 ἔσχον
1319 3048 1365 3110 καί

173 3137 228 3199 ἕνα
250 3147 339 3218 νοῦν,
370 3141 423 3202 καί
447 3139 501 3221 μία
524 3139 622 3215 πίστις
652 3142 754 3204 αὐτῶν
778 3141 900 3225 ἐγένετο
922 3142 975 3204 καί
1004 3140 1061 3224 μία
1086 3144 1229 3234 ἀγάπη,
1258 3154 1313 3214 καί
1333 3152 1367 3213 τί

172 3239 332 3323 πνεύματα
355 3250 416 3304 τῶν
439 3242 605 3325 παρθένων
629 3246 706 3327 μετὰ
729 3255 783 3307 τοῦ
807 3246 957 3329 ὀνόματος
980 3245 1166 3328 ἐφόρεσαν·
1205 3254 1261 3319 διὰ
1283 3264 1367 3319 τοῦτο

243 3431 255 3480 l
277 3438 326 3486 τοῦ
336 3429 584 3502 κηρύγματος>1ι
601 3433 604 3501 ί
620 3432 666 3498 2ίέ
676 3430 923 3507 ἀλλ’-ἀνέβησαν
936 3434 1014 3488 Clem
1026 3434 1124 3504 (LA):
1141 3441 1184 3507 >
1200 3445 1228 3499 G
1244 3445 1250 3516 Ι
1266 3446 1312 3512 2γ3
1328 3448 1368 3502 mi

172 3536 199 3571 π.
219 3521 241 3584 ζ.
261 3510 397 3588 ἀνέβησαν
408 3520 441 3582 >
453 3515 485 3568 L¹
502 3517 506 3586 Ι
522 3517 539 3568 4
557 3520 600 3573 διὰ
618 3518 726 3575 τούτων
745 3536 751 3570 2
771 3519 815 3575 διὰ
834 3529 918 3577 τοῦτο
930 3519 989 3574 L²A
1006 3521 1043 3592 16
1064 3529 1266 3600 υυνήρμοσαν
1278 3533 1366 3595 ῦίειιιγ

173 3603 189 3654 9
208 3599 282 3672 εἶχον
294 3620 300 3654 :
313 3598 395 3672 ἔσχον
413 3601 490 3655 Clem
507 3603 511 3672 Ι
527 3602 590 3668 9l10
609 3599 663 3675 ἔχω
681 3627 710 3675 φ.
729 3605 805 3679 κύριε
824 3605 915 3674 G:>
933 3607 980 3660 LA
996 3607 1000 3676 Ι
1019 3610 1051 3662 13
1071 3610 1194 3673 δώδεκα
1216 3634 1267 3673 sec
1285 3619 1368 3689 L(A):

172 3691 206 3754 >
226 3688 363 3756 (3114117
385 3686 520 3759 ἐκηρύχθη
539 3720 573 3728 -
590 3692 740 3759 κύσμον>
758 3693 782 3745 Α
806 3693 810 3762 Ι
837 3695 913 3759 14115
931 3694 975 3750 διὰ
1001 3703 1060 3750 τῶν
1085 3697 1276 3762 ἀποστόλων
1294 3706 1368 3761 6Βέ

173 3790 224 3841 per
242 3790 297 3837 eos,
316 3790 387 3841 quos
405 3774 465 3843 ipse
484 3776 519 3828 ad
538 3775 589 3829 hos
609 3776 686 3831 misit
704 3776 737 3829 L¹
754 3779 808 3846 125
827 3788 877 3836 τοῦ
895 3778 956 3835 υίοῦ
973 3779 1040 3833 LA:
1053 3784 1093 3849 >
1111 3785 1140 3840 G

171 3926 299 3997 baptista
326 3927 459 3982 referunt„
491 3961 525 3968 —
557 3939 695 4005 σφραγῖδα
719 3934 957 4003 πίύομύὶκαοῐοο,
977 3952 1034 3989 non
1059 3943 1168 3996 autem
1189 3946 1366 4018 baptizand'z

171 4014 240 4083 κηρ]
261 4013 303 4068 Cf.
322 4015 422 4070 Matth.
441 4016 483 4080 28,
504 4018 543 4072 19.
806 4021 847 4084 17,
868 4023 889 4074 l.
909 4021 943 4079 τὰ
962 4019 1013 4095 όρη
1024 4027 1128 4097 ταῦτα]
1140 4029 1190 4084 Os.
1203 4049 1229 4088 c.
1243 4037 1367 4100 1,4-10.

206 4099 229 4150 6,
259 4100 343 4152 Clem.
368 4100 411 4155 Al.
437 4103 536 4157 Strom.
555 4104 601 4168 VI,
620 4106 644 4167 6,
662 4105 696 4158 46
714 4122 741 4174 p.
769 4137 804 4146 -
822 4108 916 4179 φυλαί]
942 4106 984 4161 Ex
1003 4109 1057 4173 iis,
1087 4131 1170 4181 quae
1201 4126 1366 4189 sequuntur,

173 4182 230 4234 764.
259 4215 293 4223 -
319 4188 434 4258 ζῶντες]
458 4190 476 4242 i.
497 4206 519 4243 e.
547 4191 687 4259 baptizati
714 4194 743 4246 et
770 4191 844 4246 clare
861 4195 958 4263 patet,
988 4194 1147 4256 duodecim
1178 4212 1298 4263 montes
1314 4225 1365 4262 non
