2834 5018
409 635 543 691 PAPIAE
561 634 788 693 FRAGMENTA
805 634 839 700 Π,
859 636 952 692 ’1-13.
1203 641 1267 707 357

90 837 165 879 nem
187 815 350 893 habemus,
375 813 591 897 apostolorum
614 814 699 878 dicta
720 815 761 880 ab
784 814 832 891 iis,
858 815 912 899 qui
935 837 1006 880 cum
1022 816 1175 900 apostolis
1196 838 1267 881 ver-

91 920 154 983 sati
177 919 313 997 fuerant,
337 941 371 984 se
394 918 552 1003 accepisse
574 919 749 1002 profitetur,
774 917 944 984 Aristionis
967 926 1072 985 autem
1095 926 1128 985 et
1142 920 1267 985 loannis

91 1025 271 1108 presbyteri
303 1024 477 1088 auditorem
507 1044 540 1087 se
567 1022 643 1086 dicit
671 1022 778 1088 fuisse.
825 1023 1023 1089 Nominatim
1052 1030 1135 1090 certe
1158 1046 1267 1089 eorum

92 1150 188 1212 saepe
210 1128 403 1192 mentionem
426 1127 545 1191 faciens
567 1127 600 1190 in
621 1128 852 1192 commentariis
875 1129 941 1193 suis
964 1134 995 1193 et
1017 1128 1145 1194 illorum
1167 1129 1266 1195 tradi·

92 1231 195 1296 tiones
211 1232 317 1297 refert.
343 1230 451 1315 Atque
466 1230 545 1294 haec
561 1231 687 1315 quidem
701 1254 765 1296 non
781 1234 937 1317 superflue
953 1233 1077 1299 anobis
1093 1234 1178 1298 dicta
1192 1234 1264 1299 siut.
1280 1250 1293 1288 0

181 1337 210 1401 8.
235 1336 335 1401 Porro
359 1355 473 1419 operae
503 1336 639 1417 pretium
662 1335 760 1400 fuerit
782 1336 900 1422 Papiae
927 1338 1074 1423 allegatis
1097 1338 1160 1403 alia
1182 1340 1266 1403 eius·

91 1440 163 1504 dem
186 1441 368 1505 testimonia
391 1441 575 1524 adiungere,
604 1441 638 1505 in
662 1441 775 1525 quibus
798 1443 951 1508 miracula
973 1445 1128 1528 quaedam
1150 1448 1182 1509 et
1205 1444 1268 1510 alia

92 1545 206 1621 refert,
242 1546 333 1629 quasi
355 1567 394 1609 ex
415 1545 583 1609 traditione
606 1545 647 1609 ad
669 1566 740 1609 eum
771 1548 979 1630 pervenerint.
1026 1549 1056 1612 9.
1081 1548 1267 1634 Philippum

92 1649 220 1733 quidem
243 1649 423 1733 apostolum
451 1672 514 1714 una
537 1671 609 1714 cum
630 1650 756 1716 filiabus
780 1652 946 1737 Hierapoli
976 1654 1100 1738 degisse
1123 1654 1266 1738 superius

92 1757 274 1832 docuimus3
304 1778 388 1821 nunc
411 1778 485 1820 vero
517 1776 729 1839 exponamur,
761 1757 1023 1839 quemadmodum
1046 1757 1181 1841 Papias,
1212 1758 1267 1842 qui
1281 1772 1306 1810 10

91 1860 203 1925 iisdem
226 1860 421 1944 temporibus
437 1859 524 1937 vixit,
548 1859 761 1924 narrationem
785 1859 962 1924 mirabilem
985 1861 1161 1945 aPhilippi
1183 1861 1265 1925 filia·

91 1967 152 2029 bus
175 1987 208 2030 se
231 1966 388 2048 accepisse
419 1969 584 2028 memorat.
630 1964 742 2028 Refert
764 1965 847 2028 enim
870 1965 986 2028 mortui
1008 1966 1267 2030 resurrectionem

90 2092 148 2133 sua
171 2074 276 2133 aetate
298 2070 418 2134 factam
441 2067 508 2133 esse
531 2074 564 2133 et
586 2069 720 2133 alterum
743 2069 858 2133 iterum
881 2068 1067 2134 miraculum
1083 2070 1171 2135 Iusto
1194 2092 1265 2135 eve·

91 2173 186 2250 nisse,
213 2174 269 2258 qui
290 2174 532 2258 cognominatur
547 2173 716 2251 Bersabee,
743 2173 860 2258 quippe
876 2174 940 2257 qui,
964 2196 1036 2238 cum
1057 2173 1152 2239 letale
1167 2196 1265 2258 pocu-

90 2278 157 2342 lum
181 2279 339 2355 ebibisset,
363 2301 420 2362 per
443 2278 561 2343 domini
584 2278 720 2362 gratiam
742 2277 824 2341 nihil
846 2278 919 2342 inde
940 2277 1130 2344 incommodi
1151 2302 1264 2364 passus
1281 2295 1306 2335 1⁶

91 2387 148 2447 est.
198 2383 247 2446 10.
282 2382 376 2447 Hunc
403 2387 510 2447 autem
540 2383 663 2447 Iustum
693 2386 768 2464 post
800 2381 918 2446 domini
948 2403 1111 2448 ascensum
1141 2388 1267 2449 sanctos

92 2486 256 2571 apostolos
272 2488 304 2550 in
326 2488 465 2552 medium
488 2487 671 2571 produxisse
694 2508 766 2550 cum
781 2485 921 2551 Matthia
943 2492 975 2551 et
997 2493 1143 2572 precatos
1159 2489 1265 2568 fuisse,

90 2597 126 2656 ut
149 2592 231 2657 alter
253 2614 361 2657 eorum
385 2598 471 2658 sorte
494 2593 678 2669 duceretur,
712 2591 767 2674 qui
790 2592 823 2655 in
851 2590 956 2656 locum
978 2592 1148 2676 proditoris
1171 2592 1267 2657 Iudae

90 2697 283 2762 substitutus
310 2720 477 2762 numerum
504 2698 648 2781 ipsomm
670 2697 827 2780 expleret,
860 2697 1001 2761 Actuum
1022 2697 1103 2762 liber
1130 2720 1266 2763 comme·

88 2806 193 2866 morat
214 2801 265 2866 his
295 2802 417 2866 verbis:
453 2805 496 2866 Et
518 2810 708 2866 statuerunt
730 2804 832 2881 duos,
854 2804 987 2884 Ioseph,
1009 2808 1066 2883 put
1087 2805 1266 2868 vocabatur
1280 2820 1306 2859 00

91 2909 275 2986 Barrabas,
299 2913 355 2988 qut
376 2913 627 2987 copaominutuc
649 2914 700 2970 eet
716 2910 840 2987 luctus,
864 2915 897 2971 el
910 2909 1099 2987 ΜαιιΙιὶαιης
1122 2916 1155 2972 et
1169 2928 1266 2974 oran·

90 3019 141 3074 les
165 3013 332 3075 dicerunt.
382 3013 431 3075 11.
457 3010 500 3074 Et
522 3010 586 3074 alia
607 3010 690 3073 idem
706 3010 842 3093 scriptor
864 3016 1016 3094 tanquam
1039 3032 1077 3074 ex
1099 3011 1268 3076 traditione

89 3136 155 3179 non
178 3114 298 3198 scripta
320 3115 360 3178 ad
382 3136 454 3179 eum
477 3114 654 3198 pervenisse
676 3115 833 3197 proponit,
857 3136 955 3178 novas
971 3116 1124 3198 quasdam
1147 3115 1267 3181 scilicet

89 3218 257 3283 salvatoris
272 3219 443 3302 parabolas
459 3240 496 3282 ac
512 3218 670 3282 doctrinas
687 3217 812 3300 aliaque
827 3218 945 3282 fabulis
960 3218 1119 3302 propiora.
1144 3219 1195 3283 12.
1212 3219 1265 3284 In·

88 3329 139 3388 ter
162 3345 243 3406 quae
266 3328 298 3386 et
320 3323 408 3387 mille
431 3344 584 3387 annorum
613 3323 752 3407 spatium
774 3327 848 3406 post
871 3344 1037 3406 corporum
1060 3324 1264 3388 resurrectio·
1279 3346 1305 3384 aa

88 3449 162 3491 nem
185 3427 329 3491 futurum
358 3449 426 3492 esse
449 3428 540 3503 dicit,
574 3449 637 3509 quo
669 3449 802 3511 regnum
824 3425 943 3492 Christi
974 3426 1181 3510 corporaliter
1203 3431 1266 3493 stet

86 3532 121 3596 in
145 3532 205 3596 hac
227 3537 322 3596 terra.
369 3530 457 3608 Quae
482 3532 608 3615 quidem
632 3531 680 3595 ita
708 3531 856 3615 opinatus
879 3551 948 3595 esse
968 3531 1093 3595 ridetur
1122 3553 1160 3595 ex
1182 3532 1265 3597 male

86 3636 260 3721 intellectis
284 3637 501 3720 apostolorum
515 3635 761 3710 narrationibus,
786 3655 859 3698 cum
882 3656 928 3711 ea,
954 3656 1034 3717 quae
1056 3634 1089 3698 in
1112 3636 1265 3719 exemplis

87 3763 205 3806 arcano
237 3740 373 3826 quodam
405 3761 498 3803 sensu
528 3740 568 3805 ab
598 3739 663 3803 illis
695 3738 779 3803 diota
809 3744 916 3817 erant,
948 3760 1012 3803 non
1042 3740 1263 3824 perspexisset.

89 3847 140 3910 13.
165 3844 241 3910 Fuit
264 3845 347 3909 enim
370 3844 518 3909 mediocri
542 3843 712 3908 admodum
733 3842 862 3929 ingenio
884 3843 1055 3925 praeditus,
1078 3847 1115 3907 ut
1136 3864 1174 3907 ex
1198 3842 1263 3908 eius
1278 3867 1304 3904 so

86 3950 215 4033 seriptis
238 3950 379 4014 conicere
402 3948 495 4021 licet;
526 3948 685 4034 plerisque
707 3952 815 4013 tamen
836 3952 909 4031 post
931 3947 1036 4031 ipsum
1057 3948 1264 4031 scriptoribus

87 4054 311 4119 ecclesiasticis
340 4054 452 4119 similis
482 4054 639 4138 opinionis
669 4057 780 4119 auctor
801 4052 879 4128 fuit,
909 4050 1046 4115 hominis
1074 4056 1265 4116 vetustatem

158 4198 193 4252 20
211 4200 273 4253 Act.
294 4201 334 4262 15,
354 4198 395 4253 23.
414 4200 456 4253 24.

86 4320 162 4374 filias
181 4321 386 4390 prophetantes
410 4321 512 4376 habuit
530 4322 603 4389 (Act.
623 4323 665 4383 21,
694 4336 741 4374 000
760 4319 894 4373 11001000
921 4334 1003 4372 vocet
1031 4320 1082 4376 τὸν
1107 4318 1266 4377 ἀπόστολον

86 4409 183 4476 8-9),
210 4407 366 4475 quaeritur,
391 4425 460 4461 num
478 4410 581 4479 Papias
602 4424 665 4461 eum
693 4405 860 4460 nonhabet.
896 4403 939 4458 cf.
958 4402 1046 4469 Zalm,
1071 4405 1265 4476 Forsetunpen

86 4494 251 4565 apostolum
262 4494 307 4548 vel
317 4495 478 4563 apostolum
490 4512 573 4550 sensu
585 4494 664 4549 stric-
692 4492 737 4556 Vl,
758 4491 901 4548 158-167.
929 4522 964 4531 -
991 4491 1118 4550 Ἰοῦστον
1133 4493 1203 4563 κτλ]
1222 4492 1263 4548 cf.

85 4584 161 4638 tiore
181 4581 374 4652 appellaverit.
412 4581 555 4652 interpres
577 4582 663 4652 syria·
691 4581 890 4650 Fragmentum
909 4578 956 4642 XI,
974 4579 998 4633 2.
