2834 5018
535 692 604 746 SIM.
617 692 663 756 IX,
683 691 725 755 30,
743 691 835 757 1-31,
854 693 879 744 2.
1229 697 1291 762 629

115 892 227 954 campo
258 869 375 934 sublati
404 875 436 934 et
466 869 499 932 in
530 873 689 934 structura
719 869 815 933 turris
847 869 944 953 positi
972 874 1046 934 sunt
1076 891 1184 934 eorum
1213 870 1291 948 loco,

116 977 170 1060 qui
193 976 355 1059 reprobati
378 979 476 1052 erant,
500 974 619 1039 radices
642 978 716 1038 sunt
737 973 853 1038 montis
876 973 970 1037 huius
987 974 1119 1038 candidi.
1143 976 1172 1038 2.
1197 976 1292 1041 Post-

116 1102 211 1164 quam
233 1080 333 1165 igitur
355 1079 409 1162 qui
432 1080 469 1143 de
492 1083 599 1141 monte
622 1076 754 1142 candido
777 1077 988 1155 crediderunt,
1013 1099 1121 1143 omnes
1143 1079 1292 1144 innocen·

115 1189 164 1248 tes
188 1188 261 1248 sunt
283 1184 413 1259 inventi,
437 1182 529 1247 iussit
551 1182 696 1246 dominus
720 1181 816 1245 turris
831 1181 900 1258 hos,
926 1181 1035 1265 quide
1058 1183 1161 1247 radice
1176 1185 1292 1248 montis

115 1290 207 1353 istius
240 1293 344 1364 erant,
375 1289 409 1351 in
441 1291 599 1352 structura
628 1286 725 1350 turris
754 1286 919 1361 collocari3
955 1287 1047 1351 scivit
1078 1287 1177 1364 enim,
1210 1289 1237 1351 si
1259 1289 1316 1352 ins

116 1399 307 1458 stnrcturam
330 1394 426 1457 turris
449 1392 564 1456 iverint
585 1391 707 1474 lapides
728 1391 791 1467 isti,
824 1411 878 1454 eos
901 1391 1049 1455 candidos
1071 1413 1293 1475 permansuros

115 1518 173 1561 nec
204 1520 393 1582 quemquam
424 1517 533 1561 eorum
562 1496 687 1580 nigrum
720 1517 887 1560 evasurum
919 1517 995 1560 esse.
1041 1498 1070 1561 3.
1095 1495 1148 1560 Illi
1177 1501 1291 1576 autem,

116 1601 171 1683 qui
194 1623 232 1664 ex
256 1600 368 1665 ceteris
390 1599 551 1665 montibus
574 1598 715 1681 impositi
738 1598 872 1664 fuissent
892 1600 925 1664 in
948 1605 1156 1678 structuram,
1184 1623 1292 1666 neces·

117 1706 199 1769 sario
215 1705 485 1781 desideravissent,
510 1704 674 1768 utiterum
690 1709 864 1768 exstrueret
879 1705 992 1769 turrim
1008 1711 1040 1770 et
1054 1707 1197 1771 risitaret
1213 1728 1292 1771 eam.

116 1809 161 1874 Et
182 1810 215 1873 hi
238 1831 361 1886 omnes,
394 1809 449 1894 qui
480 1808 545 1873 albi
575 1813 664 1886 sunt,
696 1808 730 1871 in
757 1830 839 1873 novo
870 1808 988 1873 lumine
1019 1815 1092 1875 sunt
1121 1810 1332 1876 alumenu

118 1913 179 1989 Qui
202 1915 399 1978 crediderunt
421 1918 454 1978 et
477 1914 531 1998 qui
553 1914 700 1978 credituri
722 1918 805 1990 sunt,
829 1915 912 1978 idem
928 1936 1027 1999 genus
1050 1920 1132 1980 sunt.
1177 1918 1222 1983 Et
1237 1919 1293 1982 be-

118 2024 205 2083 atum
233 2020 312 2084 illud
345 2042 459 2105 genus,
492 2020 566 2103 quia
596 2018 755 2102 simplices
787 2025 868 2084 sunt.
915 2022 945 2084 4.
970 2018 1055 2085 Audi
1084 2044 1167 2086 nunc
1197 2025 1228 2086 et
1258 2022 1295 2085 de

117 2124 181 2187 illis
203 2123 362 2207 lapidibus
384 2123 526 2188 rotundis
550 2128 582 2187 et
604 2123 700 2201 albis,
725 2128 757 2188 et
778 2124 802 2187 ii
824 2146 931 2188 omnes
955 2146 972 2189 e
994 2130 1099 2190 monte
1123 2131 1205 2190 sunt.
1252 2127 1295 2190 Et

118 2230 183 2293 dixi
205 2229 249 2294 ei:
275 2228 475 2313 Quapropter
496 2229 623 2292 rotrmdi
644 2228 764 2292 inventi
787 2232 885 2292 sunt?
908 2228 951 2292 Et
974 2229 1054 2292 dixit
1075 2229 1169 2293 mihi:
1193 2229 1294 2306 Audi3

118 2334 233 2398 etenim
256 2333 346 2397 valde
369 2333 634 2397 abscondiderunt
656 2355 690 2397 se
713 2354 751 2397 ex
774 2338 948 2411 structura,
973 2335 1027 2398 sed
1050 2335 1211 2400 dominum
1232 2358 1295 2400 non
1309 2350 1335 2388 ¹⁶

119 2438 305 2502 deserebant
327 2442 359 2502 et
381 2439 512 2503 verbum
534 2437 653 2502 malum
675 2459 739 2502 non
763 2439 870 2502 exibat
892 2460 930 2502 ex
953 2439 1060 2503 oribus
1083 2461 1208 2517 eorum,
1241 2441 1295 2504 sed

118 2563 210 2605 omne
240 2543 358 2607 bonum
387 2546 419 2606 et
439 2540 558 2606 iustum
588 2547 621 2606 et
642 2564 759 2607 rerum.
807 2545 836 2607 5.
860 2543 999 2608 Etcum
1029 2545 1173 2610 dominus
1202 2546 1297 2609 corda

118 2668 227 2711 eorum
250 2646 337 2723 vidit,
363 2646 448 2730 quod
469 2651 600 2730 possent
622 2647 698 2711 iusti
720 2647 802 2723 fieri,
826 2648 902 2731 quia
924 2649 1011 2713 beati
1033 2653 1122 2714 erant
1144 2671 1161 2714 e
1183 2652 1296 2714 natura

118 2751 269 2834 ipsorum,
293 2751 385 2814 iussit
408 2771 461 2814 eos
484 2751 635 2814 removeri
658 2752 699 2816 ab
722 2751 834 2835 opibus
858 2752 936 2829 suis,
960 2774 1018 2816 nec
1040 2759 1146 2817 tamen
1168 2774 1296 2836 prorsus

118 2856 281 2932 removeri,
304 2859 341 2919 ut
363 2877 402 2919 ex
424 2856 566 2938 reliquiis
589 2857 663 2934 suis,
690 2879 769 2939 qnae
792 2855 921 2920 relictae
937 2860 1049 2932 essent,
1074 2856 1296 2922 benefacerent
1310 2872 1335 2910 2⁰

119 2966 152 3023 et
174 2960 315 3023 viverent
331 2958 465 3035 dominc,
490 2960 604 3044 quiae
627 2962 721 3024 beato
745 2981 859 3044 genere
875 2965 989 3025 essent.
1035 2960 1079 3024 Et
1096 2962 1211 3026 idcirco
1234 2984 1294 3045 pu·

119 3064 225 3128 sillum
241 3064 499 3128 circumciderunt
513 3084 566 3127 eos
582 3068 614 3126 et
628 3063 846 3146 imposuerunt
868 3087 922 3129 eos
938 3066 971 3129 in
986 3069 1174 3129 structuram
1189 3065 1295 3129 turris.

208 3163 270 3231 31.
295 3167 349 3231 llli
370 3172 476 3232 autem
498 3168 620 3252 lapides
643 3170 785 3247 rotundi,
820 3170 874 3253 qni
896 3192 1057 3254 nunquam
1079 3171 1146 3254 apti
1168 3169 1297 3234 fuerunt

119 3273 152 3336 in
175 3278 380 3350 structuram,
415 3273 489 3357 quia
512 3272 652 3357 sigillum
676 3273 743 3337 eius
765 3295 827 3337 non
850 3278 1041 3357 receperant,
1065 3273 1181 3338 idcirco
1204 3274 1296 3337 resti·

119 3378 181 3441 tuti
206 3382 279 3441 sunt
302 3378 335 3442 in
358 3376 551 3460 (pristinum)
577 3377 681 3441 locum
703 3399 821 3455 eorum,
846 3378 920 3462 quia
942 3377 1032 3442 valde
1047 3379 1174 3442 rotundi
1197 3383 1295 3442 erant.
1311 3392 1336 3429 2⁶

120 3484 149 3545 2.
176 3481 237 3547 Sed
260 3487 387 3565 oportet
409 3481 481 3546 illos
504 3480 719 3565 derelinquere
742 3481 802 3546 hoc
825 3482 985 3546 saeculum
1008 3486 1040 3545 et
1056 3482 1180 3546 diritius
1204 3503 1296 3556 suas;

121 3593 153 3649 et
174 3591 250 3650 tunc
272 3587 340 3670 apti
369 3590 462 3649 erunt
484 3585 517 3648 in
539 3605 672 3668 regnum
695 3585 829 3662 domini,
861 3585 934 3669 quia
964 3585 1124 3650 benedixit
1154 3585 1298 3649 dominus

122 3773 157 3826 de
176 3789 276 3842 campo
296 3774 377 3827 allati
395 3773 443 3828 siti
463 3775 549 3827 erant
588 3772 697 3844 Signifi-
725 3773 917 3835 innocentiae;
936 3774 969 3826 cf.
990 3788 1012 3826 c.
1031 3772 1072 3826 29.

121 3865 188 3914 caut
221 3859 330 3929 lapides
361 3861 409 3915 isti
439 3860 565 3915 homines
596 3863 698 3915 natura
758 3862 783 3914 4.
805 3860 847 3915 Cf.
864 3858 922 3912 Vis.
941 3858 988 3922 III,
1007 3859 1031 3924 6,
1045 3861 1128 3922 5-7;
1148 3859 1213 3913 Sim.
1225 3857 1296 3922 VIII,

122 3947 222 4009 bonos;
252 3946 287 4000 cf.
316 3963 338 4000 c.
364 3946 411 4010 31,
432 3949 453 4001 1.
473 3948 496 4000 2.
535 3947 612 4001 Zahn
636 3947 654 4001 l.
674 3964 697 4004 c.
727 3947 766 4009 10,
788 3948 811 4001 3.

121 4050 147 4101 p.
169 4032 306 4089 raa-241
326 4033 437 4095 conicit,
456 4033 485 4085 in
503 4034 697 4101 persecutione
760 4033 803 4097 31,
824 4036 845 4088 1.
865 4032 967 4102 aptati]
986 4033 1028 4087 cf.
1047 4049 1068 4086 c.
1088 4033 1112 4094 9,
1129 4033 1154 4085 4.

123 4118 224 4172 ult-ima
242 4121 347 4174 multos
365 4136 383 4172 a
400 4118 455 4172 fide
467 4119 572 4187 lapsos,
592 4121 640 4174 sed
654 4137 697 4174 eo·
760 4122 784 4174 2.
804 4119 977 4190 circumcidi]
996 4119 1014 4172 i.
1028 4136 1050 4175 e.
1070 4118 1146 4188 ipsos
1165 4118 1298 4173 amundo

123 4205 186 4258 dem
214 4207 272 4260 fere
299 4210 445 4275 tempore,
472 4205 545 4260 libro
573 4206 697 4261 nondum
726 4223 774 4260 seu
787 4206 920 4260 mundum
941 4206 978 4259 ab
990 4205 1059 4274 ipsis
1078 4205 1203 4275 disiungi
1219 4221 1299 4274 opor-

124 4293 238 4362 scripto‚
258 4292 360 4348 multos
374 4310 486 4361 quoque
505 4295 540 4346 ad
554 4292 697 4348 Christum
724 4297 774 4348 tet.
802 4324 837 4333 -
864 4293 1033 4348 convenient
1059 4293 1122 4362 etc]
1151 4292 1169 4346 i.
1189 4308 1211 4345 e.
1238 4291 1300 4361 apti

122 4396 271 4434 conversos
285 4397 353 4443 esse,
373 4380 415 4433 ita
435 4384 465 4434 ut
477 4378 588 4433 illorum
605 4380 698 4435 locum
725 4385 807 4436 erunt
834 4379 1017 4454 (ἁρμόσουσιν
1034 4379 1070 4436 cf.
1088 4376 1146 4433 Vis.
1164 4378 1211 4442 Ill,
1230 4378 1254 4442 7,
1273 4380 1297 4432 5.

124 4466 281 4521 obtinuisse
311 4466 485 4528 viderentur,
521 4465 573 4519 bos
604 4466 741 4531 autemid
760 4471 831 4539 etc).
870 4468 912 4522 Cf.
933 4468 997 4521 Luc.
1016 4468 1040 4532 9,
1058 4468 1100 4522 62.
1127 4497 1162 4505 -
1186 4481 1299 4520 necesse

125 4571 186 4610 esse
204 4553 313 4622 lapides
332 4552 366 4604 de
385 4568 484 4619 campo
503 4550 613 4606 allatos.
710 4536 789 4626 teta]
809 4557 850 4611 cf.
867 4573 889 4610 c.
909 4556 933 4620 9,
953 4556 976 4609 2.
995 4556 1019 4610 3.

159 4642 182 4695 3.
203 4657 237 4694 ex
248 4638 347 4693 eodem
357 4638 469 4708 genere]
482 4638 500 4692 i.
511 4655 535 4692 e.
549 4656 583 4693 ex
597 4656 699 4709 genere
711 4621 713 4685 Ι
