2834 5018
348 701 526 758 EPISTULA
543 703 593 758 AD
612 701 832 759 DIOGNE'I'UM
849 703 908 768 XII,
928 706 1003 761 1-9.
1200 710 1264 773 413

91 881 163 945 sitis
182 884 367 963 paradisus
388 884 602 963 deliciarum,
625 883 769 947 arborem
791 882 947 947 fiuctibus
969 882 1098 967 plenam
1120 882 1266 967 bellaque

93 985 324 1071 germinantem
346 986 379 1049 in
402 985 591 1069 vobisipsis
614 987 832 1071 producentes,
857 986 953 1050 variis
970 987 1126 1051 fructibus
1149 988 1264 1052 ornati.

92 1092 123 1153 2.
147 1090 185 1153 ln
206 1089 267 1153 hoc
290 1089 373 1153 enim
395 1089 465 1154 loco
488 1093 612 1170 liguum
635 1096 835 1170 capuitionc’s
858 1098 891 1153 ee
913 1093 1038 1169 lignum
1061 1096 1149 1154 citae
1171 1090 1265 1173 plan·

89 1199 195 1259 tatum
218 1195 296 1270 fuit;
329 1216 437 1258 verum
459 1216 523 1258 non
545 1194 668 1277 lignum
692 1194 882 1278 cognitionis
905 1193 1026 1276 perdit,
1056 1193 1111 1257 sed
1133 1193 1264 1259 inoboe-

92 1300 213 1363 dientia
234 1299 346 1382 perdit.
393 1300 422 1362 3.
447 1296 559 1383 Neque
582 1299 666 1362 enim
689 1304 763 1362 sunt
778 1298 920 1374 obscura,
945 1318 1025 1381 quae
1041 1297 1159 1380 scripte
1181 1304 1291 1376 sunto

91 1405 187 1468 deum
210 1406 250 1469 ab
272 1404 363 1468 initio
396 1406 520 1484 liquem
554 1410 752 1484 counitionis
776 1412 809 1467 et
836 1406 961 1483 lippum
992 1408 1136 1466 eiluein
1159 1405 1266 1468 medio

87 1511 246 1590 paradisi
268 1508 446 1593 plantasse,
479 1531 537 1592 per
566 1509 779 1592 cognitionem
806 1510 905 1573 vitam
933 1511 1176 1585 monstrantem,
1206 1530 1268 1593 qua

92 1635 165 1676 cum
188 1614 306 1677 sincere
329 1613 378 1676 usi
400 1635 464 1677 non
487 1618 591 1678 esseut
614 1613 710 1698 primi
724 1612 877 1689 homines,
902 1613 1013 1677 fraude
1028 1613 1185 1697 serpentis
1207 1636 1267 1677 nu-

93 1718 160 1780 dati
182 1717 317 1781 fuerunt.
363 1719 393 1780 4.
418 1717 530 1803 Neque
562 1718 644 1782 enim
667 1719 733 1782 vita
762 1718 830 1781 sine
853 1718 1033 1801 cognitione
1065 1740 1167 1802 neque
1190 1740 1267 1803 cog-

91 1821 172 1885 nitio
195 1826 264 1885 tuta
280 1824 346 1886 sine
369 1845 443 1887 vera
458 1825 532 1897 vita,
557 1824 627 1888 ideo
651 1823 683 1888 in
699 1823 878 1907 propinquo
902 1826 1070 1906 utrumque
1086 1823 1267 1906 plantatum
1284 1841 1308 1878 1⁰

93 1925 165 1989 fuit.
212 1927 240 1989 5.
267 1926 368 2003 Quam
398 1928 460 1991 vim
483 1951 555 1992 oum
581 1929 795 2012 perspexisset
828 1926 1008 2010 apostolus,
1042 1926 1267 2011 cognitionem,

94 2051 175 2114 quae
198 2031 265 2095 sine
298 2033 431 2097 veritate
454 2033 596 2097 mandati
629 2033 790 2096 advitam
823 2036 1002 2106 exercetur,
1037 2031 1269 2114 reprehendens

91 2136 188 2199 dicit:
223 2138 371 2217 Coponio
399 2142 509 2219 inflat,
538 2140 672 2202 dilectio
696 2147 805 2202 autem
838 2139 1000 2215 aedificat.
1046 2137 1075 2198 6.
1101 2134 1162 2211 Qui
1185 2135 1270 2199 enim

91 2243 161 2307 sine
185 2242 365 2324 cognitione
380 2245 501 2305 verset
517 2243 699 2307 testimonio
722 2242 806 2305 vitae
823 2242 1030 2323 comprobata
1053 2240 1174 2324 aliquid
1189 2240 1269 2304 scire

91 2351 196 2431 putat,
220 2367 283 2410 non
307 2347 479 2430 cognoscit,
504 2369 524 2408 a
546 2350 691 2430 serpente
714 2346 888 2429 decipitur,
913 2346 988 2429 quia
1010 2346 1109 2409 vitam
1131 2366 1195 2409 non
1219 2343 1267 2408 di·
1283 2359 1309 2398 1⁶

92 2452 180 2515 lexit.
227 2449 349 2535 Atqui
383 2472 454 2514 cum
487 2450 601 2514 timore
635 2449 846 2533 cognitionem
868 2453 917 2513 est
950 2451 1085 2533 adeptus
1107 2453 1139 2513 et
1171 2449 1269 2513 vitam

93 2556 230 2639 quaerit,
261 2556 294 2619 in
317 2576 373 2638 spe
395 2555 535 2639 plantat,
564 2556 703 2618 fructum
730 2558 927 2637 exspectans.
975 2555 1003 2617 7.
1029 2553 1108 2617 Esto
1131 2552 1193 2617 tibi
1217 2574 1271 2617 cor

93 2660 247 2744 cognitio,
277 2660 344 2724 vita
366 2664 472 2724 autem
495 2681 597 2724 sermo
619 2680 726 2734 verus,
760 2657 813 2741 qui
836 2657 997 2740 recipitur.
1044 2659 1073 2721 8.
1098 2657 1194 2722 Cuius
1218 2679 1269 2720 ar·

93 2766 202 2829 borem
224 2764 328 2828 ferens
352 2770 383 2827 et
406 2765 544 2829 fructum
579 2764 754 2848 adipiscens
777 2784 901 2847 semper
927 2768 1045 2840 metes,
1080 2784 1161 2847 quae
1185 2762 1271 2845 apud

94 2869 187 2932 deum
210 2869 438 2945 desiderantur,
468 2890 547 2952 quae
571 2890 699 2952 serpens
723 2889 787 2931 non
811 2871 959 2931 attrectat
980 2889 1083 2952 neque
1106 2866 1193 2930 fraus
1217 2870 1268 2930 at·
1283 2881 1309 2921 2⁰

93 2972 206 3056 tingit;
240 2994 342 3057 neque
364 2972 434 3036 Eva
456 2976 531 3035 tuuc
553 2973 779 3056 corrumpitur,
806 2973 861 3036 sed
882 2972 973 3057 virgo
996 2972 1148 3045 oreditur;
1183 2972 1214 3035 9.
1239 2974 1270 3034 et

93 3076 180 3140 salus
196 3081 337 3160 apparet,
362 3081 394 3141 et
410 3076 547 3159 apostoli
563 3076 719 3160 sapientia
734 3076 951 3160 replebuntur,
969 3082 1000 3140 et
1015 3075 1134 3140 domini
1149 3074 1270 3159 pascha

93 3180 231 3255 advenit,
256 3185 287 3244 et
302 3183 445 3263 tempora
468 3184 705 3264 congregantur
720 3183 752 3242 et
775 3179 923 3243 decenter
938 3179 1134 3254 ordinantur,
1150 3182 1182 3241 et
1197 3199 1269 3241 ver·

93 3286 171 3348 bum
194 3290 319 3349 sanctos
342 3286 456 3349 docens
478 3284 634 3360 laetatur,
664 3305 721 3367 per
745 3284 830 3367 quod
852 3288 945 3367 pater
973 3281 1184 3366 glorificatum
1219 3281 1270 3344 cui

93 3389 137 3453 sit
159 3389 263 3473 gloria
283 3389 316 3452 in
339 3388 472 3453 saecula.
519 3388 632 3453 Amen.
1283 3401 1309 3440 ¹⁶

164 3525 180 3576 2
199 3523 267 3577 Gen.
287 3521 311 3585 2,
330 3522 355 3578 9.
373 3553 408 3561 -
428 3525 458 3577 ll
478 3521 571 3576 1001.
590 3521 614 3586 8,
635 3525 657 3577 1.
676 3553 710 3560 -
730 3520 793 3575 151
812 3521 874 3576 Cor.
894 3520 917 3584 9,
939 3520 979 3574 10.

91 3643 236 3718 παρθένος
253 3643 292 3713 π.]
311 3645 418 3697 Auctor
428 3643 517 3698 Evam
530 3644 669 3715 virginem
695 3645 769 3698 beat.
806 3644 934 3698 Clemens
946 3643 989 3697 m
1002 3643 1123 3711 quidem,
1137 3642 1173 3697 ad
1185 3659 1269 3711 quem

92 3732 237 3801 appellare
255 3731 372 3794 videtur,
392 3730 512 3785 Mariam
529 3732 669 3801 virginem
694 3732 805 3800 (Strom.
824 3731 871 3793 Ill,
891 3731 930 3795 10,
950 3731 984 3785 70
1001 3748 1029 3800 p.
1048 3731 1114 3784 543:
1133 3732 1220 3799 νόμος
1239 3750 1269 3787 τε

92 3820 229 3886 tanquam
258 3816 374 3871 alteram
397 3817 485 3872 Evam
515 3818 545 3872 in
573 3824 667 3874 mente
694 3817 768 3887 ὁμοῦ
785 3823 830 3874 καὶ
848 3830 988 3891 προφῆται
1006 3818 1056 3875 σὺν
1072 3821 1172 3892 καὶτῷ
1190 3816 1268 3890 εὐαγ-

91 3906 209 3960 habens.
247 3904 288 3959 Cf.
307 3904 577 3969 Iust.Dial.e.100;
595 3907 666 3960 lren.
695 3908 776 3980 yeidrp
801 3903 831 3961 ἐν
854 3904 970 3973 ὀνόματι
990 3908 1114 3975 Χριστοῦ
1138 3903 1178 3971 εἰς
1202 3907 1270 3973 μίαν

92 3993 244 4055 111,33‚4.
694 3991 860 4064 συνάγονται
886 3990 999 4062 γνῶσιν)
1026 3992 1176 4059 provocat,
1206 4006 1269 4043 eam

127 4081 152 4133 9.
170 4082 262 4152 καιροὶ
283 4079 353 4149 κτλ]
381 4077 506 4133 Credner
531 4078 667 4149 interpre-
695 4095 752 4131 non
770 4080 890 4146 usurpat
909 4076 1042 4131 absolute.
1080 4076 1150 4130 Mihi
1169 4079 1269 4130 auctor

92 4167 186 4220 tatur:
200 4169 331 4233 tempora
340 4164 666 4234 comprehenduntur(sc.
696 4165 731 4217 de
743 4163 917 4233 temporibus
937 4163 1004 4217 anni
1017 4163 1165 4216 christiani
1175 4163 1269 4218 dicere

93 4251 124 4308 ἐν
141 4251 228 4326 λόγῳ)
257 4256 284 4305 et
303 4267 376 4319 quae
404 4251 439 4304 ad
467 4267 501 4303 ea
527 4253 666 4320 spectant,
693 4250 814 4305 videtur.
853 4250 935 4312 Otto,
955 4249 1004 4316 qui
1023 4250 1176 4303 seeundum
1193 4249 1268 4304 codi-

92 4354 166 4406 quae
184 4341 250 4390 sunt
268 4339 344 4392 ultra
367 4336 442 4390 hunc
460 4336 607 4399 mundum,
634 4354 668 4392 ea
695 4354 754 4391 cem
772 4340 853 4410 κηροὶ
870 4335 948 4405 legit,
968 4338 1070 4398 mouet,
1091 4334 1267 4390 Christianos

94 4424 288 4494 explanantur.
327 4423 382 4478 Sed
393 4423 545 4492 quaeritur,
565 4440 602 4477 an
613 4440 668 4478 vox
693 4423 872 4494 potissimum
889 4427 1016 4492 tempore
1033 4423 1162 4493 paschali
1180 4423 1267 4479 cereis

92 4513 265 4584 συνάγεσθαι
284 4509 606 4581 illamsignifioationem
618 4511 666 4564 ha-
693 4528 759 4565 usos
778 4526 846 4563 esse.
