<?xml version="1.0" encoding="UTF-8"?>
<!DOCTYPE html PUBLIC "-//W3C//DTD XHTML 1.0 Transitional//EN"
    "http://www.w3.org/TR/xhtml1/DTD/xhtml1-transitional.dtd">
<html xmlns="http://www.w3.org/1999/xhtml" xml:lang="en" lang="en">
 <head>
  <title>
</title>
<meta http-equiv="Content-Type" content="text/html;charset=utf-8" />
  <meta name='ocr-system' content='tesseract 3.04.00' />
  <meta name='ocr-capabilities' content='ocr_page ocr_carea ocr_par ocr_line ocrx_word'/>
</head>
<body>
  <div class='ocr_page' id='page_1' title='image "./patresapostolic00piongoog_0323.png"; bbox 0 0 2834 5018; ppageno 0'>
   <div class='ocr_carea' id='block_1_1' title="bbox 185 271 887 342">
    <p class='ocr_par' dir='ltr' id='par_1_1' title="bbox 185 271 887 342">
     <span class='ocr_line' id='line_1_1' title="bbox 185 271 887 342; baseline -0.027 0"><span class='ocrx_word' id='word_1_1' title='bbox 185 278 245 342; x_wconf 84' lang='lat'><strong><em>162</em></strong></span> <span class='ocrx_word' id='word_1_2' title='bbox 648 272 661 326; x_wconf 92' lang='lat'>1</span> <span class='ocrx_word' id='word_1_3' title='bbox 681 271 887 327; x_wconf 74' lang='lat' dir='ltr'><strong>CLEMENTIS</strong></span> 
     </span>
    </p>
   </div>
   <div class='ocr_carea' id='block_1_2' title="bbox 141 445 1359 3250">
    <p class='ocr_par' dir='ltr' id='par_1_2' title="bbox 141 445 1359 3250">
     <span class='ocr_line' id='line_1_2' title="bbox 183 445 1355 534; baseline 0.003 -22"><span class='ocrx_word' id='word_1_4' title='bbox 183 448 276 533; x_wconf 86' lang='grc' dir='ltr'><strong><em>σύνης</em></strong></span> <span class='ocrx_word' id='word_1_5' title='bbox 300 450 455 534; x_wconf 89' lang='grc' dir='ltr'><strong><em>ἀνεῳγυῖα</em></strong></span> <span class='ocrx_word' id='word_1_6' title='bbox 478 449 520 525; x_wconf 81' lang='grc' dir='ltr'><strong><em>εἰς</em></strong></span> <span class='ocrx_word' id='word_1_7' title='bbox 543 449 626 532; x_wconf 80' lang='grc' dir='ltr'><strong><em>ζωὴν</em></strong></span> <span class='ocrx_word' id='word_1_8' title='bbox 649 451 739 533; x_wconf 83' lang='grc' dir='ltr'><strong><em>αῦτη,</em></strong></span> <span class='ocrx_word' id='word_1_9' title='bbox 762 450 875 522; x_wconf 89' lang='grc' dir='ltr'><strong><em>καθὼς</em></strong></span> <span class='ocrx_word' id='word_1_10' title='bbox 897 445 1087 531; x_wconf 88' lang='grc' dir='ltr'><strong><em>γέγραπται·</em></strong></span> <span class='ocrx_word' id='word_1_11' title='bbox 1111 445 1282 527; x_wconf 82' lang='grc' dir='ltr'><strong><em>Ἀνοίξατέ</em></strong></span> <span class='ocrx_word' id='word_1_12' title='bbox 1301 471 1355 531; x_wconf 86' lang='grc' dir='ltr'><strong><em>μοι</em></strong></span> 
     </span>
     <span class='ocr_line' id='line_1_3' title="bbox 182 550 1355 639; baseline 0.001 -21"><span class='ocrx_word' id='word_1_13' title='bbox 182 554 293 636; x_wconf 81' lang='grc' dir='ltr'><strong><em>πύλας</em></strong></span> <span class='ocrx_word' id='word_1_14' title='bbox 316 555 547 639; x_wconf 79' lang='grc' dir='ltr'><strong><em>δικαιοσύνης·</em></strong></span> <span class='ocrx_word' id='word_1_15' title='bbox 580 553 750 620; x_wconf 80' lang='grc' dir='ltr'><strong><em>εἰσελθὼν</em></strong></span> <span class='ocrx_word' id='word_1_16' title='bbox 782 555 820 618; x_wconf 80' lang='grc' dir='ltr'><strong><em>ἐν</em></strong></span> <span class='ocrx_word' id='word_1_17' title='bbox 842 557 958 634; x_wconf 79' lang='grc' dir='ltr'><strong><em>αὐτοῖς</em></strong></span> <span class='ocrx_word' id='word_1_18' title='bbox 991 550 1285 636; x_wconf 82' lang='grc' dir='ltr'><strong><em>ἑξομολογήσομαι</em></strong></span> <span class='ocrx_word' id='word_1_19' title='bbox 1311 559 1355 638; x_wconf 83' lang='grc' dir='ltr'><strong><em>τῷ</em></strong></span> 
     </span>
     <span class='ocr_line' id='line_1_4' title="bbox 181 656 1356 744; baseline 0.003 -23"><span class='ocrx_word' id='word_1_20' title='bbox 181 662 303 744; x_wconf 85' lang='grc' dir='ltr'><strong><em>κυρίῳ·</em></strong></span> <span class='ocrx_word' id='word_1_21' title='bbox 337 662 366 725; x_wconf 91' lang='grc'><strong><em>3.</em></strong></span> <span class='ocrx_word' id='word_1_22' title='bbox 391 663 476 743; x_wconf 87' lang='grc' dir='ltr'><strong><em>αύτη</em></strong></span> <span class='ocrx_word' id='word_1_23' title='bbox 498 662 520 743; x_wconf 80' lang='grc' dir='ltr'><strong><em>ἤ</em></strong></span> <span class='ocrx_word' id='word_1_24' title='bbox 543 658 635 744; x_wconf 83' lang='grc' dir='ltr'><em>πύλη</em></span> <span class='ocrx_word' id='word_1_25' title='bbox 658 667 719 724; x_wconf 85' lang='grc' dir='ltr'><strong><em>τοῦ</em></strong></span> <span class='ocrx_word' id='word_1_26' title='bbox 742 663 877 743; x_wconf 88' lang='grc' dir='ltr'><strong><em>κυρίου·</em></strong></span> <span class='ocrx_word' id='word_1_27' title='bbox 902 658 1025 722; x_wconf 91' lang='grc' dir='ltr'><strong><em>δίκαιοι</em></strong></span> <span class='ocrx_word' id='word_1_28' title='bbox 1048 656 1299 724; x_wconf 77' lang='grc' dir='ltr'><strong><em>εἰσελεύσονται</em></strong></span> <span class='ocrx_word' id='word_1_29' title='bbox 1320 659 1356 723; x_wconf 77' lang='grc' dir='ltr'><strong><em>ἐν</em></strong></span> 
     </span>
     <span class='ocr_line' id='line_1_5' title="bbox 183 760 1356 851; baseline -0.002 -22"><span class='ocrx_word' id='word_1_30' title='bbox 183 767 276 851; x_wconf 79' lang='grc' dir='ltr'><strong><em>αὐτῇ.</em></strong></span> <span class='ocrx_word' id='word_1_31' title='bbox 323 770 352 831; x_wconf 87' lang='grc'><strong><em>4.</em></strong></span> <span class='ocrx_word' id='word_1_32' title='bbox 377 765 503 829; x_wconf 81' lang='grc' dir='ltr'><strong><em>πολλῶν</em></strong></span> <span class='ocrx_word' id='word_1_33' title='bbox 535 762 588 828; x_wconf 82' lang='grc' dir='ltr'><strong><em>οὖν</em></strong></span> <span class='ocrx_word' id='word_1_34' title='bbox 618 763 726 827; x_wconf 82' lang='grc' dir='ltr'><strong><em>πυλῶν</em></strong></span> <span class='ocrx_word' id='word_1_35' title='bbox 758 764 936 847; x_wconf 84' lang='grc' dir='ltr'><strong><em>ἀνειργυιων</em></strong></span> <span class='ocrx_word' id='word_1_36' title='bbox 966 760 1042 845; x_wconf 85' lang='grc' dir='ltr'><strong><em>ἤέν</em></strong></span> <span class='ocrx_word' id='word_1_37' title='bbox 1070 761 1255 847; x_wconf 83' lang='grc' dir='ltr'><strong><em>δικαιοσύνη</em></strong></span> <span class='ocrx_word' id='word_1_38' title='bbox 1281 765 1356 847; x_wconf 83' lang='grc' dir='ltr'><strong><em>αῦτη</em></strong></span> 
     </span>
     <span class='ocr_line' id='line_1_6' title="bbox 156 866 1356 953; baseline 0 -22"><span class='ocrx_word' id='word_1_39' title='bbox 156 867 265 932; x_wconf 66' lang='lat' dir='ltr'><strong>semia</strong></span> <span class='ocrx_word' id='word_1_40' title='bbox 288 869 308 953; x_wconf 80' lang='grc' dir='ltr'><em>ἡ</em></span> <span class='ocrx_word' id='word_1_41' title='bbox 331 869 363 932; x_wconf 84' lang='grc' dir='ltr'><strong><em>ἐν</em></strong></span> <span class='ocrx_word' id='word_1_42' title='bbox 386 868 524 952; x_wconf 85' lang='grc' dir='ltr'><strong><em>Χριστῷ,</em></strong></span> <span class='ocrx_word' id='word_1_43' title='bbox 548 868 580 933; x_wconf 83' lang='grc' dir='ltr'><strong><em>ἐν</em></strong></span> <span class='ocrx_word' id='word_1_44' title='bbox 603 867 623 953; x_wconf 79' lang='grc' dir='ltr'><strong><em>ἤ</em></strong></span> <span class='ocrx_word' id='word_1_45' title='bbox 645 869 792 953; x_wconf 87' lang='grc' dir='ltr'><strong><em>μακάριοι</em></strong></span> <span class='ocrx_word' id='word_1_46' title='bbox 820 868 933 943; x_wconf 84' lang='grc' dir='ltr'><strong><em>πάντες</em></strong></span> <span class='ocrx_word' id='word_1_47' title='bbox 956 867 985 931; x_wconf 88' lang='grc' dir='ltr'><strong><em>οί</em></strong></span> <span class='ocrx_word' id='word_1_48' title='bbox 1007 866 1206 943; x_wconf 76' lang='grc' dir='ltr'><strong><em>εἰσελθόντες</em></strong></span> <span class='ocrx_word' id='word_1_49' title='bbox 1227 869 1282 931; x_wconf 87' lang='grc' dir='ltr'><strong><em>καί</em></strong></span> <span class='ocrx_word' id='word_1_50' title='bbox 1303 890 1356 930; x_wconf 84' lang='grc' dir='ltr'><strong><em>κα-</em></strong></span> 
     </span>
     <span class='ocr_line' id='line_1_7' title="bbox 181 971 1356 1059; baseline -0.002 -22"><span class='ocrx_word' id='word_1_51' title='bbox 181 974 384 1050; x_wconf 85' lang='grc' dir='ltr'><strong><em>τευθύνοντες</em></strong></span> <span class='ocrx_word' id='word_1_52' title='bbox 406 976 462 1057; x_wconf 73' lang='grc' dir='ltr'><strong><em>τὴν</em></strong></span> <span class='ocrx_word' id='word_1_53' title='bbox 485 974 612 1056; x_wconf 90' lang='grc' dir='ltr'><strong><em>πορείαν</em></strong></span> <span class='ocrx_word' id='word_1_54' title='bbox 636 975 738 1038; x_wconf 83' lang='grc' dir='ltr'><strong><em>αὐτῶν</em></strong></span> <span class='ocrx_word' id='word_1_55' title='bbox 754 975 793 1038; x_wconf 79' lang='grc' dir='ltr'><strong><em>ἐν</em></strong></span> <span class='ocrx_word' id='word_1_56' title='bbox 816 974 964 1056; x_wconf 78' lang='grc' dir='ltr'><strong><em>ὁσιότητι</em></strong></span> <span class='ocrx_word' id='word_1_57' title='bbox 979 974 1036 1036; x_wconf 85' lang='grc' dir='ltr'><strong><em>καὶ</em></strong></span> <span class='ocrx_word' id='word_1_58' title='bbox 1059 971 1270 1059; x_wconf 88' lang='grc' dir='ltr'><strong><em>δικαιοσύνη,</em></strong></span> <span class='ocrx_word' id='word_1_59' title='bbox 1286 973 1356 1035; x_wconf 87' lang='grc' dir='ltr'><strong><em>ἀτα-</em></strong></span> 
     </span>
     <span class='ocr_line' id='line_1_8' title="bbox 182 1075 1357 1161; baseline -0.001 -20"><span class='ocrx_word' id='word_1_60' title='bbox 182 1079 286 1161; x_wconf 87' lang='grc' dir='ltr'><strong><em>ράχως</em></strong></span> <span class='ocrx_word' id='word_1_61' title='bbox 302 1079 404 1142; x_wconf 89' lang='grc' dir='ltr'><strong><em>πάντα</em></strong></span> <span class='ocrx_word' id='word_1_62' title='bbox 420 1077 640 1153; x_wconf 82' lang='grc' dir='ltr'><strong><em>ἐπιτελοῦντες.</em></strong></span> <span class='ocrx_word' id='word_1_63' title='bbox 681 1082 710 1144; x_wconf 87' lang='grc'><strong><em>5.</em></strong></span> <span class='ocrx_word' id='word_1_64' title='bbox 736 1077 801 1159; x_wconf 89' lang='grc' dir='ltr'><strong><em>ἤτω</em></strong></span> <span class='ocrx_word' id='word_1_65' title='bbox 817 1098 861 1152; x_wconf 90' lang='grc' dir='ltr'><strong><em>τις</em></strong></span> <span class='ocrx_word' id='word_1_66' title='bbox 877 1075 994 1153; x_wconf 79' lang='grc' dir='ltr'><strong><em>πιστάς,</em></strong></span> <span class='ocrx_word' id='word_1_67' title='bbox 1017 1075 1082 1156; x_wconf 88' lang='grc' dir='ltr'><strong><em>ἤτω</em></strong></span> <span class='ocrx_word' id='word_1_68' title='bbox 1098 1075 1229 1151; x_wconf 85' lang='grc' dir='ltr'><strong><em>δυνατὸς</em></strong></span> <span class='ocrx_word' id='word_1_69' title='bbox 1244 1085 1357 1160; x_wconf 83' lang='grc' dir='ltr'><strong><em>γνῶσιν</em></strong></span> 
     </span>
     <span class='ocr_line' id='line_1_9' title="bbox 181 1178 1356 1265; baseline -0.003 -18"><span class='ocrx_word' id='word_1_70' title='bbox 181 1182 327 1263; x_wconf 78' lang='grc' dir='ltr'><strong><em>ἐξειπεῖν,</em></strong></span> <span class='ocrx_word' id='word_1_71' title='bbox 357 1183 422 1264; x_wconf 88' lang='grc' dir='ltr'><strong><em>ἤτω</em></strong></span> <span class='ocrx_word' id='word_1_72' title='bbox 452 1185 548 1265; x_wconf 83' lang='grc' dir='ltr'><strong><em>σοφὸς</em></strong></span> <span class='ocrx_word' id='word_1_73' title='bbox 580 1181 612 1245; x_wconf 83' lang='grc' dir='ltr'><strong><em>ἐν</em></strong></span> <span class='ocrx_word' id='word_1_74' title='bbox 635 1180 785 1263; x_wconf 77' lang='grc' dir='ltr'><strong><em>διακρίσει</em></strong></span> <span class='ocrx_word' id='word_1_75' title='bbox 816 1181 936 1265; x_wconf 79' lang='grc' dir='ltr'><strong><em>λόγων,</em></strong></span> <span class='ocrx_word' id='word_1_76' title='bbox 970 1180 1035 1262; x_wconf 86' lang='grc' dir='ltr'><strong><em>ἤτω</em></strong></span> <span class='ocrx_word' id='word_1_77' title='bbox 1066 1180 1159 1264; x_wconf 80' lang='grc' dir='ltr'><strong><em>ἁγνὸς</em></strong></span> <span class='ocrx_word' id='word_1_78' title='bbox 1183 1178 1216 1242; x_wconf 86' lang='grc' dir='ltr'><strong><em>ἐν</em></strong></span> <span class='ocrx_word' id='word_1_79' title='bbox 1239 1181 1356 1264; x_wconf 70' lang='grc' dir='ltr'><strong><em>ἔργοις</em></strong></span> 
     </span>
     <span class='ocr_line' id='line_1_10' title="bbox 182 1284 1356 1371; baseline -0.003 -19"><span class='ocrx_word' id='word_1_80' title='bbox 182 1290 211 1354; x_wconf 86' lang='grc'><strong><em>6.</em></strong></span> <span class='ocrx_word' id='word_1_81' title='bbox 237 1287 375 1371; x_wconf 81' lang='grc' dir='ltr'><strong><em>τοσούτῳ</em></strong></span> <span class='ocrx_word' id='word_1_82' title='bbox 397 1289 458 1371; x_wconf 91' lang='grc' dir='ltr'><strong><em>γάρ</em></strong></span> <span class='ocrx_word' id='word_1_83' title='bbox 480 1285 600 1370; x_wconf 89' lang='grc' dir='ltr'><strong><em>μᾶλλον</em></strong></span> <span class='ocrx_word' id='word_1_84' title='bbox 622 1295 874 1368; x_wconf 74' lang='grc' dir='ltr'><strong><em>ταπεινοφρονεῖν</em></strong></span> <span class='ocrx_word' id='word_1_85' title='bbox 891 1285 1017 1367; x_wconf 78' lang='grc' dir='ltr'><strong><em>ὀφείλει,</em></strong></span> <span class='ocrx_word' id='word_1_86' title='bbox 1042 1286 1106 1367; x_wconf 82' lang='grc' dir='ltr'><strong><em>δσιρ</em></strong></span> <span class='ocrx_word' id='word_1_87' title='bbox 1129 1284 1215 1346; x_wconf 86' lang='grc' dir='ltr'><strong><em>δοκεῖ</em></strong></span> <span class='ocrx_word' id='word_1_88' title='bbox 1238 1284 1356 1368; x_wconf 81' lang='grc' dir='ltr'><strong><em>μᾶλλον</em></strong></span> 
     </span>
     <span class='ocr_line' id='line_1_11' title="bbox 144 1387 1357 1476; baseline 0.001 -24"><span class='ocrx_word' id='word_1_89' title='bbox 144 1416 169 1453; x_wconf 79' lang='grc' dir='ltr'><strong><em>ιο</em></strong></span> <span class='ocrx_word' id='word_1_90' title='bbox 183 1391 296 1476; x_wconf 81' lang='grc' dir='ltr'><strong><em>μείζων</em></strong></span> <span class='ocrx_word' id='word_1_91' title='bbox 320 1390 406 1471; x_wconf 88' lang='grc' dir='ltr'><strong><em>είναι,</em></strong></span> <span class='ocrx_word' id='word_1_92' title='bbox 429 1392 482 1454; x_wconf 82' lang='grc' dir='ltr'><strong><em>καί</em></strong></span> <span class='ocrx_word' id='word_1_93' title='bbox 506 1391 607 1475; x_wconf 81' lang='grc' dir='ltr'><strong><em>ζητεῖν</em></strong></span> <span class='ocrx_word' id='word_1_94' title='bbox 630 1392 666 1453; x_wconf 83' lang='grc' dir='ltr'><strong><em>τὸ</em></strong></span> <span class='ocrx_word' id='word_1_95' title='bbox 688 1389 878 1471; x_wconf 77' lang='grc' dir='ltr'><strong><em>κοινωφελὲς</em></strong></span> <span class='ocrx_word' id='word_1_96' title='bbox 901 1398 1009 1467; x_wconf 77' lang='grc' dir='ltr'><strong><em>πᾶσιν,</em></strong></span> <span class='ocrx_word' id='word_1_97' title='bbox 1032 1389 1086 1450; x_wconf 76' lang='grc' dir='ltr'><strong><em>καί</em></strong></span> <span class='ocrx_word' id='word_1_98' title='bbox 1110 1390 1152 1471; x_wconf 83' lang='grc' dir='ltr'><strong><em>μὴ</em></strong></span> <span class='ocrx_word' id='word_1_99' title='bbox 1175 1389 1211 1450; x_wconf 84' lang='grc' dir='ltr'><strong><em>τὸ</em></strong></span> <span class='ocrx_word' id='word_1_100' title='bbox 1235 1387 1357 1453; x_wconf 89' lang='grc' dir='ltr'><strong><em>ἑαυτοῦ.</em></strong></span> 
     </span>
     <span class='ocr_line' id='line_1_12' title="bbox 269 1492 1357 1579; baseline -0.008 -15"><span class='ocrx_word' id='word_1_101' title='bbox 269 1498 379 1563; x_wconf 88' lang='lat' dir='ltr'>XLIX.</span> <span class='ocrx_word' id='word_1_102' title='bbox 403 1494 439 1559; x_wconf 83' lang='lat'><strong><em>‘0</em></strong></span> <span class='ocrx_word' id='word_1_103' title='bbox 462 1496 544 1578; x_wconf 83' lang='grc' dir='ltr'><strong><em>ἔχων</em></strong></span> <span class='ocrx_word' id='word_1_104' title='bbox 560 1495 684 1579; x_wconf 82' lang='grc' dir='ltr'><strong><em>ἀγάπην</em></strong></span> <span class='ocrx_word' id='word_1_105' title='bbox 708 1492 741 1556; x_wconf 87' lang='grc' dir='ltr'><strong><em>έν</em></strong></span> <span class='ocrx_word' id='word_1_106' title='bbox 756 1492 884 1577; x_wconf 83' lang='grc' dir='ltr'><strong><em>Χριστῷ</em></strong></span> <span class='ocrx_word' id='word_1_107' title='bbox 907 1493 1068 1577; x_wconf 76' lang='grc' dir='ltr'><strong><em>ποιησάτω</em></strong></span> <span class='ocrx_word' id='word_1_108' title='bbox 1087 1496 1126 1556; x_wconf 89' lang='grc' dir='ltr'><strong><em>τά</em></strong></span> <span class='ocrx_word' id='word_1_109' title='bbox 1149 1501 1204 1556; x_wconf 89' lang='grc' dir='ltr'><strong><em>τοῦ</em></strong></span> <span class='ocrx_word' id='word_1_110' title='bbox 1220 1493 1357 1578; x_wconf 82' lang='grc' dir='ltr'><strong><em>Χριστοῦ</em></strong></span> 
     </span>
     <span class='ocr_line' id='line_1_13' title="bbox 182 1597 1357 1685; baseline 0 -22"><span class='ocrx_word' id='word_1_111' title='bbox 182 1600 438 1685; x_wconf 79' lang='grc' dir='ltr'><strong><em>παραγγέλματα.</em></strong></span> <span class='ocrx_word' id='word_1_112' title='bbox 484 1604 513 1666; x_wconf 85' lang='grc'><strong><em>2.</em></strong></span> <span class='ocrx_word' id='word_1_113' title='bbox 539 1601 590 1663; x_wconf 79' lang='grc' dir='ltr'><strong><em>τὸν</em></strong></span> <span class='ocrx_word' id='word_1_114' title='bbox 615 1599 729 1681; x_wconf 83' lang='grc' dir='ltr'><strong><em>δεσμὸν</em></strong></span> <span class='ocrx_word' id='word_1_115' title='bbox 752 1608 806 1681; x_wconf 81' lang='grc' dir='ltr'><strong><em>της</em></strong></span> <span class='ocrx_word' id='word_1_116' title='bbox 836 1597 959 1681; x_wconf 84' lang='grc' dir='ltr'><strong><em>ἀγάπης</em></strong></span> <span class='ocrx_word' id='word_1_117' title='bbox 982 1607 1038 1660; x_wconf 90' lang='grc' dir='ltr'><strong><em>τοῦ</em></strong></span> <span class='ocrx_word' id='word_1_118' title='bbox 1061 1600 1140 1662; x_wconf 91' lang='grc' dir='ltr'><strong><em>θεοῦ</em></strong></span> <span class='ocrx_word' id='word_1_119' title='bbox 1163 1597 1208 1673; x_wconf 83' lang='grc' dir='ltr'><strong><em>τίς</em></strong></span> <span class='ocrx_word' id='word_1_120' title='bbox 1230 1598 1357 1663; x_wconf 87' lang='grc' dir='ltr'><strong><em>δύναται</em></strong></span> 
     </span>
     <span class='ocr_line' id='line_1_14' title="bbox 182 1701 1358 1789; baseline 0.001 -23"><span class='ocrx_word' id='word_1_121' title='bbox 182 1702 414 1789; x_wconf 73' lang='grc' dir='ltr'><strong><em>ἐξηγήσασθαις</em></strong></span> <span class='ocrx_word' id='word_1_122' title='bbox 449 1708 477 1771; x_wconf 90' lang='grc'><strong><em>3.</em></strong></span> <span class='ocrx_word' id='word_1_123' title='bbox 502 1705 536 1766; x_wconf 76' lang='grc' dir='ltr'><strong><em>τὸ</em></strong></span> <span class='ocrx_word' id='word_1_124' title='bbox 567 1703 731 1788; x_wconf 85' lang='grc' dir='ltr'><strong><em>μεγαλεῖον</em></strong></span> <span class='ocrx_word' id='word_1_125' title='bbox 761 1713 816 1786; x_wconf 81' lang='grc' dir='ltr'><strong><em>τῆς</em></strong></span> <span class='ocrx_word' id='word_1_126' title='bbox 847 1701 1003 1784; x_wconf 81' lang='grc' dir='ltr'><strong><em>καλλονῆς</em></strong></span> <span class='ocrx_word' id='word_1_127' title='bbox 1033 1703 1128 1765; x_wconf 82' lang='grc' dir='ltr'><strong><em>αὐτοῦ</em></strong></span> <span class='ocrx_word' id='word_1_128' title='bbox 1151 1702 1197 1778; x_wconf 90' lang='grc' dir='ltr'><strong><em>τίς</em></strong></span> <span class='ocrx_word' id='word_1_129' title='bbox 1228 1704 1358 1787; x_wconf 84' lang='grc' dir='ltr'><strong><em>ἀρκετδς</em></strong></span> 
     </span>
     <span class='ocr_line' id='line_1_15' title="bbox 182 1805 1357 1891; baseline -0.002 -20"><span class='ocrx_word' id='word_1_130' title='bbox 182 1806 329 1889; x_wconf 83' lang='grc' dir='ltr'><strong><em>ἐξειπεῖν;</em></strong></span> <span class='ocrx_word' id='word_1_131' title='bbox 364 1814 393 1875; x_wconf 89' lang='grc'><strong><em>4.</em></strong></span> <span class='ocrx_word' id='word_1_132' title='bbox 419 1810 453 1871; x_wconf 85' lang='grc' dir='ltr'><strong><em>τδ</em></strong></span> <span class='ocrx_word' id='word_1_133' title='bbox 477 1808 565 1890; x_wconf 78' lang='grc' dir='ltr'><strong><em>ὕψος,</em></strong></span> <span class='ocrx_word' id='word_1_134' title='bbox 588 1808 631 1883; x_wconf 83' lang='grc' dir='ltr'><strong><em>εἰς</em></strong></span> <span class='ocrx_word' id='word_1_135' title='bbox 655 1809 671 1870; x_wconf 88' lang='grc' dir='ltr'>ὃ</span> <span class='ocrx_word' id='word_1_136' title='bbox 696 1807 803 1891; x_wconf 79' lang='grc' dir='ltr'><strong><em>ἀνάγει</em></strong></span> <span class='ocrx_word' id='word_1_137' title='bbox 826 1805 846 1888; x_wconf 85' lang='grc' dir='ltr'><strong><em>ἤ</em></strong></span> <span class='ocrx_word' id='word_1_138' title='bbox 870 1807 994 1891; x_wconf 83' lang='grc' dir='ltr'><strong><em>ἀγάπη,</em></strong></span> <span class='ocrx_word' id='word_1_139' title='bbox 1018 1805 1241 1891; x_wconf 83' lang='grc' dir='ltr'><strong><em>ἀνεκδιῆγητύν</em></strong></span> <span class='ocrx_word' id='word_1_140' title='bbox 1265 1808 1357 1872; x_wconf 81' lang='grc' dir='ltr'><strong><em>ἐστιν.</em></strong></span> 
     </span>
     <span class='ocr_line' id='line_1_16' title="bbox 144 1910 1358 1999; baseline 0.002 -23"><span class='ocrx_word' id='word_1_141' title='bbox 144 1940 169 1977; x_wconf 82' lang='grc' dir='ltr'><strong><em>ιι</em></strong></span> <span class='ocrx_word' id='word_1_142' title='bbox 183 1919 212 1981; x_wconf 88' lang='grc'><strong><em>5.</em></strong></span> <span class='ocrx_word' id='word_1_143' title='bbox 237 1915 343 1998; x_wconf 82' lang='grc' dir='ltr'><strong><em>ἀγάπη</em></strong></span> <span class='ocrx_word' id='word_1_144' title='bbox 366 1912 468 1996; x_wconf 88' lang='grc' dir='ltr'><strong><em>κολλᾷ</em></strong></span> <span class='ocrx_word' id='word_1_145' title='bbox 490 1912 571 1995; x_wconf 77' lang='grc' dir='ltr'><strong><em>ἡμᾶς</em></strong></span> <span class='ocrx_word' id='word_1_146' title='bbox 593 1920 637 1994; x_wconf 81' lang='grc' dir='ltr'><strong><em>τῷ</em></strong></span> <span class='ocrx_word' id='word_1_147' title='bbox 662 1914 740 1995; x_wconf 84' lang='grc' dir='ltr'><strong><em>θεῷ,</em></strong></span> <span class='ocrx_word' id='word_1_148' title='bbox 764 1913 880 1996; x_wconf 84' lang='grc' dir='ltr'><strong><em>ἀγάπη</em></strong></span> <span class='ocrx_word' id='word_1_149' title='bbox 903 1911 1065 1976; x_wconf 82' lang='grc' dir='ltr'><strong><em>καλύπτει</em></strong></span> <span class='ocrx_word' id='word_1_150' title='bbox 1089 1910 1225 1995; x_wconf 78' lang='grc' dir='ltr'><strong><em>πλῆθος</em></strong></span> <span class='ocrx_word' id='word_1_151' title='bbox 1249 1916 1358 1999; x_wconf 83' lang='grc' dir='ltr'><strong><em>ἁμαρ-</em></strong></span> 
     </span>
     <span class='ocr_line' id='line_1_17' title="bbox 181 2015 1357 2102; baseline -0.003 -18"><span class='ocrx_word' id='word_1_152' title='bbox 181 2025 273 2099; x_wconf 86' lang='grc' dir='ltr'><strong><em>τιῶν,</em></strong></span> <span class='ocrx_word' id='word_1_153' title='bbox 297 2018 403 2102; x_wconf 88' lang='grc' dir='ltr'><strong><em>ἀγάπη</em></strong></span> <span class='ocrx_word' id='word_1_154' title='bbox 426 2017 529 2080; x_wconf 88' lang='grc' dir='ltr'><strong><em>πάντα</em></strong></span> <span class='ocrx_word' id='word_1_155' title='bbox 551 2015 705 2100; x_wconf 75' lang='grc' dir='ltr'><strong><em>ἀνέχεται,</em></strong></span> <span class='ocrx_word' id='word_1_156' title='bbox 729 2017 832 2095; x_wconf 85' lang='grc' dir='ltr'><strong><em>πάντα</em></strong></span> <span class='ocrx_word' id='word_1_157' title='bbox 854 2018 1071 2099; x_wconf 84' lang='grc' dir='ltr'><strong><em>μακροθυμεῖ·</em></strong></span> <span class='ocrx_word' id='word_1_158' title='bbox 1095 2015 1184 2079; x_wconf 80' lang='grc' dir='ltr'><strong><em>οὐδὲν</em></strong></span> <span class='ocrx_word' id='word_1_159' title='bbox 1201 2015 1357 2101; x_wconf 88' lang='grc' dir='ltr'><strong><em>βάναυσον</em></strong></span> 
     </span>
     <span class='ocr_line' id='line_1_18' title="bbox 182 2120 1358 2207; baseline 0.001 -23"><span class='ocrx_word' id='word_1_160' title='bbox 182 2122 214 2187; x_wconf 87' lang='grc' dir='ltr'><strong><em>ἐν</em></strong></span> <span class='ocrx_word' id='word_1_161' title='bbox 238 2123 354 2206; x_wconf 87' lang='grc' dir='ltr'><strong><em>ἀγάπη,</em></strong></span> <span class='ocrx_word' id='word_1_162' title='bbox 379 2121 467 2184; x_wconf 82' lang='grc' dir='ltr'><strong><em>οὐδὲν</em></strong></span> <span class='ocrx_word' id='word_1_163' title='bbox 490 2121 703 2204; x_wconf 79' lang='grc' dir='ltr'><strong><em>ὑπερήφανον·</em></strong></span> <span class='ocrx_word' id='word_1_164' title='bbox 739 2122 845 2206; x_wconf 88' lang='grc' dir='ltr'><strong><em>ἀγάπη</em></strong></span> <span class='ocrx_word' id='word_1_165' title='bbox 869 2120 987 2203; x_wconf 85' lang='grc' dir='ltr'><strong><em>σχίσμα</em></strong></span> <span class='ocrx_word' id='word_1_166' title='bbox 1009 2122 1068 2182; x_wconf 87' lang='grc' dir='ltr'><strong><em>οὐκ</em></strong></span> <span class='ocrx_word' id='word_1_167' title='bbox 1090 2121 1165 2202; x_wconf 83' lang='grc' dir='ltr'><strong><em>ἔχει,</em></strong></span> <span class='ocrx_word' id='word_1_168' title='bbox 1190 2122 1299 2207; x_wconf 87' lang='grc' dir='ltr'><strong><em>ἀγάπη</em></strong></span> <span class='ocrx_word' id='word_1_169' title='bbox 1322 2124 1358 2187; x_wconf 81' lang='grc' dir='ltr'><strong><em>οὐ</em></strong></span> 
     </span>
     <span class='ocr_line' id='line_1_19' title="bbox 182 2222 1359 2310; baseline 0 -20"><span class='ocrx_word' id='word_1_170' title='bbox 182 2228 358 2305; x_wconf 77' lang='grc' dir='ltr'><strong><em>στασιάζει,</em></strong></span> <span class='ocrx_word' id='word_1_171' title='bbox 391 2224 497 2310; x_wconf 91' lang='grc' dir='ltr'><strong><em>ἀγάπη</em></strong></span> <span class='ocrx_word' id='word_1_172' title='bbox 521 2226 622 2288; x_wconf 88' lang='grc' dir='ltr'><strong><em>πάντα</em></strong></span> <span class='ocrx_word' id='word_1_173' title='bbox 651 2234 732 2288; x_wconf 83' lang='grc' dir='ltr'><strong><em>ποιεῖ</em></strong></span> <span class='ocrx_word' id='word_1_174' title='bbox 755 2225 787 2289; x_wconf 84' lang='grc' dir='ltr'><strong><em>ἐν</em></strong></span> <span class='ocrx_word' id='word_1_175' title='bbox 818 2224 964 2308; x_wconf 80' lang='grc' dir='ltr'><strong><em>ὁμονοίᾳ·</em></strong></span> <span class='ocrx_word' id='word_1_176' title='bbox 997 2222 1029 2287; x_wconf 86' lang='grc' dir='ltr'><strong><em>ἐν</em></strong></span> <span class='ocrx_word' id='word_1_177' title='bbox 1052 2234 1090 2309; x_wconf 79' lang='grc' dir='ltr'><strong><em>τη</em></strong></span> <span class='ocrx_word' id='word_1_178' title='bbox 1113 2225 1221 2309; x_wconf 88' lang='grc' dir='ltr'><strong><em>ἀγάπη</em></strong></span> <span class='ocrx_word' id='word_1_179' title='bbox 1245 2225 1359 2290; x_wconf 86' lang='grc' dir='ltr'><strong><em>ἐτελει-</em></strong></span> 
     </span>
     <span class='ocr_line' id='line_1_20' title="bbox 182 2328 1357 2414; baseline 0 -20"><span class='ocrx_word' id='word_1_180' title='bbox 182 2329 314 2414; x_wconf 81' lang='grc' dir='ltr'><strong><em>ώθησαν</em></strong></span> <span class='ocrx_word' id='word_1_181' title='bbox 329 2330 442 2405; x_wconf 89' lang='grc' dir='ltr'><strong><em>πάντες</em></strong></span> <span class='ocrx_word' id='word_1_182' title='bbox 466 2329 494 2392; x_wconf 87' lang='grc' dir='ltr'><strong><em>οί</em></strong></span> <span class='ocrx_word' id='word_1_183' title='bbox 510 2328 651 2392; x_wconf 81' lang='grc' dir='ltr'><strong><em>ἐκλεκτοί</em></strong></span> <span class='ocrx_word' id='word_1_184' title='bbox 675 2339 728 2393; x_wconf 92' lang='grc' dir='ltr'><strong><em>τοῦ</em></strong></span> <span class='ocrx_word' id='word_1_185' title='bbox 745 2333 834 2408; x_wconf 92' lang='grc' dir='ltr'><strong><em>θεοῦ,</em></strong></span> <span class='ocrx_word' id='word_1_186' title='bbox 857 2328 930 2412; x_wconf 83' lang='grc' dir='ltr'><strong><em>δίχα</em></strong></span> <span class='ocrx_word' id='word_1_187' title='bbox 946 2329 1069 2413; x_wconf 81' lang='grc' dir='ltr'><strong><em>ἀγάπης</em></strong></span> <span class='ocrx_word' id='word_1_188' title='bbox 1085 2329 1174 2392; x_wconf 83' lang='grc' dir='ltr'><strong><em>οὐδὲν</em></strong></span> <span class='ocrx_word' id='word_1_189' title='bbox 1190 2330 1357 2413; x_wconf 81' lang='grc' dir='ltr'><strong><em>εὐάρεστόν</em></strong></span> 
     </span>
     <span class='ocr_line' id='line_1_21' title="bbox 141 2432 1358 2520; baseline 0.002 -24"><span class='ocrx_word' id='word_1_190' title='bbox 141 2459 167 2496; x_wconf 84' lang='grc' dir='ltr'><strong><em>ιο</em></strong></span> <span class='ocrx_word' id='word_1_191' title='bbox 182 2433 264 2498; x_wconf 84' lang='grc' dir='ltr'><strong><em>ἐστιν</em></strong></span> <span class='ocrx_word' id='word_1_192' title='bbox 287 2443 330 2518; x_wconf 82' lang='grc' dir='ltr'><strong><em>τῷ</em></strong></span> <span class='ocrx_word' id='word_1_193' title='bbox 354 2438 432 2518; x_wconf 86' lang='grc' dir='ltr'><strong><em>θεῷ.</em></strong></span> <span class='ocrx_word' id='word_1_194' title='bbox 478 2439 507 2501; x_wconf 85' lang='grc'><strong><em>6.</em></strong></span> <span class='ocrx_word' id='word_1_195' title='bbox 532 2434 564 2499; x_wconf 87' lang='grc' dir='ltr'><strong><em>ἐν</em></strong></span> <span class='ocrx_word' id='word_1_196' title='bbox 588 2435 694 2520; x_wconf 85' lang='grc' dir='ltr'><strong><em>ἀγάπη</em></strong></span> <span class='ocrx_word' id='word_1_197' title='bbox 716 2434 928 2519; x_wconf 82' lang='grc' dir='ltr'><strong><em>προσελάβετο</em></strong></span> <span class='ocrx_word' id='word_1_198' title='bbox 957 2432 1039 2516; x_wconf 77' lang='grc' dir='ltr'><strong><em>ἡμᾶς</em></strong></span> <span class='ocrx_word' id='word_1_199' title='bbox 1062 2433 1078 2496; x_wconf 84' lang='grc' dir='ltr'><strong>ὁ</strong></span> <span class='ocrx_word' id='word_1_200' title='bbox 1103 2433 1275 2518; x_wconf 82' lang='grc' dir='ltr'><strong><em>δεσπύτης·</em></strong></span> <span class='ocrx_word' id='word_1_201' title='bbox 1307 2435 1358 2498; x_wconf 78' lang='grc' dir='ltr'><strong><em>διὰ</em></strong></span> 
     </span>
     <span class='ocr_line' id='line_1_22' title="bbox 181 2536 1358 2624; baseline -0.001 -20"><span class='ocrx_word' id='word_1_202' title='bbox 181 2542 236 2623; x_wconf 79' lang='grc' dir='ltr'><strong><em>τὴν</em></strong></span> <span class='ocrx_word' id='word_1_203' title='bbox 260 2540 401 2624; x_wconf 84' lang='grc' dir='ltr'><strong><em>ἀγάπην,</em></strong></span> <span class='ocrx_word' id='word_1_204' title='bbox 431 2540 469 2621; x_wconf 82' lang='grc' dir='ltr'><strong><em>ἤν</em></strong></span> <span class='ocrx_word' id='word_1_205' title='bbox 491 2539 583 2622; x_wconf 80' lang='grc' dir='ltr'><strong><em>ἔσχεν</em></strong></span> <span class='ocrx_word' id='word_1_206' title='bbox 614 2541 688 2622; x_wconf 80' lang='grc' dir='ltr'><strong><em>πρὸς</em></strong></span> <span class='ocrx_word' id='word_1_207' title='bbox 717 2538 815 2622; x_wconf 73' lang='grc' dir='ltr'><strong><em>ἡμεῖς,</em></strong></span> <span class='ocrx_word' id='word_1_208' title='bbox 848 2541 883 2601; x_wconf 74' lang='grc' dir='ltr'><strong><em>τὸ</em></strong></span> <span class='ocrx_word' id='word_1_209' title='bbox 907 2536 983 2621; x_wconf 84' lang='grc' dir='ltr'><strong><em>αίμα</em></strong></span> <span class='ocrx_word' id='word_1_210' title='bbox 1014 2539 1108 2601; x_wconf 79' lang='grc' dir='ltr'><strong><em>αὐτοῦ</em></strong></span> <span class='ocrx_word' id='word_1_211' title='bbox 1138 2537 1257 2602; x_wconf 81' lang='grc' dir='ltr'><strong><em>ἔδωκεν</em></strong></span> <span class='ocrx_word' id='word_1_212' title='bbox 1280 2539 1358 2620; x_wconf 80' lang='grc' dir='ltr'><strong><em>ὑπὲρ</em></strong></span> 
     </span>
     <span class='ocr_line' id='line_1_23' title="bbox 181 2642 1358 2728; baseline -0.002 -21"><span class='ocrx_word' id='word_1_213' title='bbox 181 2643 268 2727; x_wconf 84' lang='grc' dir='ltr'><strong><em>ἤμων</em></strong></span> <span class='ocrx_word' id='word_1_214' title='bbox 293 2642 412 2728; x_wconf 87' lang='grc' dir='ltr'><strong><em>Ἰησοῦς</em></strong></span> <span class='ocrx_word' id='word_1_215' title='bbox 435 2642 569 2725; x_wconf 82' lang='grc' dir='ltr'><strong><em>Χριστὸς</em></strong></span> <span class='ocrx_word' id='word_1_216' title='bbox 592 2644 609 2706; x_wconf 81' lang='grc' dir='ltr'><strong><em>δ</em></strong></span> <span class='ocrx_word' id='word_1_217' title='bbox 631 2643 735 2726; x_wconf 86' lang='grc' dir='ltr'><strong><em>κύριος</em></strong></span> <span class='ocrx_word' id='word_1_218' title='bbox 757 2642 845 2726; x_wconf 84' lang='grc' dir='ltr'><strong><em>ἤμων</em></strong></span> <span class='ocrx_word' id='word_1_219' title='bbox 869 2643 901 2707; x_wconf 85' lang='grc' dir='ltr'><strong><em>ἐν</em></strong></span> <span class='ocrx_word' id='word_1_220' title='bbox 926 2642 1083 2726; x_wconf 72' lang='grc' dir='ltr'><strong><em>θελήματι</em></strong></span> <span class='ocrx_word' id='word_1_221' title='bbox 1106 2644 1201 2722; x_wconf 87' lang='grc' dir='ltr'><strong><em>θεοῦ,</em></strong></span> <span class='ocrx_word' id='word_1_222' title='bbox 1224 2645 1280 2707; x_wconf 84' lang='grc' dir='ltr'><strong><em>καί</em></strong></span> <span class='ocrx_word' id='word_1_223' title='bbox 1303 2646 1358 2726; x_wconf 84' lang='grc' dir='ltr'><strong><em>τὴν</em></strong></span> 
     </span>
     <span class='ocr_line' id='line_1_24' title="bbox 182 2748 1357 2832; baseline 0 -21"><span class='ocrx_word' id='word_1_224' title='bbox 182 2750 284 2831; x_wconf 86' lang='grc' dir='ltr'><strong><em>σάρκα</em></strong></span> <span class='ocrx_word' id='word_1_225' title='bbox 315 2748 391 2832; x_wconf 81' lang='grc' dir='ltr'><strong><em>ὑπὲρ</em></strong></span> <span class='ocrx_word' id='word_1_226' title='bbox 414 2758 467 2832; x_wconf 74' lang='grc' dir='ltr'><strong><em>της</em></strong></span> <span class='ocrx_word' id='word_1_227' title='bbox 500 2750 613 2831; x_wconf 85' lang='grc' dir='ltr'><strong><em>σαρκδς</em></strong></span> <span class='ocrx_word' id='word_1_228' title='bbox 643 2748 730 2832; x_wconf 80' lang='grc' dir='ltr'><strong><em>ἡμῶν</em></strong></span> <span class='ocrx_word' id='word_1_229' title='bbox 761 2750 814 2811; x_wconf 80' lang='grc' dir='ltr'><strong><em>καί</em></strong></span> <span class='ocrx_word' id='word_1_230' title='bbox 838 2751 893 2832; x_wconf 80' lang='grc' dir='ltr'><strong><em>τὴν</em></strong></span> <span class='ocrx_word' id='word_1_231' title='bbox 926 2749 1028 2831; x_wconf 80' lang='grc' dir='ltr'><strong><em>ψυχὴν</em></strong></span> <span class='ocrx_word' id='word_1_232' title='bbox 1057 2748 1133 2830; x_wconf 86' lang='grc' dir='ltr'><strong><em>ὑπὲρ</em></strong></span> <span class='ocrx_word' id='word_1_233' title='bbox 1156 2756 1218 2811; x_wconf 81' lang='grc' dir='ltr'><strong><em>τῶν</em></strong></span> <span class='ocrx_word' id='word_1_234' title='bbox 1248 2748 1357 2830; x_wconf 83' lang='grc' dir='ltr'><strong><em>ψυχῶν</em></strong></span> 
     </span>
     <span class='ocr_line' id='line_1_25' title="bbox 180 2853 279 2937; baseline 0.02 -20"><span class='ocrx_word' id='word_1_235' title='bbox 180 2853 279 2937; x_wconf 80' lang='grc' dir='ltr'><strong><em>ἡμῶν.</em></strong></span> 
     </span>
     <span class='ocr_line' id='line_1_26' title="bbox 142 2955 1357 3042; baseline 0.001 -25"><span class='ocrx_word' id='word_1_236' title='bbox 142 2979 168 3017; x_wconf 76' lang='grc' dir='ltr'><strong><em>ιε</em></strong></span> <span class='ocrx_word' id='word_1_237' title='bbox 269 2961 302 3026; x_wconf 87' lang='lat' dir='ltr'><strong><em>L.</em></strong></span> <span class='ocrx_word' id='word_1_238' title='bbox 327 2957 450 3041; x_wconf 82' lang='grc' dir='ltr'><strong><em>Ὁρᾶτε,</em></strong></span> <span class='ocrx_word' id='word_1_239' title='bbox 474 2956 637 3042; x_wconf 85' lang='grc' dir='ltr'><strong><em>ἀγαπητοί,</em></strong></span> <span class='ocrx_word' id='word_1_240' title='bbox 661 2965 727 3032; x_wconf 84' lang='grc' dir='ltr'><strong><em>πῶς</em></strong></span> <span class='ocrx_word' id='word_1_241' title='bbox 750 2957 831 3042; x_wconf 92' lang='grc' dir='ltr'><strong><em>μέγα</em></strong></span> <span class='ocrx_word' id='word_1_242' title='bbox 853 2958 906 3020; x_wconf 86' lang='grc' dir='ltr'><strong><em>καί</em></strong></span> <span class='ocrx_word' id='word_1_243' title='bbox 929 2956 1114 3040; x_wconf 79' lang='grc' dir='ltr'><strong><em>θαυμαστόν</em></strong></span> <span class='ocrx_word' id='word_1_244' title='bbox 1131 2955 1213 3019; x_wconf 83' lang='grc' dir='ltr'><strong><em>ἐστιν</em></strong></span> <span class='ocrx_word' id='word_1_245' title='bbox 1236 2957 1257 3041; x_wconf 85' lang='grc' dir='ltr'><strong><em>ἤ</em></strong></span> <span class='ocrx_word' id='word_1_246' title='bbox 1281 2956 1357 3040; x_wconf 88' lang='grc' dir='ltr'><strong><em>ἀγά-</em></strong></span> 
     </span>
     <span class='ocr_line' id='line_1_27' title="bbox 183 3060 1356 3148; baseline -0.003 -22"><span class='ocrx_word' id='word_1_247' title='bbox 183 3084 236 3148; x_wconf 91' lang='grc' dir='ltr'><strong><em>πη,</em></strong></span> <span class='ocrx_word' id='word_1_248' title='bbox 260 3065 312 3126; x_wconf 84' lang='grc' dir='ltr'><strong><em>καί</em></strong></span> <span class='ocrx_word' id='word_1_249' title='bbox 335 3073 389 3146; x_wconf 82' lang='grc' dir='ltr'><strong><em>τῆς</em></strong></span> <span class='ocrx_word' id='word_1_250' title='bbox 412 3061 603 3146; x_wconf 79' lang='grc' dir='ltr'><strong><em>τελειότητος</em></strong></span> <span class='ocrx_word' id='word_1_251' title='bbox 633 3063 728 3145; x_wconf 69' lang='grc' dir='ltr'><strong><em>αὐτῆς</em></strong></span> <span class='ocrx_word' id='word_1_252' title='bbox 751 3063 810 3125; x_wconf 87' lang='grc' dir='ltr'><strong><em>οὐκ</em></strong></span> <span class='ocrx_word' id='word_1_253' title='bbox 832 3062 915 3124; x_wconf 82' lang='grc' dir='ltr'><strong><em>ἔστιν</em></strong></span> <span class='ocrx_word' id='word_1_254' title='bbox 938 3060 1090 3145; x_wconf 78' lang='grc' dir='ltr'><strong><em>ἐξήγησις.</em></strong></span> <span class='ocrx_word' id='word_1_255' title='bbox 1137 3064 1167 3126; x_wconf 86' lang='lat'><strong><em>2.</em></strong></span> <span class='ocrx_word' id='word_1_256' title='bbox 1190 3061 1236 3136; x_wconf 91' lang='grc' dir='ltr'><strong><em>τίς</em></strong></span> <span class='ocrx_word' id='word_1_257' title='bbox 1252 3060 1356 3133; x_wconf 81' lang='grc' dir='ltr'><strong><em>ίκανδς</em></strong></span> 
     </span>
     <span class='ocr_line' id='line_1_28' title="bbox 182 3162 1356 3250; baseline -0.003 -20"><span class='ocrx_word' id='word_1_258' title='bbox 182 3167 214 3230; x_wconf 81' lang='grc' dir='ltr'><strong><em>ἐν</em></strong></span> <span class='ocrx_word' id='word_1_259' title='bbox 239 3168 317 3250; x_wconf 73' lang='grc' dir='ltr'><strong><em>αὐτῇ</em></strong></span> <span class='ocrx_word' id='word_1_260' title='bbox 341 3167 517 3250; x_wconf 68' lang='grc' dir='ltr'><strong><em>εὑρεθῆναι,</em></strong></span> <span class='ocrx_word' id='word_1_261' title='bbox 541 3165 568 3228; x_wconf 81' lang='grc' dir='ltr'><strong><em>εἰ</em></strong></span> <span class='ocrx_word' id='word_1_262' title='bbox 591 3168 632 3248; x_wconf 79' lang='grc' dir='ltr'><strong><em>μὴ</em></strong></span> <span class='ocrx_word' id='word_1_263' title='bbox 650 3167 702 3241; x_wconf 79' lang='grc' dir='ltr'><strong><em>οὓς</em></strong></span> <span class='ocrx_word' id='word_1_264' title='bbox 725 3167 763 3228; x_wconf 88' lang='grc' dir='ltr'><strong><em>διν</em></strong></span> <span class='ocrx_word' id='word_1_265' title='bbox 786 3164 966 3250; x_wconf 80' lang='grc' dir='ltr'><strong><em>καταξιὼση</em></strong></span> <span class='ocrx_word' id='word_1_266' title='bbox 989 3165 1112 3243; x_wconf 82' lang='grc' dir='ltr'><strong><em>δθεδς;</em></strong></span> <span class='ocrx_word' id='word_1_267' title='bbox 1136 3163 1288 3249; x_wconf 82' lang='grc' dir='ltr'><strong><em>δεώμεθα</em></strong></span> <span class='ocrx_word' id='word_1_268' title='bbox 1303 3162 1356 3228; x_wconf 83' lang='grc' dir='ltr'><strong><em>οὖν</em></strong></span> 
     </span>
    </p>
   </div>
   <div class='ocr_carea' id='block_1_3' title="bbox 179 3319 1356 3745">
    <p class='ocr_par' dir='ltr' id='par_1_3' title="bbox 179 3319 1356 3745">
     <span class='ocr_line' id='line_1_29' title="bbox 252 3319 1356 3399; baseline 0.002 -21"><span class='ocrx_word' id='word_1_269' title='bbox 252 3325 265 3378; x_wconf 90' lang='grc'><strong>1</strong></span> <span class='ocrx_word' id='word_1_270' title='bbox 286 3319 325 3390; x_wconf 83' lang='grc' dir='ltr'><strong><em>είς</em></strong></span> <span class='ocrx_word' id='word_1_271' title='bbox 343 3328 414 3394; x_wconf 76' lang='grc' dir='ltr'><strong><em>ζωὴν</em></strong></span> <span class='ocrx_word' id='word_1_272' title='bbox 432 3321 568 3399; x_wconf 83' lang='grc' dir='ltr'><strong><em>ἀνεῳγυῖα</em></strong></span> <span class='ocrx_word' id='word_1_273' title='bbox 586 3322 655 3376; x_wconf 86' lang='lat' dir='ltr'><strong><em>HLS</em></strong></span> <span class='ocrx_word' id='word_1_274' title='bbox 672 3321 760 3395; x_wconf 59' lang='lat' dir='ltr'><strong><em>lod-&#39;171</em></strong></span> <span class='ocrx_word' id='word_1_275' title='bbox 779 3322 911 3382; x_wconf 76' lang='grc' dir='ltr'><strong><em>Αιέστιν</em></strong></span> <span class='ocrx_word' id='word_1_276' title='bbox 929 3321 997 3394; x_wconf 81' lang='grc' dir='ltr'><strong><em>αῧτη</em></strong></span> <span class='ocrx_word' id='word_1_277' title='bbox 1015 3322 1060 3376; x_wconf 88' lang='lat' dir='ltr'><strong><em>HS</em></strong></span> <span class='ocrx_word' id='word_1_278' title='bbox 1072 3322 1119 3391; x_wconf 72' lang='grc' dir='ltr'><strong><em>(θ),</em></strong></span> <span class='ocrx_word' id='word_1_279' title='bbox 1139 3325 1181 3376; x_wconf 80' lang='lat' dir='ltr'><strong><em>est</em></strong></span> <span class='ocrx_word' id='word_1_280' title='bbox 1199 3320 1221 3374; x_wconf 90' lang='lat' dir='ltr'>L</span> <span class='ocrx_word' id='word_1_281' title='bbox 1238 3323 1242 3393; x_wconf 67' lang='grc' dir='ltr'><strong><em>ἤ</em></strong></span> <span class='ocrx_word' id='word_1_282' title='bbox 1265 3324 1282 3376; x_wconf 84' lang='grc'><strong>2</strong></span> <span class='ocrx_word' id='word_1_283' title='bbox 1300 3320 1356 3392; x_wconf 75' lang='grc' dir='ltr'><strong><em>ἐξο-</em></strong></span> 
     </span>
     <span class='ocr_line' id='line_1_30' title="bbox 179 3408 1355 3485; baseline -0.005 -17"><span class='ocrx_word' id='word_1_284' title='bbox 179 3415 372 3483; x_wconf 79' lang='grc' dir='ltr'><strong><em>μολογησομαι</em></strong></span> <span class='ocrx_word' id='word_1_285' title='bbox 391 3408 439 3462; x_wconf 87' lang='lat' dir='ltr'><strong><em>HL</em></strong></span> <span class='ocrx_word' id='word_1_286' title='bbox 458 3409 535 3463; x_wconf 75' lang='lat' dir='ltr'><strong>Clam</strong></span> <span class='ocrx_word' id='word_1_287' title='bbox 549 3429 555 3462; x_wconf 90' lang='lat'>:</span> <span class='ocrx_word' id='word_1_288' title='bbox 570 3415 687 3482; x_wconf 78' lang='grc' dir='ltr'><strong><em>-ἡσωμοιι</em></strong></span> <span class='ocrx_word' id='word_1_289' title='bbox 707 3412 750 3466; x_wconf 85' lang='lat' dir='ltr'><strong><em>AS</em></strong></span> <span class='ocrx_word' id='word_1_290' title='bbox 775 3414 778 3480; x_wconf 94' lang='grc' dir='ltr'>Ι</span> <span class='ocrx_word' id='word_1_291' title='bbox 804 3409 923 3485; x_wconf 79' lang='grc' dir='ltr'><strong><em>Βάγνδς</em></strong></span> <span class='ocrx_word' id='word_1_292' title='bbox 936 3429 942 3462; x_wconf 91' lang='lat'><strong>:</strong></span> <span class='ocrx_word' id='word_1_293' title='bbox 956 3411 1059 3484; x_wconf 82' lang='grc' dir='ltr'><strong><em>γοργὸς</em></strong></span> <span class='ocrx_word' id='word_1_294' title='bbox 1078 3410 1156 3464; x_wconf 85' lang='lat' dir='ltr'>Clem</span> <span class='ocrx_word' id='word_1_295' title='bbox 1179 3410 1183 3479; x_wconf 70' lang='grc' dir='ltr'>Ι</span> <span class='ocrx_word' id='word_1_296' title='bbox 1203 3410 1220 3462; x_wconf 86' lang='grc'>9</span> <span class='ocrx_word' id='word_1_297' title='bbox 1238 3408 1293 3482; x_wconf 86' lang='grc' dir='ltr'><strong><em>γὰρ</em></strong></span> <span class='ocrx_word' id='word_1_298' title='bbox 1312 3408 1355 3464; x_wconf 80' lang='lat' dir='ltr'><strong><em>AS</em></strong></span> 
     </span>
     <span class='ocr_line' id='line_1_31' title="bbox 182 3494 1353 3572; baseline -0.004 -19"><span class='ocrx_word' id='word_1_299' title='bbox 182 3497 386 3565; x_wconf 75' lang='lat' dir='ltr'>clemz&gt;HL</span> <span class='ocrx_word' id='word_1_300' title='bbox 411 3499 414 3567; x_wconf 91' lang='grc' dir='ltr'>Ι</span> <span class='ocrx_word' id='word_1_301' title='bbox 441 3499 473 3553; x_wconf 86' lang='grc'><strong><em>15</em></strong></span> <span class='ocrx_word' id='word_1_302' title='bbox 491 3497 583 3568; x_wconf 82' lang='grc' dir='ltr'><strong><em>ἀγάπη</em></strong></span> <span class='ocrx_word' id='word_1_303' title='bbox 601 3502 684 3570; x_wconf 56' lang='lat' dir='ltr'><strong><em>prm}</em></strong></span> <span class='ocrx_word' id='word_1_304' title='bbox 704 3499 747 3572; x_wconf 81' lang='grc' dir='ltr'><strong><em>ἀγ.</em></strong></span> <span class='ocrx_word' id='word_1_305' title='bbox 768 3500 794 3553; x_wconf 89' lang='grc' dir='ltr'>Η</span> <span class='ocrx_word' id='word_1_306' title='bbox 818 3500 822 3571; x_wconf 88' lang='grc' dir='ltr'>Ι</span> <span class='ocrx_word' id='word_1_307' title='bbox 847 3501 880 3554; x_wconf 77' lang='lat'><strong><em>20</em></strong></span> <span class='ocrx_word' id='word_1_308' title='bbox 899 3496 1023 3565; x_wconf 79' lang='grc' dir='ltr'><strong><em>ἐστιν&gt;</em></strong></span> <span class='ocrx_word' id='word_1_309' title='bbox 1042 3496 1062 3548; x_wconf 88' lang='lat' dir='ltr'>L</span> <span class='ocrx_word' id='word_1_310' title='bbox 1084 3496 1161 3550; x_wconf 83' lang='lat' dir='ltr'>Clem</span> <span class='ocrx_word' id='word_1_311' title='bbox 1186 3497 1189 3563; x_wconf 95' lang='grc' dir='ltr'>Ι</span> <span class='ocrx_word' id='word_1_312' title='bbox 1213 3494 1286 3566; x_wconf 78' lang='grc' dir='ltr'><strong><em>ὑμᾶς</em></strong></span> <span class='ocrx_word' id='word_1_313' title='bbox 1305 3495 1353 3563; x_wconf 68' lang='lat' dir='ltr'><strong><em>fl!</em></strong></span> 
     </span>
     <span class='ocr_line' id='line_1_32' title="bbox 181 3582 1356 3661; baseline 0.002 -23"><span class='ocrx_word' id='word_1_314' title='bbox 181 3586 213 3640; x_wconf 75' lang='lat'><strong><em>21</em></strong></span> <span class='ocrx_word' id='word_1_315' title='bbox 233 3584 351 3642; x_wconf 81' lang='grc' dir='ltr'><strong><em>δέδωκεν</em></strong></span> <span class='ocrx_word' id='word_1_316' title='bbox 369 3584 394 3637; x_wconf 93' lang='grc' dir='ltr'><strong>Η</strong></span> <span class='ocrx_word' id='word_1_317' title='bbox 411 3583 415 3654; x_wconf 93' lang='grc' dir='ltr'>Ι</span> <span class='ocrx_word' id='word_1_318' title='bbox 431 3584 465 3638; x_wconf 80' lang='lat'><strong><em>23</em></strong></span> <span class='ocrx_word' id='word_1_319' title='bbox 484 3592 540 3642; x_wconf 87' lang='grc' dir='ltr'><strong><em>τῶν</em></strong></span> <span class='ocrx_word' id='word_1_320' title='bbox 558 3603 588 3657; x_wconf 85' lang='grc' dir='ltr'><strong><em>ψ.</em></strong></span> <span class='ocrx_word' id='word_1_321' title='bbox 603 3605 609 3639; x_wconf 92' lang='lat'><strong>:</strong></span> <span class='ocrx_word' id='word_1_322' title='bbox 623 3599 671 3656; x_wconf 77' lang='grc' dir='ltr'><strong><em>τῆς</em></strong></span> <span class='ocrx_word' id='word_1_323' title='bbox 690 3600 779 3661; x_wconf 77' lang='grc' dir='ltr'><strong><em>ψυχῆς</em></strong></span> <span class='ocrx_word' id='word_1_324' title='bbox 797 3588 822 3641; x_wconf 90' lang='grc' dir='ltr'><strong><em>Η</em></strong></span> <span class='ocrx_word' id='word_1_325' title='bbox 838 3588 842 3658; x_wconf 69' lang='grc' dir='ltr'><strong><em>ἤ</em></strong></span> <span class='ocrx_word' id='word_1_326' title='bbox 859 3588 893 3641; x_wconf 82' lang='grc'><strong><em>25</em></strong></span> <span class='ocrx_word' id='word_1_327' title='bbox 912 3590 972 3658; x_wconf 49' lang='lat' dir='ltr'><strong><em>a&gt;</em></strong></span> <span class='ocrx_word' id='word_1_328' title='bbox 990 3585 1015 3638; x_wconf 92' lang='lat' dir='ltr'>H</span> <span class='ocrx_word' id='word_1_329' title='bbox 1032 3587 1035 3654; x_wconf 82' lang='grc' dir='ltr'>Ι</span> <span class='ocrx_word' id='word_1_330' title='bbox 1051 3585 1085 3638; x_wconf 87' lang='grc'><strong><em>26</em></strong></span> <span class='ocrx_word' id='word_1_331' title='bbox 1103 3582 1228 3640; x_wconf 80' lang='grc' dir='ltr'><strong><em>οιύτούΗ</em></strong></span> <span class='ocrx_word' id='word_1_332' title='bbox 1244 3586 1248 3652; x_wconf 89' lang='grc' dir='ltr'>Ι</span> <span class='ocrx_word' id='word_1_333' title='bbox 1264 3584 1298 3639; x_wconf 80' lang='grc'><strong><em>27</em></strong></span> <span class='ocrx_word' id='word_1_334' title='bbox 1310 3604 1356 3640; x_wconf 86' lang='grc' dir='ltr'><strong><em>κα·</em></strong></span> 
     </span>
     <span class='ocr_line' id='line_1_33' title="bbox 182 3671 730 3745; baseline -0.004 -15"><span class='ocrx_word' id='word_1_335' title='bbox 182 3672 303 3745; x_wconf 79' lang='grc' dir='ltr'><strong><em>ταξιὼση</em></strong></span> <span class='ocrx_word' id='word_1_336' title='bbox 316 3691 322 3725; x_wconf 89' lang='lat'>:</span> <span class='ocrx_word' id='word_1_337' title='bbox 336 3671 493 3745; x_wconf 80' lang='grc' dir='ltr'><strong><em>καταδιὼξη</em></strong></span> <span class='ocrx_word' id='word_1_338' title='bbox 505 3671 530 3725; x_wconf 89' lang='grc' dir='ltr'>Η</span> <span class='ocrx_word' id='word_1_339' title='bbox 547 3673 551 3743; x_wconf 70' lang='grc' dir='ltr'><strong><em>ί</em></strong></span> <span class='ocrx_word' id='word_1_340' title='bbox 567 3675 690 3744; x_wconf 82' lang='grc' dir='ltr'><strong><em>δεύμεθα</em></strong></span> <span class='ocrx_word' id='word_1_341' title='bbox 703 3676 730 3728; x_wconf 92' lang='grc' dir='ltr'><strong><em>Η</em></strong></span> 
     </span>
    </p>
   </div>
   <div class='ocr_carea' id='block_1_4' title="bbox 180 3737 1356 4038">
    <p class='ocr_par' dir='ltr' id='par_1_4' title="bbox 180 3737 1356 4038">
     <span class='ocr_line' id='line_1_34' title="bbox 217 3737 1356 3869; baseline -0.004 -21"><span class='ocrx_word' id='word_1_342' title='bbox 217 3796 292 3848; x_wconf 78' lang='lat'>2-5.</span> <span class='ocrx_word' id='word_1_343' title='bbox 322 3793 405 3850; x_wconf 68' lang='lat' dir='ltr'><strong>Cleua</strong></span> <span class='ocrx_word' id='word_1_344' title='bbox 433 3793 476 3846; x_wconf 86' lang='lat' dir='ltr'><strong><em>Al.</em></strong></span> <span class='ocrx_word' id='word_1_345' title='bbox 503 3793 604 3848; x_wconf 79' lang='lat' dir='ltr'><strong>Strom.</strong></span> <span class='ocrx_word' id='word_1_346' title='bbox 625 3792 651 3854; x_wconf 90' lang='lat'><strong><em>1,</em></strong></span> <span class='ocrx_word' id='word_1_347' title='bbox 671 3794 700 3856; x_wconf 87' lang='grc'><strong><em>7,</em></strong></span> <span class='ocrx_word' id='word_1_348' title='bbox 720 3794 907 3869; x_wconf 64' lang='grc' dir='ltr'><strong><em>θθξλριστῷ]</em></strong></span> <span class='ocrx_word' id='word_1_349' title='bbox 927 3793 1086 3848; x_wconf 85' lang='lat' dir='ltr'><strong>Gf.Ioann.</strong></span> <span class='ocrx_word' id='word_1_350' title='bbox 1108 3737 1356 3855; x_wconf 53' lang='lat' dir='ltr'>10‚⁶7.9;11enn.</span> 
     </span>
     <span class='ocr_line' id='line_1_35' title="bbox 180 3876 1355 3953; baseline -0.003 -18"><span class='ocrx_word' id='word_1_351' title='bbox 180 3898 207 3950; x_wconf 88' lang='lat' dir='ltr'><strong><em>p.</em></strong></span> <span class='ocrx_word' id='word_1_352' title='bbox 228 3881 278 3935; x_wconf 81' lang='lat'><strong><em>338</em></strong></span> <span class='ocrx_word' id='word_1_353' title='bbox 297 3898 337 3947; x_wconf 82' lang='lat' dir='ltr'><strong><em>sq.</em></strong></span> <span class='ocrx_word' id='word_1_354' title='bbox 766 3876 847 3953; x_wconf 63' lang='lat' dir='ltr'>[Sim.</span> <span class='ocrx_word' id='word_1_355' title='bbox 876 3880 929 3943; x_wconf 83' lang='lat' dir='ltr'><strong><em>IX,</em></strong></span> <span class='ocrx_word' id='word_1_356' title='bbox 959 3881 1000 3944; x_wconf 83' lang='grc'><strong><em>12,</em></strong></span> <span class='ocrx_word' id='word_1_357' title='bbox 1031 3884 1052 3936; x_wconf 91' lang='grc'><strong><em>1.</em></strong></span> <span class='ocrx_word' id='word_1_358' title='bbox 1082 3879 1112 3941; x_wconf 89' lang='grc'><strong><em>6;</em></strong></span> <span class='ocrx_word' id='word_1_359' title='bbox 1155 3878 1214 3947; x_wconf 74' lang='lat' dir='ltr'><strong>Ign.</strong></span> <span class='ocrx_word' id='word_1_360' title='bbox 1247 3879 1355 3933; x_wconf 85' lang='lat' dir='ltr'><strong>Philad.</strong></span> 
     </span>
     <span class='ocr_line' id='line_1_36' title="bbox 215 3964 1356 4038; baseline 0 -18"><span class='ocrx_word' id='word_1_361' title='bbox 215 3970 239 4020; x_wconf 83' lang='lat'><strong><em>4.</em></strong></span> <span class='ocrx_word' id='word_1_362' title='bbox 259 3966 344 4022; x_wconf 79' lang='lat' dir='ltr'>Clem,</span> <span class='ocrx_word' id='word_1_363' title='bbox 359 3966 400 4019; x_wconf 85' lang='lat' dir='ltr'><strong><em>AL</em></strong></span> <span class='ocrx_word' id='word_1_364' title='bbox 415 3968 514 4021; x_wconf 79' lang='lat' dir='ltr'>Strom.</span> <span class='ocrx_word' id='word_1_365' title='bbox 528 3965 574 4030; x_wconf 90' lang='lat' dir='ltr'><strong><em>VI,</em></strong></span> <span class='ocrx_word' id='word_1_366' title='bbox 584 3965 609 4028; x_wconf 84' lang='lat'><strong><em>8,</em></strong></span> <span class='ocrx_word' id='word_1_367' title='bbox 620 3966 690 4035; x_wconf 85' lang='grc' dir='ltr'><strong><em>64ρ.</em></strong></span> <span class='ocrx_word' id='word_1_368' title='bbox 704 3967 753 4019; x_wconf 78' lang='lat'><strong><em>772</em></strong></span> <span class='ocrx_word' id='word_1_369' title='bbox 766 3976 768 4007; x_wconf 83' lang='lat'><strong>¹</strong></span> <span class='ocrx_word' id='word_1_370' title='bbox 781 3968 804 4027; x_wconf 89' lang='grc'><strong><em>9,</em></strong></span> <span class='ocrx_word' id='word_1_371' title='bbox 828 3968 856 4029; x_wconf 91' lang='lat'><strong><em>1;</em></strong></span> <span class='ocrx_word' id='word_1_372' title='bbox 874 3967 1026 4038; x_wconf 81' lang='lat' dir='ltr'>Hegesipp.</span> <span class='ocrx_word' id='word_1_373' title='bbox 1047 3966 1122 4036; x_wconf 83' lang='lat' dir='ltr'><strong>apud</strong></span> <span class='ocrx_word' id='word_1_374' title='bbox 1140 3964 1204 4019; x_wconf 83' lang='lat' dir='ltr'><strong>Eua.</strong></span> <span class='ocrx_word' id='word_1_375' title='bbox 1225 3967 1258 4020; x_wconf 92' lang='lat' dir='ltr'><strong><em>H.</em></strong></span> <span class='ocrx_word' id='word_1_376' title='bbox 1272 3967 1303 4020; x_wconf 70' lang='lat' dir='ltr'>R</span> <span class='ocrx_word' id='word_1_377' title='bbox 1322 3967 1356 4029; x_wconf 87' lang='lat'><strong><em>11,</em></strong></span> 
     </span>
    </p>
   </div>
   <div class='ocr_carea' id='block_1_5' title="bbox 180 4026 1356 4298">
    <p class='ocr_par' dir='ltr' id='par_1_5' title="bbox 180 4026 1356 4298">
     <span class='ocr_line' id='line_1_37' title="bbox 180 4026 859 4123; baseline -0.007 -11"><span class='ocrx_word' id='word_1_378' title='bbox 180 4055 226 4122; x_wconf 92' lang='lat'><strong><em>(-</em></strong></span> <span class='ocrx_word' id='word_1_379' title='bbox 243 4055 425 4121; x_wconf 71' lang='grc' dir='ltr'><strong><em>εἰσελθόντες,</em></strong></span> <span class='ocrx_word' id='word_1_380' title='bbox 446 4056 546 4108; x_wconf 72' lang='lat' dir='ltr'><strong>auctor</strong></span> <span class='ocrx_word' id='word_1_381' title='bbox 564 4055 589 4107; x_wconf 73' lang='lat' dir='ltr'><em>h</em></span> <span class='ocrx_word' id='word_1_382' title='bbox 610 4053 627 4107; x_wconf 91' lang='lat'><strong><em>1.</em></strong></span> <span class='ocrx_word' id='word_1_383' title='bbox 645 4071 696 4123; x_wconf 80' lang='lat' dir='ltr'><strong><em>per</em></strong></span> <span class='ocrx_word' id='word_1_384' title='bbox 714 4069 754 4107; x_wconf 84' lang='lat' dir='ltr'><strong><em>er·</em></strong></span> <span class='ocrx_word' id='word_1_385' title='bbox 766 4026 769 4107; x_wconf 64' lang='grc' dir='ltr'><strong><em>έ</em></strong></span> <span class='ocrx_word' id='word_1_386' title='bbox 781 4055 822 4117; x_wconf 81' lang='lat'><strong><em>23,</em></strong></span> <span class='ocrx_word' id='word_1_387' title='bbox 836 4054 859 4107; x_wconf 78' lang='lat'><strong><em>8.</em></strong></span> 
     </span>
     <span class='ocr_line' id='line_1_38' title="bbox 181 4110 1356 4211; baseline 0.002 -18"><span class='ocrx_word' id='word_1_388' title='bbox 181 4156 271 4194; x_wconf 87' lang='lat' dir='ltr'>rorem</span> <span class='ocrx_word' id='word_1_389' title='bbox 290 4141 436 4195; x_wconf 79' lang='lat' dir='ltr'><strong>Barnabae</strong></span> <span class='ocrx_word' id='word_1_390' title='bbox 455 4141 605 4211; x_wconf 82' lang='lat' dir='ltr'><strong>attribuit).</strong></span> <span class='ocrx_word' id='word_1_391' title='bbox 630 4172 664 4181; x_wconf 96' lang='lat'>-</span> <span class='ocrx_word' id='word_1_392' title='bbox 688 4110 769 4211; x_wconf 59' lang='grc' dir='ltr'><strong><em>ποί-λ</em></strong></span> <span class='ocrx_word' id='word_1_393' title='bbox 816 4140 892 4193; x_wconf 84' lang='grc'><strong>5-6.</strong></span> <span class='ocrx_word' id='word_1_394' title='bbox 913 4141 997 4196; x_wconf 84' lang='lat' dir='ltr'>Clem.</span> <span class='ocrx_word' id='word_1_395' title='bbox 1023 4141 1064 4194; x_wconf 82' lang='lat' dir='ltr'><strong><em>Al.</em></strong></span> <span class='ocrx_word' id='word_1_396' title='bbox 1092 4140 1191 4195; x_wconf 69' lang='lat' dir='ltr'><strong>Sta-om.</strong></span> <span class='ocrx_word' id='word_1_397' title='bbox 1212 4139 1259 4203; x_wconf 91' lang='lat' dir='ltr'><strong><em>VI,</em></strong></span> <span class='ocrx_word' id='word_1_398' title='bbox 1277 4141 1302 4204; x_wconf 85' lang='grc'><strong><em>8,</em></strong></span> <span class='ocrx_word' id='word_1_399' title='bbox 1322 4139 1356 4194; x_wconf 81' lang='grc'><strong><em>65</em></strong></span> 
     </span>
     <span class='ocr_line' id='line_1_39' title="bbox 180 4215 937 4298; baseline -0.004 -15"><span class='ocrx_word' id='word_1_400' title='bbox 180 4227 246 4298; x_wconf 73' lang='grc' dir='ltr'><strong><em>τοι]</em></strong></span> <span class='ocrx_word' id='word_1_401' title='bbox 275 4228 316 4283; x_wconf 80' lang='grc' dir='ltr'><strong><em>οε.</em></strong></span> <span class='ocrx_word' id='word_1_402' title='bbox 338 4229 436 4283; x_wconf 69' lang='lat' dir='ltr'><strong><em>aaa.</em></strong></span> <span class='ocrx_word' id='word_1_403' title='bbox 456 4231 480 4292; x_wconf 85' lang='grc' dir='ltr'><strong><em>ι,</em></strong></span> <span class='ocrx_word' id='word_1_404' title='bbox 501 4230 540 4284; x_wconf 80' lang='lat'><strong><em>13.</em></strong></span> <span class='ocrx_word' id='word_1_405' title='bbox 562 4230 600 4283; x_wconf 83' lang='grc' dir='ltr'><strong><em>ιι.</em></strong></span> <span class='ocrx_word' id='word_1_406' title='bbox 628 4258 664 4267; x_wconf 87' lang='grc'>-</span> <span class='ocrx_word' id='word_1_407' title='bbox 690 4215 807 4298; x_wconf 60' lang='lat' dir='ltr'><strong><em>amp.</em></strong></span> <span class='ocrx_word' id='word_1_408' title='bbox 832 4228 882 4283; x_wconf 79' lang='grc' dir='ltr'><strong><em>ιιι</em></strong></span> <span class='ocrx_word' id='word_1_409' title='bbox 897 4245 937 4295; x_wconf 74' lang='lat' dir='ltr'><strong><em>sq.</em></strong></span> 
     </span>
    </p>
   </div>
   <div class='ocr_carea' id='block_1_6' title="bbox 0 0 1422 5018">
    <p class='ocr_par' dir='ltr' id='par_1_6' title="bbox 0 0 1422 5018">
     <span class='ocr_line' id='line_1_40' title="bbox 0 0 1422 5018; baseline 0 0"><span class='ocrx_word' id='word_1_410' title='bbox 0 0 1422 5018; x_wconf 95' lang='lat' dir='ltr'><strong><em> </em></strong></span> 
     </span>
    </p>
   </div>
  </div>
 </body>
</html>
