2834 5018
166 354 228 418 168
631 346 869 404 icnnnnnms

164 523 287 605 κύριον,
318 524 446 588 αἰτεῖται
476 527 586 609 ἄιρεσιν
618 532 662 607 τῷ
685 524 820 608 πλήθει,
850 523 946 606 ἠκαί
975 523 1086 587 ἑαυτὸν
1116 521 1341 607 ἐξαλειφθῆναι

164 626 231 711 μετ’
254 628 355 693 αὐτῶν
380 627 469 706 ἀξιοῖ.

251 735 332 802 LIV.
357 732 411 810 Τίς
434 731 488 798 ούν
512 732 544 797 ἐν
567 733 637 816 ύμῖν
660 740 811 816 γενναῖος,
834 731 878 807 τίς
901 732 1130 815 εὔσπλαγχνος,
1154 731 1199 807 τίς
1222 733 1342 818 πεπλη·

164 836 372 923 ρορορημένος
400 837 538 922 ἀγάπης;
569 841 599 903 2.
625 836 758 899 εἰπάτω·
789 835 828 898 Et
850 835 888 898 δι’
913 835 968 919 ἐμὲ
992 837 1098 912 στάσις
1125 838 1180 900 καί
1203 838 1265 920 ἐρις
1288 839 1340 901 καί

138 942 331 1027 σσχίσματα,
355 941 498 1025 ἐκχωρῦι,
522 943 639 1025 ἄπειμι,
663 939 699 1004 ού
722 940 776 1004 ἐὰν
801 939 978 1024 βούλησθε,
1005 942 1059 1003 καί
1081 949 1161 1004 ποιῶ
1184 943 1224 1004 τὰ
1247 962 1339 1023 προσ-

162 1046 339 1130 τασσόμενα
361 1045 422 1109 ύπδ
444 1054 499 1108 τοῦ
522 1044 682 1128 πλήθους·
710 1044 804 1128 μόνον
826 1045 862 1106 τὸ
894 1044 1036 1127 ποίμνιον
1060 1054 1114 1108 τοῦ
1137 1043 1276 1128 Χριστοῦ
1299 1049 1339 1110 εί-

163 1149 315 1235 ρηνευέτω
339 1152 417 1235 μετὰ
439 1160 501 1214 τῦν
524 1147 773 1232 καθεσταμένων
788 1148 1013 1233 πρεσβυτέρων.
1060 1153 1089 1216 3.
1114 1159 1206 1212 τοῦτο
1230 1150 1247 1213 ό
1270 1173 1339 1215 ποι-

161 1253 240 1337 ήσας
264 1255 365 1338 ἑαυτῷ
388 1253 469 1338 μέγα
490 1252 582 1329 κλέος
605 1253 638 1316 ἐν
661 1251 787 1335 Χριστῷ
811 1252 1063 1336 περιποιήσεται,
1086 1255 1140 1316 καί
1163 1263 1224 1329 πᾶς
1247 1254 1340 1330 τόπος

162 1358 281 1437 δέξεται
304 1359 408 1424 αὐτόν.
455 1367 515 1424 τοῦ
538 1360 601 1444 γὰρ
634 1361 752 1443 κυρίου
774 1361 796 1442 ἡ
819 1364 861 1442 γῆ
885 1360 941 1422 καί
970 1359 1008 1423 τύ
1032 1357 1203 1443 πλήρωμα
1226 1361 1339 1444 αὐτῆς.

125 1484 149 1521 ω
163 1468 193 1531 4.
217 1473 315 1527 ταῦτα
339 1463 367 1526 οί
395 1463 626 1546 πολιτευόμενοι
659 1465 714 1545 τὴν
739 1462 974 1547 ἀμεταμέλητον
997 1462 1153 1527 πολιτείαν
1182 1473 1238 1527 τοῦ
1261 1466 1340 1529 θεοῦ

163 1568 311 1654 ἐποίησαν
335 1570 389 1632 καί
411 1568 603 1652 ποιήσουσιν.

250 1675 314 1740 LV.
339 1671 408 1736 Ἵνα
431 1673 464 1736 δὲ
486 1674 538 1735 καί
563 1671 778 1756 ὑποδείγματα
800 1671 904 1738 ἐθνῶν
927 1671 1117 1757 ἐνέγκωμεν·
1147 1672 1260 1737 πολλοί
1284 1673 1339 1759 βα-

162 1777 257 1852 σιλεῖς
280 1779 334 1840 καί
357 1776 533 1862 ίργούμενοι,
557 1776 700 1859 λοιμικοῦ
723 1798 805 1852 τινος
828 1777 993 1852 ἐνστάντος
1015 1786 1140 1858 καιροῦ,
1164 1777 1339 1861 χρησμοδο·

162 1880 310 1965 τηθέντες
333 1879 520 1963 παρέδωκαν
543 1882 672 1957 ἑαυτούς
696 1883 739 1958 είς
767 1883 922 1962 θάνατον,
952 1884 1004 1946 ίνα
1026 1883 1179 1967 ῥύσωνται
1209 1883 1261 1946 διὰ
1285 1892 1341 1946 τοῦ

125 2005 149 2044 ιι
163 1985 283 2049 ἑαυτῶν
306 1985 437 2067 αἵματος
460 1988 531 2061 τούς
554 1985 702 2062 πολίτας·
732 1985 842 2049 πολλοί
867 1985 1064 2071 ἐξεχώρησαν
1096 1986 1181 2050 ἰδίων
1204 1988 1337 2065 πόλεων,

160 2090 212 2151 ἵνα
236 2091 278 2172 μὴ
302 2089 512 2167 στασιάζωσιν
536 2089 585 2152 ἐπί
608 2089 726 2154 πλεῖον.
771 2094 801 2156 2.
827 2089 1025 2173 ἐπιστάμεθα
1047 2089 1184 2165 πολλοὺς
1207 2090 1240 2154 ἐν
1267 2092 1340 2176 ἡμῖν

161 2193 423 2276 παραδεδωκότας
454 2193 583 2268 ἑαυτούς
614 2195 657 2270 εἰς
688 2194 804 2278 δεσμά,
839 2196 924 2270 όπως
956 2193 1079 2276 ἐτέρους
1109 2193 1339 2277 λυτρύσονται·

161 2295 272 2360 πολλοί
300 2297 429 2373 ἑαυτοὺς
456 2296 641 2380 παρέδωκαν
666 2299 707 2373 είς
735 2299 891 2378 δουλείαν,
919 2300 973 2362 καί
996 2298 1144 2384 λαβόντες
1171 2302 1228 2376 τάς
1250 2303 1341 2385 τιμὰς

162 2402 264 2465 αὐτῶν
287 2400 409 2484 ἑτέρους
432 2400 604 2486 ἐψώμισαν.
650 2407 680 2470 3.
704 2402 818 2466 πολλαί
834 2412 980 2487 γυναῖκες
1003 2402 1273 2485 ἐνδυναμωθεῑσαι
1289 2406 1342 2468 διά

123 2528 149 2566 ιο
162 2515 216 2588 της
238 2504 364 2587 χάριτος
387 2514 442 2568 τοῦ
463 2509 544 2572 θεοῦ
575 2506 799 2571 ἐπετελέσαντο
820 2507 925 2571 πολλὰ
948 2507 1082 2590 ἀνδρεῖα.
1129 2512 1158 2575 4.
1184 2507 1341 2592 Ἰουδίθη

161 2609 313 2694 μακαρία,
342 2610 374 2674 ἐν
402 2610 601 2695 συγκλεισμῷ
631 2614 725 2696 ούοης
754 2622 809 2695 της
837 2610 973 2689 πόλεως,
1004 2611 1143 2695 ᾐτήσατο
1169 2615 1255 2695 παρὰ
1278 2623 1341 2678 τῦν

160 2714 375 2799 πρεσβυτέρων
410 2713 545 2799 ἐαθηνάι
581 2715 677 2797 αὐτὴν
712 2712 854 2790 ἐξελθεῖν
889 2714 931 2789 είς
965 2716 1020 2797 τἠν
1053 2714 1254 2800 παρεμβολὴν
1277 2726 1341 2781 τῶν

161 2818 359 2902 ἀλλοφύλων.
406 2824 435 2886 5.
459 2818 643 2902 παραδοῦσα
671 2815 725 2882 ούν
755 2817 867 2901 ἑαυτὴν
899 2826 943 2902 τῷ
976 2817 1107 2902 κινδύνῳ
1137 2817 1272 2903 ἐξῆλθεν
1299 2819 1340 2884 δι’

160 2924 285 3009 ἀγάπην
307 2934 362 3007 της
387 2923 532 3005 πατρίδος
555 2924 608 2986 καί
631 2932 685 2985 τοῦ
709 2922 787 2985 λαοῦ
811 2932 865 2986 τοῦ
889 2926 978 2998 όντος
1001 2923 1033 2986 ἐν
1049 2923 1260 3010 συγκλεισμῷ,
1284 2927 1340 2989 καί

121 3049 146 3087 ιο
160 3026 340 3110 παρέδωκεν
363 3028 468 3110 κύριος
484 3026 676 3111 Ὀλοςοέρνην
693 3025 725 3090 ἐν
749 3028 827 3109 χειρί
844 3027 985 3112 θηλείας.
1032 3031 1061 3094 6.
1086 3028 1145 3110 ούχ
1160 3030 1265 3111 ἥττονι
1285 3031 1339 3093 καί

159 3131 180 3215 ἡ
202 3131 306 3195 τελεία
328 3135 411 3195 κατὰ
433 3131 534 3196 πίστιν
559 3130 681 3214 Ἐσθὴρ
704 3130 839 3214 κινδύνῳ
868 3130 980 3214 ἑαυτὴν
1003 3129 1196 3216 παρέβαλεν,
1228 3134 1282 3198 ίνα
1303 3135 1340 3197 τό

159 3235 383 3319 δωδεκάφυλον
406 3245 460 3299 τοῦ
477 3235 604 3318 Ἰσραὴλ
627 3234 742 3318 μέλλον
768 3234 947 3301 ἀπολέσθαι
963 3235 1111 3321 βύσηται·
1136 3237 1187 3300 διὰ
1209 3241 1271 3322 γὰρ
1284 3249 1338 3323 της

159 3339 300 3424 νηστείας
333 3341 386 3403 καί
416 3350 471 3424 τῆς
503 3337 720 3414 ταπεινώσεως
754 3340 848 3422 αὐτῆς
879 3338 1010 3422 ἠξίωσεν
1043 3342 1095 3405 τόν
1119 3344 1338 3428 παντεπόπιην

160 3443 321 3528 δεσπότην,
346 3445 423 3511 θεόν
446 3452 508 3507 τῶν
531 3442 669 3506 αίιύνων·
699 3445 733 3518 ὃς
757 3443 829 3507 ἰδὼν
853 3446 888 3506 τό
911 3447 1054 3509 ταπεινόν
1077 3456 1132 3530 τῆς
1155 3447 1259 3533 ψυχης
1284 3449 1337 3510 αῦ-

122 3571 147 3607 ιο
161 3557 215 3632 τῆς
238 3548 368 3631 ἐρύσατο
391 3551 444 3613 τόν
468 3547 555 3626 λαόν,
579 3545 622 3612 ὧν
645 3548 735 3630 χάριν
759 3547 981 3612 ἐκινδύνευσεν.

229 3721 245 3773 3
263 3722 328 3790 ἡμῖν
346 3719 394 3772 HL
411 3720 415 3791 γ
433 3719 465 3773 12
482 3717 690 3791 ὑποδείγματαε
706 3721 893 3791 ὑπομνήματα
912 3721 937 3773 Η
953 3723 957 3788 Ι
975 3720 1009 3775 18
1030 3718 1168 3789 ἐξέδωκαν
1180 3722 1207 3775 H
1222 3723 1226 3793 ί
1243 3724 1277 3778 25
1297 3724 1339 3795 βτ·

160 3825 219 3862 tovi
232 3824 238 3858 ι
250 3826 359 3876 ηττονει
379 3808 410 3869 Α,
429 3803 514 3876 ἧττον
531 3807 599 3861 HLS
615 3807 619 3875 ί
635 3808 669 3861 28
688 3810 779 3878 τῆς>
798 3808 823 3860 Η
840 3808 843 3877 ί
860 3808 893 3861 29
913 3809 1093 3878 δεσπότην>
1112 3808 1138 3861 Η

195 3960 266 4024 LIV,
293 3962 368 4015 1-2.
397 3963 621 4032 Manuscriptum
648 3963 733 4031 syn'ar
761 3961 860 4019 αὐτοῦ·
879 3967 1039 4036 Ἀναγωρῶ,
1052 3959 1155 4033 ἄπειμι,
1175 3963 1340 4039 ἐνσταθήτω

160 4062 223 4100 eum
235 4047 299 4102 VIII
312 4048 357 4102 vel
375 4048 413 4102 IX
432 4051 544 4104 saeculi.
581 4050 623 4105 Cf.
637 4048 733 4119 Light·
761 4048 862 4116 ὁλκὸς
880 4059 930 4107 τοῦ
950 4057 1026 4107 θεοῦ.
1045 4082 1079 4090 -
1097 4051 1212 4124 εἰπάτω]
1234 4056 1339 4110 Omnes

160 4134 223 4187 foot
243 4136 263 4191 Ι,
285 4134 342 4192 183,
761 4134 905 4202 hucusque
920 4143 1095 4201 censuerunt,
1110 4140 1284 4197 Clementem
1298 4158 1338 4196 se·

195 4220 218 4272 2.
238 4218 415 4288 Epiphanius
443 4223 477 4276 H.
497 4224 530 4276 27
550 4238 573 4276 ο.
592 4224 624 4277 6ι
660 4219 733 4295 λέγει
765 4221 884 4275 (litiosos
904 4223 1054 4288 adnomen,
1074 4229 1106 4279 πί
1118 4226 1236 4282 exirent.
1257 4227 1340 4296 Βοῦς

154 4305 213 4377 νὰς)
232 4307 367 4378 ίΚᾹῇμης)
386 4305 417 4363 g„
432 4317 483 4387 μιᾷ
508 4316 564 4367 τῶν
581 4307 735 4368 ἐπιστολῶν
761 4310 921 4378 nuperrime
940 4313 1041 4382 (Τίιεοί.
1060 4313 1176 4369 Studien
1194 4317 1254 4370 und
1271 4315 1339 4370 Κιτ-
