2834 5018
475 660 525 714 AD
546 659 625 715 COR.
646 660 692 724 Xl.
712 661 822 726 2-ΧΙΙ,
841 661 866 717 8.
1199 670 1260 734 115

85 838 225 921 potentia
248 837 355 902 divina
377 837 570 901 haesitantes
594 838 627 901 in
649 838 798 902 iudicium
829 845 862 903 et
885 840 1011 924 signum
1034 842 1180 908 omnibns
1203 864 1260 927 ge·

84 942 298 1006 nerationibus
321 942 465 1025 proponi.

166 1045 239 1110 XII.
265 1045 403 1129 Propter
434 1047 529 1110 fidem
552 1052 585 1110 et
614 1047 867 1130 hospitalitatem
890 1050 1003 1115 llahab
1037 1051 1186 1115 meretrix
1208 1052 1259 1115 in·

85 1150 214 1214 columis
237 1155 364 1215 servata
387 1156 443 1214 est.
491 1152 519 1213 2.
546 1150 652 1215 Missis
675 1153 760 1215 euim
783 1152 911 1218 alosua
932 1154 998 1219 filio
1014 1154 1126 1219 Navae
1149 1156 1189 1219 ad
1204 1178 1259 1219 ur·

84 1256 151 1319 bem
174 1254 302 1319 Iericho
325 1255 586 1339 speculatoribus,
611 1256 738 1320 rescivit
760 1262 863 1321 terrae
879 1279 942 1334 rex,
968 1258 1041 1323 illos
1063 1259 1185 1323 venisse
1208 1278 1287 1324 ree-⁶

85 1359 209 1443 gionem
231 1381 341 1423 eorum
355 1359 586 1443 exploratores,
604 1365 643 1423 et
664 1360 747 1424 viros
763 1361 876 1436 emisit,
901 1362 956 1445 qui
978 1382 1031 1426 eos
1053 1363 1259 1445 comprehen-

86 1463 208 1538 derent,
238 1468 274 1526 ut
305 1464 523 1547 comprehensi
555 1469 750 1528 necarentur.
804 1467 832 1529 3.
865 1467 930 1531 Eos
965 1467 1065 1550 igitur
1092 1467 1260 1550 hospitalis

87 1566 196 1631 Rahab
221 1568 396 1650 suscipiens
425 1568 458 1632 in
481 1568 598 1632 solario
622 1568 732 1632 domus
762 1570 821 1633 sub
844 1569 903 1634 lini
925 1570 1046 1653 stipula
1078 1571 1259 1635 occultavit.

85 1673 112 1733 4.
137 1671 440 1754 supervenientibus
472 1677 579 1736 autem
609 1672 684 1736 viris
715 1692 830 1755 arege
858 1674 963 1738 missis
993 1697 1030 1739 ac
1064 1675 1259 1740 dicentibus:

85 1777 131 1838 ,ht
151 1784 185 1839 te
208 1781 355 1855 inpressi
377 1786 455 1840 narrt
478 1783 627 1857 reqiom'e
650 1785 786 1840 nostrae
809 1779 1062 1858 exploratorem
1089 1781 1170 1843 ediec
1192 1799 1260 1860 eos,
1274 1805 1299 1841 ιο

85 1885 128 1942 ric
152 1886 240 1943 enim
264 1886 408 1962 imperat
430 1901 513 1960 rea,
543 1881 622 1944 haec
644 1880 822 1961 respondit:
857 1884 1008 1961 Inqreeai
1029 1892 1108 1945 aurat
1130 1885 1259 1963 quidem

85 1987 125 2047 ad
146 2004 199 2048 me
222 1990 298 2064 riri,
321 2004 403 2065 quoe
427 1991 601 2065 quaeritis,
623 1987 685 2048 sed
705 1988 882 2063 confestim
905 1988 1060 2050 abierunt
1084 1997 1116 2050 et
1138 1990 1261 2052 cadunt

85 2096 150 2168 τίω·
181 2090 352 2153 ostendens
375 2088 420 2152 eis
444 2088 645 2153 contrariam.
693 2091 721 2152 5.
747 2089 790 2153 Et
812 2090 891 2153 (lixit
913 2091 953 2152 ad
975 2090 1079 2153 viros:
1112 2094 1260 2156 Perbene

84 2199 168 2272 aeia,
202 2195 370 2256 darianum
405 2196 499 2257 (leram
523 2196 638 2257 urbem
669 2197 754 2258 harre
783 2198 874 2259 cotta
904 2197 1126 2275 traditurum
1160 2204 1260 2261 linior

85 2304 165 2361 enim
198 2307 232 2361 et
258 2297 365 2379 ponar
394 2304 497 2361 castri
526 2304 664 2362 incessit
692 2302 822 2362 incolas
853 2305 934 2363 etus.
981 2301 1129 2363 Simulare
1155 2306 1259 2379 iqttur
1273 2321 1298 2358 ιι

85 2421 200 2484 capere
215 2404 311 2465 illam
328 2404 419 2466 uobis
434 2409 621 2482 eonttqerit,
645 2406 841 2467 ineolumem
866 2423 918 2467 ene
933 2412 1065 2469 seruate
1080 2414 1113 2468 et
1127 2407 1258 2468 (tomum

81 2514 187 2586 patria
210 2512 285 2570 anet.
333 2508 361 2570 6.
385 2507 430 2570 Et
453 2507 599 2570 dixerunt
621 2507 669 2570 ei:
707 2510 763 2571 Str
786 2515 870 2588 erit,
901 2510 1072 2572 allocuta
1095 2511 1258 2572 cenobia.

85 2613 231 2676 Sirnulac
254 2617 358 2691 iqitur
373 2631 435 2675 reos
458 2618 761 2694 appropinquantes
777 2618 981 2693 coqrroam'e,
1004 2622 1162 2693 coquatoa
1185 2624 1260 2677 tuos

84 2736 194 2781 ornnes
222 2718 283 2779 sub
308 2725 391 2779 tecto
424 2726 479 2779 tuo
503 2719 736 2795 coaqreqabz’s,
770 2725 803 2779 et
829 2718 1070 2797 affectantem
1104 2727 1260 2799 quotquot

84 2841 153 2885 aero
180 2829 280 2884 extra
303 2823 435 2884 danaum
467 2829 556 2883 trram
583 2827 802 2900 incarneretur,
820 2823 988 2901 periment.
1036 2823 1064 2886 7.
1088 2821 1298 2886 Praetereunt

83 2927 107 2988 ei
126 2926 256 3008 signum
275 2925 436 2999 dederunt,
459 2930 495 2988 ut
515 2947 628 3007 nempe
649 2924 825 2988 funiculum
844 2924 1022 2988 coceineum
1046 2948 1063 2989 e
1083 2926 1175 2990 domo
1201 2948 1258 2990 sua

83 3030 269 3102 demitteret,
294 3029 500 3092 manifestum
518 3029 678 3103 facientes,
703 3051 760 3112 per
776 3030 961 3114 sangninem
977 3031 1097 3095 domini
1113 3034 1258 3114 redemp-

82 3135 198 3198 tionem
221 3132 288 3197 fore
307 3133 462 3206 omnibus,
486 3134 539 3216 qui
559 3133 689 3197 credunt
702 3138 732 3197 et
745 3138 872 3215 sperant
889 3134 922 3197 in
941 3134 1041 3198 deum.
1079 3136 1107 3199 8.
1134 3135 1256 3211 Videte,

82 3239 193 3313 dilecti,
214 3239 290 3320 quia
305 3259 368 3301 non
385 3237 489 3301 solum
503 3237 590 3314 fides,
616 3237 671 3299 sed
687 3236 782 3300 etiam
797 3235 967 3318 prophetia
982 3237 1014 3301 in
1030 3237 1161 3302 muliere
1184 3239 1257 3302 fuit.

146 3417 286 3479 310³.2;
316 3418 370 3470 lae.
390 3419 420 3480 2,
440 3418 487 3478 25;
516 3416 600 3469 Heln.
621 3419 666 3479 11,
686 3416 726 3469 31.
761 3449 795 3457 -
828 3415 969 3480 Most,
991 3417 1064 3472 1-3.
1102 3449 1133 3457 -
1169 3418 1258 3472 llos.

81 3503 101 3567 2,
119 3506 142 3558 6.
162 3536 198 3544 -
216 3506 233 3558 9
250 3504 304 3560 Ios.
324 3506 347 3567 2,
367 3504 391 3556 3.
419 3536 454 3543 -
483 3507 513 3559 11
533 3503 585 3557 Ios.
605 3507 629 3566 2,
647 3507 672 3558 4.
691 3507 715 3558 5.
743 3536 777 3543 -
807 3506 839 3558 14
857 3505 910 3557 Ios.
930 3506 954 3567 2,
976 3505 1070 3559 9-13.
1090 3536 1125 3543 —
1152 3505 1256 3560 1810s.

80 3590 444 3653 2.14.-2110s.2‚18.

81 3740 434 3813 Prolegomenac.l)recte
445 3741 669 3849 animadvertit!
716 3745 739 3796 7.
759 3741 935 3815 προσέθεντο
955 3741 1060 3809 δοῦναι]
1079 3739 1175 3794 Etiam
1188 3741 1258 3795 haec

79 3832 191 3884 verbum
219 3825 367 3895 ἐπίσταμαι
396 3828 485 3882 solum
513 3828 653 3889 exhibeat,
681 3828 785 3882 locutio
799 3833 842 3882 est
861 3827 994 3881 hebraica
1005 3826 1049 3880 vel
1064 3825 1187 3881 imitatio
1201 3843 1257 3880 ser-

78 3914 181 3970 loeutio
197 3913 335 3968 Clementi
348 3914 402 3983 ipsi
416 3915 597 3969 attribuenda
611 3916 654 3968 est
680 3915 770 3968 monis
782 3916 966 3985 interpretum
978 3914 1062 3973 LXX.
1081 3916 1129 3981 qui
1140 3915 1257 3969 verbum

80 4020 196 4072 eumque
209 4000 344 4055 Iudaeum
362 4006 460 4056 narium
479 4003 524 4055 vel
538 4000 653 4056 Christi·
680 4023 730 4087 πρ·
744 4003 906 4072 saepissime
924 4004 1009 4057 verbo
1025 4006 1196 4076 προστίθημι
1212 4001 1257 4055 vel

79 4108 159 4146 anum
179 4107 213 4144 ex
233 4089 343 4144 ludaeis
362 4089 450 4141 fuisse
469 4088 596 4142 indicare
614 4089 653 4141 vi·
679 4093 866 4160 προστίθεμαι
879 4089 1042 4144 reddebant.
1080 4089 1120 4144 cf.
1137 4088 1256 4142 Concor-

79 4180 164 4234 detur.
185 4212 217 4220 -
231 4185 409 4233 κατοικοῦσιν
421 4175 516 4247 αὐτὴν]
537 4174 654 4229 Lectum
681 4177 780 4230 dantia
802 4177 954 4232 bibliorum
982 4196 1002 4230 s.
1021 4196 1045 4231 v.
1074 4176 1257 4249 προστιθέναι

80 4283 142 4337 ergo
171 4264 311 4320 Clementi
342 4279 451 4317 comma
476 4262 610 4317 versiculi
636 4264 653 4316 9
680 4265 724 4317 vel
752 4265 876 4325 adicere;
910 4263 1005 4318 Hatch
1033 4264 1089 4318 and
1116 4263 1256 4333 Redpath‚

80 4371 99 4406 a
117 4357 133 4410 2
151 4356 214 4411 Ios..
234 4350 310 4417 quod
329 4368 346 4402 a
364 4352 460 4404 multis
480 4350 652 4404 editionibus
683 4351 869 4406 Cermoreluace
886 4351 912 4403 Π
930 4351 1029 4421 (1897),
1042 4350 1116 4405 1221.
1135 4381 1168 4392 -
1187 4352 1254 4423 πρό·

80 4439 165 4504 abest,
184 4440 214 4493 in
228 4437 423 4506 complutensi
435 4456 501 4491 roro
521 4439 562 4491 ita
575 4438 653 4492 effer·
680 4444 763 4510 δηλον
791 4437 861 4507 κτλ]
893 4437 935 4491 ef.
964 4438 1030 4492 lust.
1057 4438 1129 4492 Dial.
1157 4456 1180 4492 e.
1207 4441 1255 4494 111

80 4530 136 4580 tur:
154 4532 200 4585 καὶ
210 4525 402 4596 κιιτέπτησσον
411 4528 513 4592 πάντες
526 4526 551 4584 ol
563 4548 653 4584 κατοι·
680 4544 700 4579 e.
724 4526 743 4579 f.

80 4622 192 4682 κοῦντες
211 4618 263 4684 τὴν
281 4627 333 4686 γῆν
350 4612 400 4685 ἀφ’
417 4611 496 4683 ὑμῶν
514 4613 606 4685 (eat).
715 4613 739 4668 8.
757 4612 923 4686 προφητεία]
944 4611 1256 4685 cf.0rig.1n1es.na-

1004 4703 1051 4772 gr
