2834 5018
332 673 510 729 EPISTULA
529 675 578 730 AD
598 674 815 732 DIOGNETUM
831 679 864 743 X,
884 678 994 743 l-Xll,
1016 683 1038 735 1.
1204 687 1268 750 411

97 853 180 917 ditos
204 875 303 935 usque
333 854 373 917 ad
402 854 497 918 linem
528 855 686 938 supplicio
716 856 843 921 afficiet.
890 858 919 921 8.
945 856 1033 922 Tunc
1064 858 1269 924 admiraberis

96 980 166 1033 eos,
201 959 255 1042 qui
278 981 337 1043 pro
358 960 482 1024 iustitia
504 961 613 1044 ignem
635 960 800 1044 patiuntur
830 960 1073 1044 temporarium,
1104 967 1136 1026 at
1158 964 1269 1029 beatos

95 1064 305 1147 praedicabis,
330 1086 401 1129 cum
423 1064 531 1149 ignem
552 1064 644 1129 illum
667 1066 859 1148 cognoveris.

185 1272 238 1336 XI.
263 1272 337 1337 Non
366 1274 535 1359 peregrina
564 1274 678 1359 loquor
708 1296 810 1358 neque
841 1275 965 1358 ineptas
998 1278 1195 1360 quaestiones
1217 1279 1268 1343 in·

93 1377 210 1455 stituo,
243 1381 298 1442 sed
321 1378 538 1463 apostolorum
569 1379 672 1443 factus
695 1379 869 1462 discipulus
898 1379 940 1443 fio
969 1380 1079 1445 doctor
1109 1383 1295 1468 gentiumzr

95 1506 178 1568 quae
201 1483 279 1547 mihi
302 1483 419 1547 tradita
435 1490 518 1561 sunt,
544 1484 639 1567 digne
655 1484 859 1549 subministro
879 1485 928 1561 iis,
952 1485 1007 1567 qui
1029 1487 1175 1570 discipuli
1190 1489 1271 1553 fiunt

92 1589 247 1653 veritatis.
293 1590 322 1652 2.
348 1588 425 1664 Quis
452 1588 536 1652 eninr
564 1592 649 1652 recte
681 1589 810 1653 edoctus
833 1595 866 1653 et
887 1591 982 1655 verbo
1015 1591 1134 1656 amicus
1165 1592 1269 1657 factus

92 1715 159 1757 non
181 1695 308 1757 studeat
339 1699 484 1757 accurate
508 1693 643 1769 discere,
676 1714 756 1777 quae
779 1715 835 1777 per
865 1695 997 1759 verbum
1028 1694 1112 1759 clare
1141 1702 1270 1762 ostensa

94 1801 170 1861 sunt
193 1797 372 1881 discipulis,
405 1799 520 1881 quibus
544 1820 581 1860 ea
613 1796 784 1861 declaravit
806 1798 937 1861 verbum
966 1800 1069 1881 ipsum
1101 1823 1267 1885 apparens,

92 1902 193 1966 libere
215 1903 361 1986 loquens,
393 1903 432 1967 ab
452 1902 620 1966 incredulis
643 1923 706 1965 non
728 1901 940 1980 intellectum,
975 1904 1138 1988 discipulis
1161 1910 1267 1970 autem
1281 1927 1305 1964 ιο

93 2030 260 2082 enarrans,
293 2008 347 2091 qui
369 2007 477 2071 fideles
501 2008 547 2074 ab
573 2028 609 2070 eo
633 2006 805 2069 existimati
836 2013 1051 2090 cognoverunt
1076 2011 1176 2092 patris
1199 2032 1269 2093 my-

93 2113 214 2175 steria?
246 2113 276 2176 3.
301 2111 398 2176 Cuius
421 2112 467 2176 rei
489 2111 595 2195 gratia
617 2111 750 2175 verbum
771 2111 867 2187 misit,
891 2116 928 2175 ut
950 2112 1067 2176 mundo
1090 2118 1267 2196 appareret,

94 2216 179 2298 qnod
203 2240 222 2279 a
244 2217 363 2300 populo
386 2221 620 2300 contemptum,
651 2215 691 2279 ab
716 2214 868 2297 apostolis
890 2216 1122 2298 praedicatum,
1148 2240 1167 2280 a
1189 2239 1268 2301 gen-

92 2321 179 2384 tibus
202 2326 250 2385 est
273 2321 437 2385 creditum.
484 2323 513 2385 4.
539 2321 601 2385 Hic
624 2321 664 2385 ab
686 2320 775 2384 initio
800 2325 885 2395 erat,
920 2321 974 2404 qui
996 2342 1096 2385 novus
1118 2323 1268 2405 apparuit

92 2430 238 2488 etvetus
268 2426 414 2490 inventus
437 2431 485 2490 est
508 2430 540 2489 et
572 2446 697 2501 semper
718 2446 826 2488 recens
852 2425 885 2488 in
908 2430 1088 2489 sanctorum
1119 2426 1265 2491 cordibus
1282 2445 1305 2485 1⁶

91 2530 243 2594 nascitur.
290 2531 319 2593 5.
344 2529 406 2594 Hic
429 2529 648 2612 sempiternus
673 2527 766 2591 hodie
787 2528 872 2592 fflius
896 2532 944 2591 est
965 2533 1180 2611 nuncupatum
1212 2552 1268 2614 per

92 2655 187 2716 quem
209 2634 341 2698 ecclesia
358 2634 476 2698 ditatur
499 2637 531 2697 et
545 2632 651 2717 gratia
673 2653 814 2716 expansa
823 2632 856 2695 in
879 2632 997 2696 sanctis
1013 2638 1156 2716 augetur,
1173 2656 1267 2717 prae·

90 2739 170 2802 bens
202 2738 415 2815 intellectum,
450 2736 645 2822 patefaciens
678 2738 847 2819 mysterio,
883 2737 1073 2801 annuntians
1111 2742 1266 2822 tempora,

91 2843 234 2925 gaudens
258 2866 353 2927 super
372 2843 528 2918 fidelibus,
555 2842 780 2925 quaerentibus
804 2841 939 2917 donans,
965 2842 1080 2924 quibus
1102 2844 1173 2907 iura
1194 2844 1268 2909 fidei

90 2969 155 3011 non
177 2947 417 3031 perfringrmtur
445 2968 548 3031 neque
570 2946 689 3012 limites
720 2951 847 3030 patrum
868 2947 1099 3011 transiliuntur.
1146 2950 1175 3013 6.
1200 2950 1266 3014 De·
1281 2967 1307 3006 ²⁰

91 3051 164 3114 inde
187 3057 290 3115 metus
312 3051 393 3135 legis
417 3051 612 3127 decantatur,
637 3056 670 3115 et
684 3050 912 3134 prophetarum
935 3052 1040 3135 gratia
1055 3054 1266 3137 cognoscitur,

91 3159 124 3218 et
148 3155 383 3240 evangeliorum
405 3155 483 3219 fides
507 3156 687 3232 stabilitur,
712 3160 745 3219 et
768 3156 983 3239 apostolorum
1005 3156 1135 3220 traditio
1159 3163 1266 3222 custo·

90 3260 186 3334 ditur,
211 3266 243 3323 et
265 3259 413 3323 ecclesiae
437 3260 540 3343 gratia
563 3260 710 3324 exsultat.
758 3261 786 3323 7.
812 3259 913 3335 Quam
937 3260 1073 3343 gratiam
1103 3285 1167 3326 non
1191 3285 1267 3327 con·

89 3364 221 3426 tristans
250 3385 287 3427 es
317 3385 505 3446 cognosceS,
546 3386 627 3448 quae
657 3364 788 3428 verbum
819 3363 960 3447 loquitur
990 3386 1048 3448 per
1077 3388 1155 3449 quos
1187 3367 1265 3441 vult,

90 3468 216 3552 quando
239 3469 267 3532 ei
290 3468 388 3533 lubet.
436 3470 464 3532 8.
491 3468 701 3552 Quaecunque
724 3468 808 3531 enim
831 3467 995 3533 voluntate
1017 3469 1154 3533 iubentis
1176 3470 1265 3535 verbi
1278 3485 1304 3524 2⁶

88 3573 219 3637 excitati
241 3595 348 3636 sumus
372 3572 477 3655 eloqui
502 3594 573 3636 cum
589 3571 704 3647 studio,
730 3593 767 3634 ex
791 3571 958 3635 dilectione
974 3593 1091 3649 eorum,
1117 3595 1197 3656 quae
1212 3595 1263 3637 re-

88 3677 195 3740 velata
217 3677 309 3740 nobis
332 3681 416 3751 sunt,
441 3676 604 3740 vobiscum
627 3675 905 3739 communicamus.

176 3780 248 3844 XII.
291 3778 379 3856 Quae
413 3802 484 3844 cum
518 3779 660 3864 legeritis
694 3784 726 3843 et
759 3780 921 3844 audieritis
955 3781 1112 3857 studiose,
1147 3781 1263 3858 scietis,

88 3889 209 3969 quanta
231 3885 383 3967 praebeat
405 3885 482 3948 deus
505 3889 589 3947 recte
611 3884 717 3967 ipsum
733 3883 949 3968 diligentibus,
975 3886 1093 3969 quippe
1118 3886 1172 3969 qui
1187 3885 1266 3949 facti

160 4055 191 4107 11
212 4054 307 4107 loann.
329 4058 350 4117 1,
370 4053 394 4106 9.
413 4087 448 4094 —
467 4054 618 4108 121Tim.
638 4057 662 4117 3,
684 4056 724 4110 16.
743 4087 777 4094 -
799 4055 859 4110 131
878 4055 973 4110 loonn.
995 4061 1017 4120 1,
1031 4060 1059 4119 1;
1078 4059 1102 4120 2,
1118 4058 1157 4112 13.
1179 4058 1218 4112 14.
1231 4087 1266 4095 -

90 4144 122 4199 15
142 4143 185 4196 Ps.
205 4140 229 4203 2,
250 4145 279 4203 7;
299 4141 399 4196 Matth.
420 4142 443 4205 3,
465 4144 504 4197 17.
523 4174 558 4182 —
576 4144 609 4197 27
630 4142 697 4197 Gen.
717 4144 742 4205 2,
763 4144 810 4205 15;
830 4145 853 4207 3,
873 4143 920 4204 24;
940 4143 1040 4207 10e12,
1060 4147 1083 4199 3.

123 4284 148 4334 5.
168 4278 248 4354 ὅρκια
334 4276 407 4351 ὅρια]
427 4280 540 4335 Hieron
560 4279 610 4351 ap.
630 4282 663 4336 63
691 4282 769 4334 creta
780 4280 859 4335 facta
876 4280 1004 4335 unanimi
1017 4281 1133 4336 consilio
1151 4282 1265 4350 patrum

86 4368 126 4422 ad
152 4367 279 4436 Theoplr
307 4384 329 4420 c.
350 4367 380 4420 2:
408 4366 495 4422 Nobis
522 4369 592 4422 nihil
621 4370 664 4423 est
690 4366 835 4422 ccclesiae.
868 4367 908 4422 cf.
938 4368 1149 4430 Deut.19‚14;
1185 4365 1263 4420 Prov.

86 4456 242 4523 antiquius,
263 4470 347 4521 quam
358 4454 462 4510 Christi
475 4457 537 4509 iura
552 4471 663 4508 servare
690 4454 731 4518 22,
750 4454 797 4516 a&
815 4453 900 4509 Clem.
919 4454 961 4508 De
979 4454 1049 4524 virg.
1068 4455 1101 4518 ΙΙ,
1124 4456 1163 4517 15,
1182 4455 1206 4507 5.

85 4560 139 4597 nec
158 4546 272 4611 patrum
291 4543 444 4596 transferre
462 4542 508 4612 (al.
528 4541 663 4612 transire)
724 4542 748 4596 6.
768 4559 855 4613 προφ.
878 4540 968 4614 χάρις]
988 4540 1006 4594 'a
1026 4556 1049 4594 e.
1070 4540 1178 4610 gratia,
1206 4557 1265 4609 qna

83 4629 230 4686 terminos.
248 4659 284 4668 -·
302 4625 365 4701 boec
383 4629 521 4703 πατέρων]
541 4629 596 4684 i.e.
616 4628 661 4683 de·
688 4628 844 4698 prophetae
862 4625 1016 4682 illuminati
1034 4629 1108 4683 sunt
