<?xml version="1.0" encoding="UTF-8"?>
<!DOCTYPE html PUBLIC "-//W3C//DTD XHTML 1.0 Transitional//EN"
    "http://www.w3.org/TR/xhtml1/DTD/xhtml1-transitional.dtd">
<html xmlns="http://www.w3.org/1999/xhtml" xml:lang="en" lang="en">
 <head>
  <title>
</title>
<meta http-equiv="Content-Type" content="text/html;charset=utf-8" />
  <meta name='ocr-system' content='tesseract 3.04.00' />
  <meta name='ocr-capabilities' content='ocr_page ocr_carea ocr_par ocr_line ocrx_word'/>
</head>
<body>
  <div class='ocr_page' id='page_1' title='image "./patresapostolic00piongoog_0638.png"; bbox 0 0 2834 5018; ppageno 0'>
   <div class='ocr_carea' id='block_1_1' title="bbox 500 660 1266 759">
    <p class='ocr_par' dir='ltr' id='par_1_1' title="bbox 500 660 1266 759">
     <span class='ocr_line' id='line_1_1' title="bbox 500 660 1266 759; baseline 0.026 -20"><span class='ocrx_word' id='word_1_1' title='bbox 500 685 614 741; x_wconf 77' lang='lat' dir='ltr'>nano.</span> <span class='ocrx_word' id='word_1_2' title='bbox 633 685 680 749; x_wconf 81' lang='lat' dir='ltr'>ru,</span> <span class='ocrx_word' id='word_1_3' title='bbox 702 687 723 750; x_wconf 87' lang='lat'>1,</span> <span class='ocrx_word' id='word_1_4' title='bbox 742 686 819 749; x_wconf 61' lang='lat' dir='ltr'>aa,</span> <span class='ocrx_word' id='word_1_5' title='bbox 839 660 863 741; x_wconf 63' lang='lat'>22.</span> <span class='ocrx_word' id='word_1_6' title='bbox 1203 694 1266 759; x_wconf 81' lang='lat'>477</span> 
     </span>
    </p>
   </div>
   <div class='ocr_carea' id='block_1_2' title="bbox 81 863 1337 3354">
    <p class='ocr_par' dir='ltr' id='par_1_2' title="bbox 83 863 1337 2728">
     <span class='ocr_line' id='line_1_2' title="bbox 90 863 1266 953; baseline 0.008 -29"><span class='ocrx_word' id='word_1_7' title='bbox 90 868 275 927; x_wconf 79' lang='lat' dir='ltr'>committit.</span> <span class='ocrx_word' id='word_1_8' title='bbox 322 865 350 927; x_wconf 82' lang='lat'>7.</span> <span class='ocrx_word' id='word_1_9' title='bbox 376 863 410 929; x_wconf 90' lang='lat' dir='ltr'>Si</span> <span class='ocrx_word' id='word_1_10' title='bbox 433 886 526 950; x_wconf 81' lang='lat' dir='ltr'>ergo,</span> <span class='ocrx_word' id='word_1_11' title='bbox 558 865 703 950; x_wconf 79' lang='lat' dir='ltr'>inquam,</span> <span class='ocrx_word' id='word_1_12' title='bbox 729 867 868 944; x_wconf 79' lang='lat' dir='ltr'>domine,</span> <span class='ocrx_word' id='word_1_13' title='bbox 899 889 995 944; x_wconf 80' lang='lat' dir='ltr'>uxor,</span> <span class='ocrx_word' id='word_1_14' title='bbox 1026 872 1196 953; x_wconf 79' lang='lat' dir='ltr'><strong>postquam</strong></span> <span class='ocrx_word' id='word_1_15' title='bbox 1218 868 1266 933; x_wconf 92' lang='lat' dir='ltr'>di·</span> 
     </span>
     <span class='ocr_line' id='line_1_3' title="bbox 90 967 1268 1056; baseline 0.007 -27"><span class='ocrx_word' id='word_1_16' title='bbox 90 967 187 1031; x_wconf 88' lang='lat' dir='ltr'>missa</span> <span class='ocrx_word' id='word_1_17' title='bbox 216 968 296 1044; x_wconf 81' lang='lat' dir='ltr'>fuit,</span> <span class='ocrx_word' id='word_1_18' title='bbox 331 970 559 1054; x_wconf 88' lang='lat' dir='ltr'>paenitentiam</span> <span class='ocrx_word' id='word_1_19' title='bbox 588 971 690 1056; x_wconf 82' lang='lat' dir='ltr'>egerit</span> <span class='ocrx_word' id='word_1_20' title='bbox 721 976 753 1036; x_wconf 90' lang='lat' dir='ltr'>et</span> <span class='ocrx_word' id='word_1_21' title='bbox 785 972 824 1035; x_wconf 91' lang='lat' dir='ltr'>ad</span> <span class='ocrx_word' id='word_1_22' title='bbox 852 972 1000 1036; x_wconf 87' lang='lat' dir='ltr'>maritum</span> <span class='ocrx_word' id='word_1_23' title='bbox 1030 995 1123 1037; x_wconf 90' lang='lat' dir='ltr'>suum</span> <span class='ocrx_word' id='word_1_24' title='bbox 1153 974 1268 1037; x_wconf 86' lang='lat' dir='ltr'>reverti</span> 
     </span>
     <span class='ocr_line' id='line_1_4' title="bbox 89 1072 1265 1159; baseline 0.007 -26"><span class='ocrx_word' id='word_1_25' title='bbox 89 1072 233 1150; x_wconf 89' lang='lat' dir='ltr'>voluerit,</span> <span class='ocrx_word' id='word_1_26' title='bbox 256 1095 320 1138; x_wconf 92' lang='lat' dir='ltr'>non</span> <span class='ocrx_word' id='word_1_27' title='bbox 342 1075 536 1158; x_wconf 74' lang='lat' dir='ltr'>recipietur?</span> <span class='ocrx_word' id='word_1_28' title='bbox 570 1076 598 1140; x_wconf 88' lang='lat'>8.</span> <span class='ocrx_word' id='word_1_29' title='bbox 624 1074 733 1149; x_wconf 87' lang='lat' dir='ltr'>Immo,</span> <span class='ocrx_word' id='word_1_30' title='bbox 757 1075 878 1159; x_wconf 82' lang='lat' dir='ltr'>inquit,</span> <span class='ocrx_word' id='word_1_31' title='bbox 911 1076 938 1139; x_wconf 92' lang='lat' dir='ltr'>si</span> <span class='ocrx_word' id='word_1_32' title='bbox 961 1077 1009 1140; x_wconf 92' lang='lat' dir='ltr'>vir</span> <span class='ocrx_word' id='word_1_33' title='bbox 1032 1098 1101 1142; x_wconf 90' lang='lat' dir='ltr'>eam</span> <span class='ocrx_word' id='word_1_34' title='bbox 1130 1099 1193 1143; x_wconf 90' lang='lat' dir='ltr'>non</span> <span class='ocrx_word' id='word_1_35' title='bbox 1215 1099 1265 1141; x_wconf 93' lang='lat' dir='ltr'>re·</span> 
     </span>
     <span class='ocr_line' id='line_1_5' title="bbox 90 1178 1267 1265; baseline 0.004 -25"><span class='ocrx_word' id='word_1_36' title='bbox 90 1178 217 1260; x_wconf 83' lang='lat' dir='ltr'>ceperit,</span> <span class='ocrx_word' id='word_1_37' title='bbox 241 1183 353 1262; x_wconf 84' lang='lat' dir='ltr'>peccat</span> <span class='ocrx_word' id='word_1_38' title='bbox 375 1185 407 1242; x_wconf 88' lang='lat' dir='ltr'>et</span> <span class='ocrx_word' id='word_1_39' title='bbox 430 1201 583 1264; x_wconf 80' lang='lat' dir='ltr'>magnum</span> <span class='ocrx_word' id='word_1_40' title='bbox 599 1182 762 1261; x_wconf 88' lang='lat' dir='ltr'>peccatum</span> <span class='ocrx_word' id='word_1_41' title='bbox 786 1179 847 1243; x_wconf 86' lang='lat' dir='ltr'>sibi</span> <span class='ocrx_word' id='word_1_42' title='bbox 864 1180 1039 1256; x_wconf 87' lang='lat' dir='ltr'>contrahit;</span> <span class='ocrx_word' id='word_1_43' title='bbox 1062 1183 1117 1246; x_wconf 90' lang='lat' dir='ltr'>sed</span> <span class='ocrx_word' id='word_1_44' title='bbox 1140 1185 1267 1265; x_wconf 77' lang='lat' dir='ltr'>oportet</span> 
     </span>
     <span class='ocr_line' id='line_1_6' title="bbox 89 1282 1292 1369; baseline 0.005 -25"><span class='ocrx_word' id='word_1_45' title='bbox 89 1282 273 1364; x_wconf 74' lang='lat' dir='ltr'>recipiatur,</span> <span class='ocrx_word' id='word_1_46' title='bbox 307 1284 361 1367; x_wconf 90' lang='lat' dir='ltr'>qui</span> <span class='ocrx_word' id='word_1_47' title='bbox 383 1283 527 1367; x_wconf 87' lang='lat' dir='ltr'>peccavit</span> <span class='ocrx_word' id='word_1_48' title='bbox 550 1307 586 1348; x_wconf 85' lang='lat' dir='ltr'>ac</span> <span class='ocrx_word' id='word_1_49' title='bbox 608 1283 836 1366; x_wconf 88' lang='lat' dir='ltr'>poenitentiam</span> <span class='ocrx_word' id='word_1_50' title='bbox 859 1285 942 1369; x_wconf 77' lang='lat' dir='ltr'>agit,</span> <span class='ocrx_word' id='word_1_51' title='bbox 971 1306 1035 1349; x_wconf 89' lang='lat' dir='ltr'>non</span> <span class='ocrx_word' id='word_1_52' title='bbox 1056 1306 1131 1349; x_wconf 86' lang='lat' dir='ltr'>vcro</span> <span class='ocrx_word' id='word_1_53' title='bbox 1153 1300 1292 1369; x_wconf 78' lang='lat' dir='ltr'>saepe;⁶</span> 
     </span>
     <span class='ocr_line' id='line_1_7' title="bbox 88 1387 1265 1475; baseline 0.003 -25"><span class='ocrx_word' id='word_1_54' title='bbox 88 1388 185 1451; x_wconf 85' lang='lat' dir='ltr'>servis</span> <span class='ocrx_word' id='word_1_55' title='bbox 209 1387 292 1454; x_wconf 91' lang='lat' dir='ltr'>enim</span> <span class='ocrx_word' id='word_1_56' title='bbox 316 1388 366 1450; x_wconf 88' lang='lat' dir='ltr'>dei</span> <span class='ocrx_word' id='word_1_57' title='bbox 388 1388 585 1472; x_wconf 88' lang='lat' dir='ltr'>paenitentia</span> <span class='ocrx_word' id='word_1_58' title='bbox 606 1410 670 1451; x_wconf 90' lang='lat' dir='ltr'>una</span> <span class='ocrx_word' id='word_1_59' title='bbox 692 1391 749 1451; x_wconf 90' lang='lat' dir='ltr'>est.</span> <span class='ocrx_word' id='word_1_60' title='bbox 796 1387 931 1472; x_wconf 84' lang='lat' dir='ltr'>Propter</span> <span class='ocrx_word' id='word_1_61' title='bbox 953 1389 1180 1474; x_wconf 85' lang='lat' dir='ltr'>paenitentiam</span> <span class='ocrx_word' id='word_1_62' title='bbox 1202 1390 1265 1475; x_wconf 83' lang='lat' dir='ltr'>igi·</span> 
     </span>
     <span class='ocr_line' id='line_1_8' title="bbox 88 1491 1265 1560; baseline 0.004 -5"><span class='ocrx_word' id='word_1_63' title='bbox 88 1498 141 1555; x_wconf 86' lang='lat' dir='ltr'>tur</span> <span class='ocrx_word' id='word_1_64' title='bbox 162 1493 211 1555; x_wconf 91' lang='lat' dir='ltr'>vir</span> <span class='ocrx_word' id='word_1_65' title='bbox 232 1514 296 1556; x_wconf 91' lang='lat' dir='ltr'>non</span> <span class='ocrx_word' id='word_1_66' title='bbox 320 1493 414 1558; x_wconf 85' lang='lat' dir='ltr'>debet</span> <span class='ocrx_word' id='word_1_67' title='bbox 437 1493 531 1556; x_wconf 84' lang='lat' dir='ltr'>aliam</span> <span class='ocrx_word' id='word_1_68' title='bbox 555 1492 675 1556; x_wconf 86' lang='lat' dir='ltr'>ducere.</span> <span class='ocrx_word' id='word_1_69' title='bbox 722 1491 811 1557; x_wconf 88' lang='lat' dir='ltr'>Haec</span> <span class='ocrx_word' id='word_1_70' title='bbox 833 1515 882 1557; x_wconf 88' lang='lat' dir='ltr'>res</span> <span class='ocrx_word' id='word_1_71' title='bbox 906 1494 946 1558; x_wconf 87' lang='lat' dir='ltr'>ad</span> <span class='ocrx_word' id='word_1_72' title='bbox 968 1493 1133 1558; x_wconf 90' lang='lat' dir='ltr'>mulierem</span> <span class='ocrx_word' id='word_1_73' title='bbox 1157 1517 1194 1560; x_wconf 88' lang='lat' dir='ltr'>ac</span> <span class='ocrx_word' id='word_1_74' title='bbox 1216 1496 1265 1559; x_wconf 93' lang='lat' dir='ltr'>vi·</span> 
     </span>
     <span class='ocr_line' id='line_1_9' title="bbox 87 1596 1265 1684; baseline 0.004 -24"><span class='ocrx_word' id='word_1_75' title='bbox 87 1620 157 1660; x_wconf 90' lang='lat' dir='ltr'>rum</span> <span class='ocrx_word' id='word_1_76' title='bbox 180 1597 326 1680; x_wconf 81' lang='lat' dir='ltr'>pertinet.</span> <span class='ocrx_word' id='word_1_77' title='bbox 373 1597 402 1661; x_wconf 80' lang='grc'>9.</span> <span class='ocrx_word' id='word_1_78' title='bbox 427 1597 502 1661; x_wconf 91' lang='lat' dir='ltr'>Non</span> <span class='ocrx_word' id='word_1_79' title='bbox 525 1596 644 1672; x_wconf 84' lang='lat' dir='ltr'>solnm,</span> <span class='ocrx_word' id='word_1_80' title='bbox 676 1597 795 1680; x_wconf 80' lang='lat' dir='ltr'>inquit,</span> <span class='ocrx_word' id='word_1_81' title='bbox 827 1598 1018 1663; x_wconf 87' lang='lat' dir='ltr'>adulterium</span> <span class='ocrx_word' id='word_1_82' title='bbox 1045 1604 1111 1677; x_wconf 79' lang='lat' dir='ltr'>est,</span> <span class='ocrx_word' id='word_1_83' title='bbox 1144 1600 1265 1684; x_wconf 87' lang='lat' dir='ltr'>siquis</span> 
     </span>
     <span class='ocr_line' id='line_1_10' title="bbox 87 1702 1265 1787; baseline 0.003 -22"><span class='ocrx_word' id='word_1_84' title='bbox 87 1723 214 1766; x_wconf 83' lang='lat' dir='ltr'>carnem</span> <span class='ocrx_word' id='word_1_85' title='bbox 236 1726 326 1768; x_wconf 88' lang='lat' dir='ltr'>suam</span> <span class='ocrx_word' id='word_1_86' title='bbox 349 1703 547 1786; x_wconf 81' lang='lat' dir='ltr'>coinquinat,</span> <span class='ocrx_word' id='word_1_87' title='bbox 581 1702 753 1766; x_wconf 87' lang='lat' dir='ltr'>sedetiam</span> <span class='ocrx_word' id='word_1_88' title='bbox 777 1703 966 1787; x_wconf 84' lang='lat' dir='ltr'>quicumque</span> <span class='ocrx_word' id='word_1_89' title='bbox 989 1703 1105 1767; x_wconf 83' lang='lat' dir='ltr'>similia</span> <span class='ocrx_word' id='word_1_90' title='bbox 1128 1704 1205 1769; x_wconf 87' lang='lat' dir='ltr'>facit</span> <span class='ocrx_word' id='word_1_91' title='bbox 1228 1726 1265 1769; x_wconf 89' lang='lat' dir='ltr'>ac</span> 
     </span>
     <span class='ocr_line' id='line_1_11' title="bbox 87 1805 1303 1893; baseline 0.003 -24"><span class='ocrx_word' id='word_1_92' title='bbox 87 1805 232 1890; x_wconf 75' lang='lat' dir='ltr'>gentiles,</span> <span class='ocrx_word' id='word_1_93' title='bbox 257 1807 380 1871; x_wconf 85' lang='lat' dir='ltr'>adulter</span> <span class='ocrx_word' id='word_1_94' title='bbox 403 1812 459 1871; x_wconf 88' lang='lat' dir='ltr'>est.</span> <span class='ocrx_word' id='word_1_95' title='bbox 506 1808 619 1890; x_wconf 85' lang='lat' dir='ltr'>Itaque</span> <span class='ocrx_word' id='word_1_96' title='bbox 641 1807 669 1871; x_wconf 89' lang='lat' dir='ltr'>si</span> <span class='ocrx_word' id='word_1_97' title='bbox 699 1808 769 1891; x_wconf 90' lang='lat' dir='ltr'>quis</span> <span class='ocrx_word' id='word_1_98' title='bbox 792 1807 825 1871; x_wconf 92' lang='lat' dir='ltr'>in</span> <span class='ocrx_word' id='word_1_99' title='bbox 853 1808 1006 1872; x_wconf 88' lang='lat' dir='ltr'>eiusmodi</span> <span class='ocrx_word' id='word_1_100' title='bbox 1036 1808 1158 1873; x_wconf 87' lang='lat' dir='ltr'>actibus</span> <span class='ocrx_word' id='word_1_101' title='bbox 1189 1830 1262 1893; x_wconf 86' lang='lat' dir='ltr'>per·</span> <span class='ocrx_word' id='word_1_102' title='bbox 1278 1824 1303 1862; x_wconf 83' lang='lat'>10</span> 
     </span>
     <span class='ocr_line' id='line_1_12' title="bbox 87 1912 1264 1996; baseline 0.003 -22"><span class='ocrx_word' id='word_1_103' title='bbox 87 1914 194 1975; x_wconf 88' lang='lat' dir='ltr'>manet</span> <span class='ocrx_word' id='word_1_104' title='bbox 225 1933 327 1996; x_wconf 88' lang='lat' dir='ltr'>neque</span> <span class='ocrx_word' id='word_1_105' title='bbox 355 1912 583 1996; x_wconf 88' lang='lat' dir='ltr'>paenitentiam</span> <span class='ocrx_word' id='word_1_106' title='bbox 614 1912 698 1996; x_wconf 82' lang='lat' dir='ltr'>agit,</span> <span class='ocrx_word' id='word_1_107' title='bbox 733 1913 856 1978; x_wconf 83' lang='lat' dir='ltr'>abstine</span> <span class='ocrx_word' id='word_1_108' title='bbox 880 1913 920 1977; x_wconf 88' lang='lat' dir='ltr'>ab</span> <span class='ocrx_word' id='word_1_109' title='bbox 944 1934 981 1976; x_wconf 90' lang='lat' dir='ltr'>eo</span> <span class='ocrx_word' id='word_1_110' title='bbox 1011 1933 1114 1996; x_wconf 90' lang='lat' dir='ltr'>neque</span> <span class='ocrx_word' id='word_1_111' title='bbox 1137 1914 1264 1978; x_wconf 84' lang='lat' dir='ltr'>convive</span> 
     </span>
     <span class='ocr_line' id='line_1_13' title="bbox 87 2016 1263 2103; baseline 0.003 -26"><span class='ocrx_word' id='word_1_112' title='bbox 87 2025 158 2080; x_wconf 87' lang='lat' dir='ltr'>cu&#39;m</span> <span class='ocrx_word' id='word_1_113' title='bbox 181 2037 235 2087; x_wconf 78' lang='lat' dir='ltr'>eo:</span> <span class='ocrx_word' id='word_1_114' title='bbox 259 2017 309 2080; x_wconf 91' lang='lat' dir='ltr'>sin</span> <span class='ocrx_word' id='word_1_115' title='bbox 332 2021 446 2093; x_wconf 79' lang='lat' dir='ltr'>autem,</span> <span class='ocrx_word' id='word_1_116' title='bbox 470 2020 502 2086; x_wconf 89' lang='lat' dir='ltr'>et</span> <span class='ocrx_word' id='word_1_117' title='bbox 525 2020 560 2080; x_wconf 86' lang='lat' dir='ltr'>tu</span> <span class='ocrx_word' id='word_1_118' title='bbox 583 2017 743 2100; x_wconf 88' lang='lat' dir='ltr'>particeps</span> <span class='ocrx_word' id='word_1_119' title='bbox 766 2039 799 2081; x_wconf 93' lang='lat' dir='ltr'>es</span> <span class='ocrx_word' id='word_1_120' title='bbox 821 2017 944 2102; x_wconf 88' lang='lat' dir='ltr'>peccati</span> <span class='ocrx_word' id='word_1_121' title='bbox 960 2016 1035 2081; x_wconf 91' lang='lat' dir='ltr'>eius.</span> <span class='ocrx_word' id='word_1_122' title='bbox 1085 2019 1135 2081; x_wconf 92' lang='lat'>10.</span> <span class='ocrx_word' id='word_1_123' title='bbox 1160 2017 1263 2103; x_wconf 88' lang='lat' dir='ltr'>Prop-</span> 
     </span>
     <span class='ocr_line' id='line_1_14' title="bbox 85 2121 1263 2204; baseline 0.003 -22"><span class='ocrx_word' id='word_1_124' title='bbox 85 2124 173 2184; x_wconf 88' lang='lat' dir='ltr'>terea</span> <span class='ocrx_word' id='word_1_125' title='bbox 195 2121 284 2185; x_wconf 90' lang='lat' dir='ltr'>vobis</span> <span class='ocrx_word' id='word_1_126' title='bbox 307 2125 511 2204; x_wconf 88' lang='lat' dir='ltr'>praeceptum</span> <span class='ocrx_word' id='word_1_127' title='bbox 534 2124 591 2197; x_wconf 80' lang='lat' dir='ltr'>est,</span> <span class='ocrx_word' id='word_1_128' title='bbox 615 2125 651 2185; x_wconf 90' lang='lat' dir='ltr'>ut</span> <span class='ocrx_word' id='word_1_129' title='bbox 672 2122 836 2186; x_wconf 91' lang='lat' dir='ltr'>vobiscum</span> <span class='ocrx_word' id='word_1_130' title='bbox 858 2121 1022 2198; x_wconf 79' lang='lat' dir='ltr'>maneatis,</span> <span class='ocrx_word' id='word_1_131' title='bbox 1047 2121 1113 2185; x_wconf 88' lang='lat' dir='ltr'>sive</span> <span class='ocrx_word' id='word_1_132' title='bbox 1135 2121 1183 2185; x_wconf 88' lang='lat' dir='ltr'>vir</span> <span class='ocrx_word' id='word_1_133' title='bbox 1198 2123 1263 2185; x_wconf 90' lang='lat' dir='ltr'>sive</span> 
     </span>
     <span class='ocr_line' id='line_1_15' title="bbox 85 2225 1262 2310; baseline 0.003 -23"><span class='ocrx_word' id='word_1_134' title='bbox 85 2226 214 2304; x_wconf 81' lang='lat' dir='ltr'>mulier3</span> <span class='ocrx_word' id='word_1_135' title='bbox 237 2230 345 2308; x_wconf 87' lang='lat' dir='ltr'>potest</span> <span class='ocrx_word' id='word_1_136' title='bbox 367 2225 498 2290; x_wconf 91' lang='lat' dir='ltr'>enimin</span> <span class='ocrx_word' id='word_1_137' title='bbox 521 2225 675 2289; x_wconf 88' lang='lat' dir='ltr'>eiusmodi</span> <span class='ocrx_word' id='word_1_138' title='bbox 690 2226 784 2290; x_wconf 87' lang='lat' dir='ltr'>rebus</span> <span class='ocrx_word' id='word_1_139' title='bbox 806 2226 1002 2309; x_wconf 89' lang='lat' dir='ltr'>paenitentia</span> <span class='ocrx_word' id='word_1_140' title='bbox 1019 2247 1096 2290; x_wconf 88' lang='lat' dir='ltr'>esse.</span> <span class='ocrx_word' id='word_1_141' title='bbox 1124 2227 1173 2290; x_wconf 93' lang='grc'>11.</span> <span class='ocrx_word' id='word_1_142' title='bbox 1190 2226 1262 2310; x_wconf 82' lang='lat' dir='ltr'>Ego</span> 
     </span>
     <span class='ocr_line' id='line_1_16' title="bbox 85 2329 1299 2414; baseline 0.003 -23"><span class='ocrx_word' id='word_1_143' title='bbox 85 2329 192 2412; x_wconf 71' lang='lat' dir='ltr'>igitur,</span> <span class='ocrx_word' id='word_1_144' title='bbox 216 2330 328 2414; x_wconf 85' lang='lat' dir='ltr'>inquit,</span> <span class='ocrx_word' id='word_1_145' title='bbox 352 2353 415 2394; x_wconf 94' lang='lat' dir='ltr'>non</span> <span class='ocrx_word' id='word_1_146' title='bbox 439 2331 478 2394; x_wconf 91' lang='lat' dir='ltr'>do</span> <span class='ocrx_word' id='word_1_147' title='bbox 502 2330 715 2406; x_wconf 83' lang='lat' dir='ltr'>occasionem,</span> <span class='ocrx_word' id='word_1_148' title='bbox 746 2334 782 2394; x_wconf 92' lang='lat' dir='ltr'>ut</span> <span class='ocrx_word' id='word_1_149' title='bbox 806 2334 894 2394; x_wconf 90' lang='lat' dir='ltr'>actus</span> <span class='ocrx_word' id='word_1_150' title='bbox 916 2330 977 2394; x_wconf 86' lang='lat' dir='ltr'>iste</span> <span class='ocrx_word' id='word_1_151' title='bbox 1000 2331 1045 2394; x_wconf 91' lang='lat' dir='ltr'>sic</span> <span class='ocrx_word' id='word_1_152' title='bbox 1067 2330 1258 2414; x_wconf 81' lang='lat' dir='ltr'>perficiatur,</span> <span class='ocrx_word' id='word_1_153' title='bbox 1275 2344 1299 2380; x_wconf 80' lang='lat'>¹⁶</span> 
     </span>
     <span class='ocr_line' id='line_1_17' title="bbox 85 2434 1261 2519; baseline 0.003 -23"><span class='ocrx_word' id='word_1_154' title='bbox 85 2435 201 2498; x_wconf 87' lang='lat' dir='ltr'>sedne</span> <span class='ocrx_word' id='word_1_155' title='bbox 225 2435 362 2518; x_wconf 86' lang='lat' dir='ltr'>amplius</span> <span class='ocrx_word' id='word_1_156' title='bbox 384 2440 509 2518; x_wconf 73' lang='lat' dir='ltr'>peccet,</span> <span class='ocrx_word' id='word_1_157' title='bbox 541 2435 595 2517; x_wconf 87' lang='lat' dir='ltr'>qui</span> <span class='ocrx_word' id='word_1_158' title='bbox 618 2435 770 2518; x_wconf 90' lang='lat' dir='ltr'>peccavit.</span> <span class='ocrx_word' id='word_1_159' title='bbox 818 2434 908 2511; x_wconf 87' lang='lat' dir='ltr'>Quod</span> <span class='ocrx_word' id='word_1_160' title='bbox 938 2440 1045 2499; x_wconf 89' lang='lat' dir='ltr'>autem</span> <span class='ocrx_word' id='word_1_161' title='bbox 1074 2435 1162 2519; x_wconf 89' lang='lat' dir='ltr'>prius</span> <span class='ocrx_word' id='word_1_162' title='bbox 1194 2437 1261 2500; x_wconf 88' lang='lat' dir='ltr'>eius</span> 
     </span>
     <span class='ocr_line' id='line_1_18' title="bbox 84 2539 1337 2624; baseline 0.002 -22"><span class='ocrx_word' id='word_1_163' title='bbox 84 2545 250 2623; x_wconf 86' lang='lat' dir='ltr'>peccatum</span> <span class='ocrx_word' id='word_1_164' title='bbox 273 2541 396 2617; x_wconf 79' lang='lat' dir='ltr'>attinet,</span> <span class='ocrx_word' id='word_1_165' title='bbox 421 2543 470 2604; x_wconf 90' lang='lat' dir='ltr'>est</span> <span class='ocrx_word' id='word_1_166' title='bbox 493 2540 547 2622; x_wconf 90' lang='lat' dir='ltr'>qui</span> <span class='ocrx_word' id='word_1_167' title='bbox 568 2540 686 2603; x_wconf 88' lang='lat' dir='ltr'>mederi</span> <span class='ocrx_word' id='word_1_168' title='bbox 708 2544 830 2623; x_wconf 85' lang='lat' dir='ltr'>potest;</span> <span class='ocrx_word' id='word_1_169' title='bbox 854 2539 922 2621; x_wconf 90' lang='lat' dir='ltr'>ipse</span> <span class='ocrx_word' id='word_1_170' title='bbox 945 2540 1028 2604; x_wconf 90' lang='lat' dir='ltr'>enim</span> <span class='ocrx_word' id='word_1_171' title='bbox 1049 2543 1106 2618; x_wconf 79' lang='lat' dir='ltr'>est,</span> <span class='ocrx_word' id='word_1_172' title='bbox 1131 2540 1186 2624; x_wconf 90' lang='lat' dir='ltr'>qui</span> <span class='ocrx_word' id='word_1_173' title='bbox 1202 2540 1259 2604; x_wconf 88' lang='lat' dir='ltr'>ha·</span> <span class='ocrx_word' id='word_1_174' title='bbox 1334 2566 1337 2571; x_wconf 94' lang='lat'><em>·</em></span> 
     </span>
     <span class='ocr_line' id='line_1_19' title="bbox 83 2644 523 2728; baseline -0.002 -20"><span class='ocrx_word' id='word_1_175' title='bbox 83 2644 138 2708; x_wconf 88' lang='lat' dir='ltr'>bet</span> <span class='ocrx_word' id='word_1_176' title='bbox 161 2645 302 2708; x_wconf 89' lang='lat' dir='ltr'>omnium</span> <span class='ocrx_word' id='word_1_177' title='bbox 323 2649 523 2728; x_wconf 85' lang='lat' dir='ltr'>potestatem.</span> 
     </span>
    </p>

    <p class='ocr_par' dir='ltr' id='par_1_3' title="bbox 81 2743 1299 3354">
     <span class='ocr_line' id='line_1_20' title="bbox 172 2743 1260 2832; baseline 0 -21"><span class='ocrx_word' id='word_1_178' title='bbox 172 2743 209 2812; x_wconf 81' lang='grc'>2.</span> <span class='ocrx_word' id='word_1_179' title='bbox 235 2749 432 2832; x_wconf 78' lang='lat' dir='ltr'>Interrogavi</span> <span class='ocrx_word' id='word_1_180' title='bbox 455 2771 526 2813; x_wconf 91' lang='lat' dir='ltr'>eum</span> <span class='ocrx_word' id='word_1_181' title='bbox 556 2749 668 2813; x_wconf 87' lang='lat' dir='ltr'>iterum</span> <span class='ocrx_word' id='word_1_182' title='bbox 692 2748 815 2812; x_wconf 89' lang='lat' dir='ltr'>diceus:</span> <span class='ocrx_word' id='word_1_183' title='bbox 850 2746 931 2823; x_wconf 88' lang='lat' dir='ltr'>Quia</span> <span class='ocrx_word' id='word_1_184' title='bbox 954 2748 1099 2812; x_wconf 88' lang='lat' dir='ltr'>dominus</span> <span class='ocrx_word' id='word_1_185' title='bbox 1129 2748 1260 2832; x_wconf 82' lang='lat' dir='ltr'>dignum</span> 
     </span>
     <span class='ocr_line' id='line_1_21' title="bbox 82 2851 1299 2937; baseline 0 -21"><span class='ocrx_word' id='word_1_186' title='bbox 82 2874 133 2916; x_wconf 90' lang='lat' dir='ltr'>me</span> <span class='ocrx_word' id='word_1_187' title='bbox 156 2853 282 2928; x_wconf 82' lang='lat' dir='ltr'>habuit,</span> <span class='ocrx_word' id='word_1_188' title='bbox 319 2874 454 2936; x_wconf 84' lang='lat' dir='ltr'>quocum</span> <span class='ocrx_word' id='word_1_189' title='bbox 476 2875 600 2936; x_wconf 88' lang='lat' dir='ltr'>semper</span> <span class='ocrx_word' id='word_1_190' title='bbox 621 2853 796 2928; x_wconf 83' lang='lat' dir='ltr'>habitares,</span> <span class='ocrx_word' id='word_1_191' title='bbox 820 2875 923 2937; x_wconf 85' lang='lat' dir='ltr'>pauca</span> <span class='ocrx_word' id='word_1_192' title='bbox 944 2852 1040 2916; x_wconf 87' lang='lat' dir='ltr'>verba</span> <span class='ocrx_word' id='word_1_193' title='bbox 1063 2851 1166 2916; x_wconf 86' lang='lat' dir='ltr'>adhuc</span> <span class='ocrx_word' id='word_1_194' title='bbox 1188 2874 1258 2916; x_wconf 89' lang='lat' dir='ltr'>sus·</span> <span class='ocrx_word' id='word_1_195' title='bbox 1273 2864 1299 2903; x_wconf 80' lang='lat'>²⁰</span> 
     </span>
     <span class='ocr_line' id='line_1_22' title="bbox 83 2955 1260 3042; baseline -0.001 -22"><span class='ocrx_word' id='word_1_196' title='bbox 83 2956 158 3034; x_wconf 83' lang='lat' dir='ltr'>tine,</span> <span class='ocrx_word' id='word_1_197' title='bbox 186 2958 259 3042; x_wconf 86' lang='lat' dir='ltr'>quia</span> <span class='ocrx_word' id='word_1_198' title='bbox 282 2978 345 3021; x_wconf 92' lang='lat' dir='ltr'>non</span> <span class='ocrx_word' id='word_1_199' title='bbox 368 2957 521 3041; x_wconf 82' lang='lat' dir='ltr'>intellego</span> <span class='ocrx_word' id='word_1_200' title='bbox 545 2957 718 3042; x_wconf 89' lang='lat' dir='ltr'>quidquam</span> <span class='ocrx_word' id='word_1_201' title='bbox 741 2961 773 3021; x_wconf 91' lang='lat' dir='ltr'>et</span> <span class='ocrx_word' id='word_1_202' title='bbox 796 2978 977 3022; x_wconf 88' lang='lat' dir='ltr'>cormeum</span> <span class='ocrx_word' id='word_1_203' title='bbox 1000 2955 1189 3020; x_wconf 85' lang='lat' dir='ltr'>obduratum</span> <span class='ocrx_word' id='word_1_204' title='bbox 1212 2961 1260 3020; x_wconf 86' lang='lat' dir='ltr'>est</span> 
     </span>
     <span class='ocr_line' id='line_1_23' title="bbox 81 3059 1260 3146; baseline -0.001 -22"><span class='ocrx_word' id='word_1_205' title='bbox 81 3062 241 3145; x_wconf 83' lang='lat' dir='ltr'>prioribus</span> <span class='ocrx_word' id='word_1_206' title='bbox 265 3062 388 3126; x_wconf 85' lang='lat' dir='ltr'>actibus</span> <span class='ocrx_word' id='word_1_207' title='bbox 411 3062 508 3137; x_wconf 83' lang='lat' dir='ltr'>nreis;</span> <span class='ocrx_word' id='word_1_208' title='bbox 538 3062 707 3146; x_wconf 85' lang='lat' dir='ltr'>prudentia</span> <span class='ocrx_word' id='word_1_209' title='bbox 728 3084 778 3126; x_wconf 92' lang='lat' dir='ltr'>me</span> <span class='ocrx_word' id='word_1_210' title='bbox 801 3063 904 3137; x_wconf 79' lang='lat' dir='ltr'>indue,</span> <span class='ocrx_word' id='word_1_211' title='bbox 932 3060 1008 3145; x_wconf 88' lang='lat' dir='ltr'>quia</span> <span class='ocrx_word' id='word_1_212' title='bbox 1029 3059 1120 3123; x_wconf 90' lang='lat' dir='ltr'>valde</span> <span class='ocrx_word' id='word_1_213' title='bbox 1142 3059 1260 3123; x_wconf 87' lang='lat' dir='ltr'>stultus</span> 
     </span>
     <span class='ocr_line' id='line_1_24' title="bbox 83 3162 1257 3249; baseline -0.001 -21"><span class='ocrx_word' id='word_1_214' title='bbox 83 3169 208 3230; x_wconf 88' lang='lat' dir='ltr'>sumet</span> <span class='ocrx_word' id='word_1_215' title='bbox 238 3167 365 3230; x_wconf 90' lang='lat' dir='ltr'>omnino</span> <span class='ocrx_word' id='word_1_216' title='bbox 397 3164 478 3229; x_wconf 93' lang='lat' dir='ltr'>nihil</span> <span class='ocrx_word' id='word_1_217' title='bbox 507 3166 605 3249; x_wconf 87' lang='lat' dir='ltr'>sapio.</span> <span class='ocrx_word' id='word_1_218' title='bbox 652 3167 681 3229; x_wconf 84' lang='lat'>2.</span> <span class='ocrx_word' id='word_1_219' title='bbox 706 3165 912 3249; x_wconf 89' lang='lat' dir='ltr'>Respondens</span> <span class='ocrx_word' id='word_1_220' title='bbox 941 3163 1019 3227; x_wconf 89' lang='lat' dir='ltr'>mihi</span> <span class='ocrx_word' id='word_1_221' title='bbox 1052 3162 1144 3226; x_wconf 88' lang='lat' dir='ltr'>dicit:</span> <span class='ocrx_word' id='word_1_222' title='bbox 1177 3164 1257 3245; x_wconf 76' lang='lat' dir='ltr'>Ego,</span> 
     </span>
     <span class='ocr_line' id='line_1_25' title="bbox 82 3267 1259 3354; baseline 0.001 -23"><span class='ocrx_word' id='word_1_223' title='bbox 82 3269 204 3352; x_wconf 80' lang='lat' dir='ltr'>inquit,</span> <span class='ocrx_word' id='word_1_224' title='bbox 237 3270 450 3352; x_wconf 87' lang='lat' dir='ltr'>paenitentiae</span> <span class='ocrx_word' id='word_1_225' title='bbox 479 3271 677 3354; x_wconf 87' lang='lat' dir='ltr'>praepositus</span> <span class='ocrx_word' id='word_1_226' title='bbox 701 3293 770 3335; x_wconf 89' lang='lat' dir='ltr'>sum</span> <span class='ocrx_word' id='word_1_227' title='bbox 794 3278 825 3334; x_wconf 86' lang='lat' dir='ltr'>et</span> <span class='ocrx_word' id='word_1_228' title='bbox 847 3269 993 3333; x_wconf 89' lang='lat' dir='ltr'>omnibus</span> <span class='ocrx_word' id='word_1_229' title='bbox 1023 3267 1259 3351; x_wconf 89' lang='lat' dir='ltr'>paenitentibus</span> 
     </span>
    </p>
   </div>
   <div class='ocr_carea' id='block_1_3' title="bbox 75 3507 1258 4710">
    <p class='ocr_par' dir='ltr' id='par_1_4' title="bbox 75 3507 1258 4710">
     <span class='ocr_line' id='line_1_26' title="bbox 81 3507 1258 3577; baseline -0.003 -13"><span class='ocrx_word' id='word_1_230' title='bbox 81 3514 258 3567; x_wconf 76' lang='lat' dir='ltr'>irratmmeuto</span> <span class='ocrx_word' id='word_1_231' title='bbox 275 3514 415 3568; x_wconf 81' lang='lat' dir='ltr'>meruisset</span> <span class='ocrx_word' id='word_1_232' title='bbox 432 3511 532 3577; x_wconf 78' lang='lat' dir='ltr'>incidi,</span> <span class='ocrx_word' id='word_1_233' title='bbox 560 3512 586 3565; x_wconf 86' lang='lat' dir='ltr'>si</span> <span class='ocrx_word' id='word_1_234' title='bbox 604 3526 658 3565; x_wconf 81' lang='lat' dir='ltr'>nou</span> <span class='ocrx_word' id='word_1_235' title='bbox 669 3516 671 3551; x_wconf 81' lang='grc' dir='ltr'>Ι</span> <span class='ocrx_word' id='word_1_236' title='bbox 683 3508 799 3571; x_wconf 86' lang='lat' dir='ltr'>infideli,</span> <span class='ocrx_word' id='word_1_237' title='bbox 818 3512 849 3561; x_wconf 90' lang='lat' dir='ltr'>ut</span> <span class='ocrx_word' id='word_1_238' title='bbox 866 3508 880 3561; x_wconf 89' lang='lat'><em>1</em></span> <span class='ocrx_word' id='word_1_239' title='bbox 899 3509 960 3562; x_wconf 82' lang='lat' dir='ltr'>Cor.</span> <span class='ocrx_word' id='word_1_240' title='bbox 975 3510 998 3570; x_wconf 82' lang='grc'>7,</span> <span class='ocrx_word' id='word_1_241' title='bbox 1015 3507 1055 3562; x_wconf 85' lang='grc'>15.</span> <span class='ocrx_word' id='word_1_242' title='bbox 1092 3507 1201 3561; x_wconf 84' lang='lat' dir='ltr'>Laudat</span> <span class='ocrx_word' id='word_1_243' title='bbox 1219 3507 1258 3561; x_wconf 92' lang='lat' dir='ltr'>lo-</span> 
     </span>
     <span class='ocr_line' id='line_1_27' title="bbox 81 3568 1258 3664; baseline -0.005 -11"><span class='ocrx_word' id='word_1_244' title='bbox 81 3600 115 3653; x_wconf 82' lang='lat' dir='ltr'>ab</span> <span class='ocrx_word' id='word_1_245' title='bbox 134 3600 207 3653; x_wconf 80' lang='lat' dir='ltr'>omui</span> <span class='ocrx_word' id='word_1_246' title='bbox 224 3601 337 3653; x_wconf 82' lang='lat' dir='ltr'>coneilio</span> <span class='ocrx_word' id='word_1_247' title='bbox 362 3599 549 3664; x_wconf 78' lang='lat' dir='ltr'>eeclesiarum,</span> <span class='ocrx_word' id='word_1_248' title='bbox 577 3599 658 3652; x_wconf 83' lang='lat' dir='ltr'>etiam</span> <span class='ocrx_word' id='word_1_249' title='bbox 669 3568 672 3629; x_wconf 74' lang='lat' dir='ltr'>l</span> <span class='ocrx_word' id='word_1_250' title='bbox 684 3611 748 3649; x_wconf 91' lang='lat' dir='ltr'>cum</span> <span class='ocrx_word' id='word_1_251' title='bbox 765 3594 980 3664; x_wconf 80' lang='lat' dir='ltr'>Pe.·Cyprianus</span> <span class='ocrx_word' id='word_1_252' title='bbox 998 3593 1040 3648; x_wconf 91' lang='lat' dir='ltr'>De</span> <span class='ocrx_word' id='word_1_253' title='bbox 1053 3594 1136 3648; x_wconf 80' lang='lat' dir='ltr'>oleat.</span> <span class='ocrx_word' id='word_1_254' title='bbox 1150 3596 1201 3648; x_wconf 77' lang='lat' dir='ltr'>ut</span> <span class='ocrx_word' id='word_1_255' title='bbox 1215 3594 1258 3648; x_wconf 89' lang='lat' dir='ltr'>ed.</span> 
     </span>
     <span class='ocr_line' id='line_1_28' title="bbox 82 3674 1037 3754; baseline -0.005 -15"><span class='ocrx_word' id='word_1_256' title='bbox 82 3693 243 3748; x_wconf 79' lang='lat' dir='ltr'>vestrarum,</span> <span class='ocrx_word' id='word_1_257' title='bbox 270 3689 340 3740; x_wconf 81' lang='lat' dir='ltr'>inter</span> <span class='ocrx_word' id='word_1_258' title='bbox 362 3686 518 3754; x_wconf 72' lang='lat' dir='ltr'>apocrypho</span> <span class='ocrx_word' id='word_1_259' title='bbox 543 3691 567 3739; x_wconf 80' lang='lat' dir='ltr'>et</span> <span class='ocrx_word' id='word_1_260' title='bbox 582 3685 657 3752; x_wconf 68' lang='lat' dir='ltr'>falsa</span> <span class='ocrx_word' id='word_1_261' title='bbox 668 3674 671 3751; x_wconf 79' lang='lat' dir='ltr'>l</span> <span class='ocrx_word' id='word_1_262' title='bbox 684 3681 784 3737; x_wconf 86' lang='lat' dir='ltr'>Hartel</span> <span class='ocrx_word' id='word_1_263' title='bbox 801 3682 847 3744; x_wconf 94' lang='grc' dir='ltr'>ΙΙΙ,</span> <span class='ocrx_word' id='word_1_264' title='bbox 866 3683 907 3744; x_wconf 84' lang='grc'>96,</span> <span class='ocrx_word' id='word_1_265' title='bbox 928 3680 1037 3736; x_wconf 84' lang='grc'><strong>10-13.</strong></span> 
     </span>
     <span class='ocr_line' id='line_1_29' title="bbox 81 3760 1258 3853; baseline -0.004 -27"><span class='ocrx_word' id='word_1_266' title='bbox 81 3774 265 3840; x_wconf 58' lang='lat' dir='ltr'>indicantum</span> <span class='ocrx_word' id='word_1_267' title='bbox 288 3773 412 3827; x_wconf 82' lang='lat' dir='ltr'>adultera</span> <span class='ocrx_word' id='word_1_268' title='bbox 430 3773 534 3840; x_wconf 78' lang='lat' dir='ltr'>etipsa</span> <span class='ocrx_word' id='word_1_269' title='bbox 552 3777 576 3826; x_wconf 82' lang='lat' dir='ltr'>et</span> <span class='ocrx_word' id='word_1_270' title='bbox 593 3760 671 3853; x_wconf 71' lang='lat' dir='ltr'>iudel</span> <span class='ocrx_word' id='word_1_271' title='bbox 720 3770 759 3824; x_wconf 87' lang='lat'>10.</span> <span class='ocrx_word' id='word_1_272' title='bbox 778 3770 889 3826; x_wconf 81' lang='grc' dir='ltr'><strong><em>δύναται</em></strong></span> <span class='ocrx_word' id='word_1_273' title='bbox 907 3769 977 3838; x_wconf 58' lang='grc' dir='ltr'>κτλ]</span> <span class='ocrx_word' id='word_1_274' title='bbox 996 3769 1014 3822; x_wconf 92' lang='lat' dir='ltr'>i.</span> <span class='ocrx_word' id='word_1_275' title='bbox 1035 3784 1058 3822; x_wconf 89' lang='lat' dir='ltr'>e.</span> <span class='ocrx_word' id='word_1_276' title='bbox 1077 3770 1172 3837; x_wconf 86' lang='lat' dir='ltr'>potest</span> <span class='ocrx_word' id='word_1_277' title='bbox 1183 3768 1258 3822; x_wconf 91' lang='lat' dir='ltr'>enim</span> 
     </span>
     <span class='ocr_line' id='line_1_30' title="bbox 78 3854 1257 3928; baseline -0.005 -15"><span class='ocrx_word' id='word_1_278' title='bbox 78 3866 197 3928; x_wconf 81' lang='lat' dir='ltr'>patrona</span> <span class='ocrx_word' id='word_1_279' title='bbox 223 3861 372 3926; x_wconf 83' lang='lat' dir='ltr'>sociorum,</span> <span class='ocrx_word' id='word_1_280' title='bbox 406 3879 424 3913; x_wconf 87' lang='lat' dir='ltr'>a</span> <span class='ocrx_word' id='word_1_281' title='bbox 451 3878 506 3928; x_wconf 83' lang='lat' dir='ltr'>quc</span> <span class='ocrx_word' id='word_1_282' title='bbox 533 3864 557 3913; x_wconf 80' lang='lat' dir='ltr'>et</span> <span class='ocrx_word' id='word_1_283' title='bbox 585 3857 815 3913; x_wconf 79' lang='lat' dir='ltr'>alias&#39;moechus</span> <span class='ocrx_word' id='word_1_284' title='bbox 840 3873 889 3910; x_wconf 87' lang='lat' dir='ltr'>scu</span> <span class='ocrx_word' id='word_1_285' title='bbox 907 3856 1025 3910; x_wconf 83' lang='lat' dir='ltr'>moecha</span> <span class='ocrx_word' id='word_1_286' title='bbox 1051 3854 1257 3924; x_wconf 85' lang='lat' dir='ltr'>paenitentiam</span> 
     </span>
     <span class='ocr_line' id='line_1_31' title="bbox 78 3940 1258 4015; baseline -0.006 -15"><span class='ocrx_word' id='word_1_287' title='bbox 78 3947 211 4011; x_wconf 76' lang='lat' dir='ltr'>initiaris,</span> <span class='ocrx_word' id='word_1_288' title='bbox 240 3947 269 3998; x_wconf 88' lang='lat' dir='ltr'>et</span> <span class='ocrx_word' id='word_1_289' title='bbox 286 3944 322 3999; x_wconf 92' lang='lat' dir='ltr'>ib.</span> <span class='ocrx_word' id='word_1_290' title='bbox 343 3962 365 3999; x_wconf 85' lang='lat' dir='ltr'>e.</span> <span class='ocrx_word' id='word_1_291' title='bbox 385 3946 432 4000; x_wconf 80' lang='lat'>20:</span> <span class='ocrx_word' id='word_1_292' title='bbox 459 3953 484 4001; x_wconf 84' lang='lat' dir='ltr'>et</span> <span class='ocrx_word' id='word_1_293' title='bbox 509 3947 600 4015; x_wconf 80' lang='lat' dir='ltr'>utique</span> <span class='ocrx_word' id='word_1_294' title='bbox 618 3962 656 4000; x_wconf 85' lang='lat' dir='ltr'>re·</span> <span class='ocrx_word' id='word_1_295' title='bbox 683 3961 774 4013; x_wconf 83' lang='lat' dir='ltr'>agere,</span> <span class='ocrx_word' id='word_1_296' title='bbox 794 3961 850 4012; x_wconf 88' lang='lat' dir='ltr'>qua</span> <span class='ocrx_word' id='word_1_297' title='bbox 861 3947 978 4012; x_wconf 85' lang='lat' dir='ltr'>peracta</span> <span class='ocrx_word' id='word_1_298' title='bbox 990 3943 1091 3996; x_wconf 87' lang='lat' dir='ltr'>itemm</span> <span class='ocrx_word' id='word_1_299' title='bbox 1103 3940 1258 4008; x_wconf 86' lang='lat' dir='ltr'>recipiatur</span> 
     </span>
     <span class='ocr_line' id='line_1_32' title="bbox 79 4028 1257 4102; baseline -0.005 -15"><span class='ocrx_word' id='word_1_300' title='bbox 79 4034 179 4100; x_wconf 78' lang='lat' dir='ltr'>ceptior</span> <span class='ocrx_word' id='word_1_301' title='bbox 197 4034 272 4101; x_wconf 79' lang='lat' dir='ltr'>optut</span> <span class='ocrx_word' id='word_1_302' title='bbox 284 4035 408 4089; x_wconf 79' lang='lat' dir='ltr'>ecclesias</span> <span class='ocrx_word' id='word_1_303' title='bbox 420 4034 536 4102; x_wconf 77' lang='lat' dir='ltr'>epistula</span> <span class='ocrx_word' id='word_1_304' title='bbox 546 4032 656 4087; x_wconf 85' lang='lat' dir='ltr'>Bumu-</span> <span class='ocrx_word' id='word_1_305' title='bbox 683 4033 719 4086; x_wconf 85' lang='lat' dir='ltr'>ab</span> <span class='ocrx_word' id='word_1_306' title='bbox 738 4032 828 4086; x_wconf 86' lang='lat' dir='ltr'>altera</span> <span class='ocrx_word' id='word_1_307' title='bbox 845 4034 941 4099; x_wconf 85' lang='lat' dir='ltr'>perte;</span> <span class='ocrx_word' id='word_1_308' title='bbox 960 4028 1025 4084; x_wconf 90' lang='lat' dir='ltr'>ideo</span> <span class='ocrx_word' id='word_1_309' title='bbox 1044 4028 1184 4099; x_wconf 86' lang='lat' dir='ltr'>posterior</span> <span class='ocrx_word' id='word_1_310' title='bbox 1201 4045 1257 4081; x_wconf 91' lang='lat' dir='ltr'>non</span> 
     </span>
     <span class='ocr_line' id='line_1_33' title="bbox 78 4113 1256 4189; baseline -0.005 -16"><span class='ocrx_word' id='word_1_311' title='bbox 78 4123 128 4174; x_wconf 83' lang='lat' dir='ltr'>bue</span> <span class='ocrx_word' id='word_1_312' title='bbox 156 4122 203 4174; x_wconf 82' lang='lat' dir='ltr'>illo</span> <span class='ocrx_word' id='word_1_313' title='bbox 228 4122 382 4189; x_wconf 77' lang='lat' dir='ltr'>apocrypho</span> <span class='ocrx_word' id='word_1_314' title='bbox 409 4122 523 4175; x_wconf 82' lang='lat' dir='ltr'>Pastore</span> <span class='ocrx_word' id='word_1_315' title='bbox 540 4121 656 4174; x_wconf 79' lang='lat' dir='ltr'>moecho·</span> <span class='ocrx_word' id='word_1_316' title='bbox 683 4118 738 4173; x_wconf 83' lang='lat' dir='ltr'>alio</span> <span class='ocrx_word' id='word_1_317' title='bbox 752 4116 924 4171; x_wconf 85' lang='lat' dir='ltr'>matrimonii</span> <span class='ocrx_word' id='word_1_318' title='bbox 936 4115 1049 4171; x_wconf 77' lang='lat' dir='ltr'>vinculo</span> <span class='ocrx_word' id='word_1_319' title='bbox 1068 4115 1153 4186; x_wconf 83' lang='lat' dir='ltr'>ligari</span> <span class='ocrx_word' id='word_1_320' title='bbox 1164 4113 1256 4169; x_wconf 87' lang='lat' dir='ltr'>debet.</span> 
     </span>
     <span class='ocr_line' id='line_1_34' title="bbox 79 4200 1257 4277; baseline -0.007 -16"><span class='ocrx_word' id='word_1_321' title='bbox 79 4224 148 4261; x_wconf 85' lang='lat' dir='ltr'>rum.</span> <span class='ocrx_word' id='word_1_322' title='bbox 162 4238 195 4246; x_wconf 93' lang='lat'><strong>—</strong></span> <span class='ocrx_word' id='word_1_323' title='bbox 207 4208 341 4276; x_wconf 75' lang='grc' dir='ltr'>μετάνοιά</span> <span class='ocrx_word' id='word_1_324' title='bbox 360 4205 380 4264; x_wconf 80' lang='grc' dir='ltr'>ἐ.</span> <span class='ocrx_word' id='word_1_325' title='bbox 394 4206 453 4277; x_wconf 74' lang='grc' dir='ltr'><strong><em>μία]</em></strong></span> <span class='ocrx_word' id='word_1_326' title='bbox 469 4207 510 4261; x_wconf 81' lang='lat' dir='ltr'>Cf.</span> <span class='ocrx_word' id='word_1_327' title='bbox 525 4224 548 4260; x_wconf 86' lang='lat' dir='ltr'>e.</span> <span class='ocrx_word' id='word_1_328' title='bbox 558 4207 582 4267; x_wconf 84' lang='lat'>3,</span> <span class='ocrx_word' id='word_1_329' title='bbox 595 4207 619 4260; x_wconf 87' lang='grc'>6.</span> <span class='ocrx_word' id='word_1_330' title='bbox 632 4209 655 4261; x_wconf 83' lang='grc'>7.</span> <span class='ocrx_word' id='word_1_331' title='bbox 719 4206 758 4260; x_wconf 88' lang='grc' dir='ltr'>ΙΙ.</span> <span class='ocrx_word' id='word_1_332' title='bbox 777 4204 811 4261; x_wconf 80' lang='grc' dir='ltr'>οὐ</span> <span class='ocrx_word' id='word_1_333' title='bbox 828 4208 849 4259; x_wconf 82' lang='lat' dir='ltr'>d.</span> <span class='ocrx_word' id='word_1_334' title='bbox 870 4201 1009 4275; x_wconf 78' lang='grc' dir='ltr'><strong><em>ἀφορμήν]</em></strong></span> <span class='ocrx_word' id='word_1_335' title='bbox 1035 4204 1053 4257; x_wconf 90' lang='lat' dir='ltr'>i.</span> <span class='ocrx_word' id='word_1_336' title='bbox 1074 4219 1097 4256; x_wconf 89' lang='lat' dir='ltr'>e.</span> <span class='ocrx_word' id='word_1_337' title='bbox 1121 4200 1257 4270; x_wconf 86' lang='lat' dir='ltr'>recipien-</span> 
     </span>
     <span class='ocr_line' id='line_1_35' title="bbox 114 4288 1255 4362; baseline -0.007 -14"><span class='ocrx_word' id='word_1_338' title='bbox 114 4295 138 4348; x_wconf 88' lang='grc'>9.</span> <span class='ocrx_word' id='word_1_339' title='bbox 158 4294 204 4362; x_wconf 86' lang='grc' dir='ltr'>ὀμ.</span> <span class='ocrx_word' id='word_1_340' title='bbox 224 4303 283 4361; x_wconf 83' lang='grc' dir='ltr'><strong><em>τοῖς</em></strong></span> <span class='ocrx_word' id='word_1_341' title='bbox 310 4290 434 4362; x_wconf 71' lang='grc' dir='ltr'>ἔθνεσιν]</span> <span class='ocrx_word' id='word_1_342' title='bbox 462 4294 504 4347; x_wconf 90' lang='lat' dir='ltr'>Dc</span> <span class='ocrx_word' id='word_1_343' title='bbox 533 4293 655 4347; x_wconf 83' lang='lat' dir='ltr'>divortio</span> <span class='ocrx_word' id='word_1_344' title='bbox 682 4292 747 4346; x_wconf 89' lang='lat' dir='ltr'>dam</span> <span class='ocrx_word' id='word_1_345' title='bbox 766 4306 825 4345; x_wconf 87' lang='lat' dir='ltr'>esse</span> <span class='ocrx_word' id='word_1_346' title='bbox 850 4289 1007 4344; x_wconf 83' lang='lat' dir='ltr'>adulteram</span> <span class='ocrx_word' id='word_1_347' title='bbox 1024 4291 1144 4352; x_wconf 89' lang='lat' dir='ltr'>docens,</span> <span class='ocrx_word' id='word_1_348' title='bbox 1173 4288 1255 4349; x_wconf 80' lang='lat' dir='ltr'>absit,</span> 
     </span>
     <span class='ocr_line' id='line_1_36' title="bbox 77 4328 1255 4449; baseline -0.008 -13"><span class='ocrx_word' id='word_1_349' title='bbox 77 4383 109 4436; x_wconf 91' lang='lat' dir='ltr'>in</span> <span class='ocrx_word' id='word_1_350' title='bbox 119 4398 186 4436; x_wconf 86' lang='lat' dir='ltr'>casu</span> <span class='ocrx_word' id='word_1_351' title='bbox 194 4380 374 4435; x_wconf 83' lang='lat' dir='ltr'>idololatriae</span> <span class='ocrx_word' id='word_1_352' title='bbox 384 4380 418 4433; x_wconf 85' lang='lat' dir='ltr'>cf.</span> <span class='ocrx_word' id='word_1_353' title='bbox 426 4381 553 4449; x_wconf 81' lang='lat' dir='ltr'>Augusti,</span> <span class='ocrx_word' id='word_1_354' title='bbox 561 4328 714 4437; x_wconf 70' lang='lat' dir='ltr'>Haud-lut</span> <span class='ocrx_word' id='word_1_355' title='bbox 741 4376 873 4432; x_wconf 83' lang='lat' dir='ltr'>adulterii</span> <span class='ocrx_word' id='word_1_356' title='bbox 900 4376 1076 4431; x_wconf 85' lang='lat' dir='ltr'>occasionem</span> <span class='ocrx_word' id='word_1_357' title='bbox 1105 4375 1255 4445; x_wconf 86' lang='lat' dir='ltr'>praebeam</span> 
     </span>
     <span class='ocr_line' id='line_1_37' title="bbox 76 4456 1255 4537; baseline -0.004 -13"><span class='ocrx_word' id='word_1_358' title='bbox 76 4471 147 4524; x_wconf 75' lang='lat' dir='ltr'>duab</span> <span class='ocrx_word' id='word_1_359' title='bbox 165 4470 190 4523; x_wconf 85' lang='lat' dir='ltr'>d.</span> <span class='ocrx_word' id='word_1_360' title='bbox 209 4469 309 4523; x_wconf 74' lang='lat' dir='ltr'>cleristt</span> <span class='ocrx_word' id='word_1_361' title='bbox 330 4468 507 4536; x_wconf 74' lang='lat' dir='ltr'>Arcbdolopie</span> <span class='ocrx_word' id='word_1_362' title='bbox 525 4467 572 4528; x_wconf 88' lang='grc' dir='ltr'>ΙΙΙ,</span> <span class='ocrx_word' id='word_1_363' title='bbox 597 4468 653 4522; x_wconf 85' lang='grc'><strong>151.</strong></span> <span class='ocrx_word' id='word_1_364' title='bbox 667 4456 812 4537; x_wconf 60' lang='lat' dir='ltr'>³(Hefele).</span> <span class='ocrx_word' id='word_1_365' title='bbox 829 4495 864 4504; x_wconf 97' lang='lat'>—</span> <span class='ocrx_word' id='word_1_366' title='bbox 882 4467 946 4537; x_wconf 79' lang='grc' dir='ltr'>περὶ</span> <span class='ocrx_word' id='word_1_367' title='bbox 958 4463 987 4519; x_wconf 79' lang='grc' dir='ltr'>δὲ</span> <span class='ocrx_word' id='word_1_368' title='bbox 1000 4484 1024 4520; x_wconf 88' lang='grc' dir='ltr'>τ.</span> <span class='ocrx_word' id='word_1_369' title='bbox 1037 4463 1175 4537; x_wconf 80' lang='grc' dir='ltr'><strong><em>προτέρας</em></strong></span> <span class='ocrx_word' id='word_1_370' title='bbox 1185 4461 1255 4532; x_wconf 70' lang='lat' dir='ltr'>att]</span> 
     </span>
     <span class='ocr_line' id='line_1_38' title="bbox 77 4522 1150 4625; baseline -0.008 -13"><span class='ocrx_word' id='word_1_371' title='bbox 77 4555 132 4612; x_wconf 88' lang='lat' dir='ltr'>Hic</span> <span class='ocrx_word' id='word_1_372' title='bbox 150 4557 243 4625; x_wconf 77' lang='lat' dir='ltr'>agitur</span> <span class='ocrx_word' id='word_1_373' title='bbox 262 4555 296 4608; x_wconf 95' lang='lat' dir='ltr'>de</span> <span class='ocrx_word' id='word_1_374' title='bbox 316 4553 433 4624; x_wconf 82' lang='lat' dir='ltr'>coniuge</span> <span class='ocrx_word' id='word_1_375' title='bbox 453 4553 607 4607; x_wconf 85' lang='lat' dir='ltr'>christiana</span> <span class='ocrx_word' id='word_1_376' title='bbox 624 4555 654 4608; x_wconf 94' lang='lat' dir='ltr'>in</span> <span class='ocrx_word' id='word_1_377' title='bbox 666 4522 669 4597; x_wconf 72' lang='lat' dir='ltr'>l</span> <span class='ocrx_word' id='word_1_378' title='bbox 682 4552 724 4608; x_wconf 83' lang='lat' dir='ltr'>cf.</span> <span class='ocrx_word' id='word_1_379' title='bbox 743 4552 809 4607; x_wconf 88' lang='lat' dir='ltr'>Sim.</span> <span class='ocrx_word' id='word_1_380' title='bbox 828 4550 860 4613; x_wconf 91' lang='lat' dir='ltr'>V,</span> <span class='ocrx_word' id='word_1_381' title='bbox 880 4551 903 4612; x_wconf 83' lang='lat'>7,</span> <span class='ocrx_word' id='word_1_382' title='bbox 922 4552 953 4613; x_wconf 84' lang='lat'>3;</span> <span class='ocrx_word' id='word_1_383' title='bbox 973 4549 1046 4614; x_wconf 83' lang='lat' dir='ltr'>VIII,</span> <span class='ocrx_word' id='word_1_384' title='bbox 1067 4551 1107 4614; x_wconf 86' lang='grc' dir='ltr'>ΙΙ,</span> <span class='ocrx_word' id='word_1_385' title='bbox 1127 4549 1150 4604; x_wconf 86' lang='grc'>3.</span> 
     </span>
     <span class='ocr_line' id='line_1_39' title="bbox 75 4635 1254 4710; baseline -0.007 -11"><span class='ocrx_word' id='word_1_386' title='bbox 75 4643 272 4699; x_wconf 83' lang='lat' dir='ltr'>idololatriam</span> <span class='ocrx_word' id='word_1_387' title='bbox 286 4640 404 4709; x_wconf 82' lang='lat' dir='ltr'>relapsa,</span> <span class='ocrx_word' id='word_1_388' title='bbox 418 4656 474 4694; x_wconf 89' lang='lat' dir='ltr'>non</span> <span class='ocrx_word' id='word_1_389' title='bbox 486 4639 521 4694; x_wconf 85' lang='lat' dir='ltr'>de</span> <span class='ocrx_word' id='word_1_390' title='bbox 533 4639 669 4710; x_wconf 71' lang='lat' dir='ltr'>coniuge!</span> <span class='ocrx_word' id='word_1_391' title='bbox 717 4642 742 4703; x_wconf 76' lang='grc' dir='ltr'>ΙΙ,</span> <span class='ocrx_word' id='word_1_392' title='bbox 760 4640 784 4693; x_wconf 82' lang='grc'>2.</span> <span class='ocrx_word' id='word_1_393' title='bbox 804 4636 847 4695; x_wconf 79' lang='grc' dir='ltr'>ἐπὶ</span> <span class='ocrx_word' id='word_1_394' title='bbox 866 4659 888 4694; x_wconf 82' lang='lat' dir='ltr'>r.</span> <span class='ocrx_word' id='word_1_395' title='bbox 907 4638 1065 4707; x_wconf 72' lang='grc' dir='ltr'><strong><em>μετανοίας]</em></strong></span> <span class='ocrx_word' id='word_1_396' title='bbox 1086 4636 1128 4691; x_wconf 83' lang='lat' dir='ltr'>cf.</span> <span class='ocrx_word' id='word_1_397' title='bbox 1146 4635 1202 4691; x_wconf 87' lang='lat' dir='ltr'>Vis.</span> <span class='ocrx_word' id='word_1_398' title='bbox 1222 4635 1254 4699; x_wconf 83' lang='lat' dir='ltr'>V,</span> 
     </span>
    </p>
   </div>
   <div class='ocr_carea' id='block_1_4' title="bbox 0 0 1422 5018">
    <p class='ocr_par' dir='ltr' id='par_1_5' title="bbox 0 0 1422 5018">
     <span class='ocr_line' id='line_1_40' title="bbox 0 0 1422 5018; baseline 0 4"><span class='ocrx_word' id='word_1_399' title='bbox 0 0 1422 5018; x_wconf 95' lang='lat' dir='ltr'> </span> 
     </span>
    </p>
   </div>
  </div>
 </body>
</html>
