2834 5018
587 654 652 710 VIS.
671 655 718 719 IV,
737 655 761 720 2,
781 656 857 710 1-5.
1241 656 1305 722 463

135 839 222 899 lonso
234 837 431 917 procedens,
453 838 523 899 tota
537 835 570 898 in
593 833 674 899 albis
690 838 722 897 et
737 833 957 897 calceamentis
973 832 1064 908 albis,
1086 832 1192 896 velata
1205 853 1305 916 usque

134 941 174 1003 ad
196 940 335 1003 frontem
358 944 390 1004 et
412 939 446 1004 in
474 939 569 1003 mitra
592 944 660 1003 erat
682 938 894 1003 velamentum
922 938 1007 1012 eius;
1036 938 1177 1003 habebat
1200 942 1306 1002 autem

134 1043 267 1127 capillos
290 1044 390 1108 albos.
437 1046 467 1108 2.
491 1042 634 1128 Cognovi
650 1064 709 1128 ego
732 1064 749 1107 e
771 1042 929 1126 prioribus
944 1041 1127 1118 visionibus
1153 1064 1223 1106 eam
1238 1063 1305 1107 esse

134 1148 319 1225 Ecclesiam,
343 1152 376 1212 et
396 1148 527 1213 hilarior
549 1147 654 1212 factus
677 1169 756 1212 sum.
803 1146 928 1212 Salutat
950 1167 1000 1211 me
1023 1147 1144 1211 dicens:
1169 1145 1238 1211 Ave
1259 1151 1304 1224 tu,

133 1251 247 1326 hom0;
283 1255 315 1314 et
345 1272 406 1336 ego
429 1273 499 1316 eam
530 1251 718 1316 resalutari:
753 1251 908 1328 Domina,
933 1273 999 1315 ave.
1044 1251 1074 1315 3.
1099 1250 1333 1334 Respondeaso

133 1355 212 1419 mihi
235 1355 296 1420 ait:
320 1355 452 1421 Nihilne
475 1356 535 1421 tibi
557 1356 716 1420 occurrit?
742 1355 823 1420 Dico
846 1356 888 1420 ei:
912 1355 1058 1432 Domina,
1082 1359 1173 1419 tanta
1194 1355 1305 1430 bestia,

134 1481 215 1544 quae
237 1465 346 1543 posset
374 1460 510 1544 populos
540 1482 740 1536 consumere;
775 1461 830 1524 sed
852 1460 967 1524 virtute
995 1459 1114 1524 domini
1136 1463 1168 1523 et
1190 1479 1308 1542 magna

134 1565 200 1628 eius
222 1564 437 1629 misericordia
459 1565 557 1650 effugi
572 1588 651 1630 eam.
697 1568 727 1630 4.
752 1566 838 1630 Bene
853 1565 1003 1649 effugisti,
1028 1565 1139 1649 inquit,
1158 1564 1308 1649 quoniam

133 1672 392 1733 sollicitudinem
415 1679 505 1734 tuom
528 1677 562 1735 in
591 1673 687 1735 deam
705 1676 882 1752 molestasti
911 1674 943 1734 et
965 1691 1018 1734 cor
1040 1674 1131 1733 tuum
1153 1668 1306 1753 aperuisti

134 1774 174 1837 ad
196 1773 366 1850 dominum,
390 1775 527 1849 credens,
550 1795 608 1857 per
621 1773 745 1838 nullum
767 1777 799 1837 te
813 1795 905 1856 posse
929 1772 1045 1837 salvari
1058 1773 1120 1837 nisi
1142 1794 1200 1857 per
1214 1793 1305 1857 mag·
1322 1796 1345 1832 n

133 1899 209 1940 num
230 1880 263 1940 et
292 1877 467 1960 gloriosum
495 1898 619 1941 nomen.
666 1877 838 1961 Propterea
867 1877 1011 1942 dominus
1042 1877 1129 1941 misit
1159 1877 1307 1961 angelum

133 2004 234 2054 suum,
259 1980 314 2066 qui
337 2001 432 2063 super
456 1981 575 2073 bestias
598 1986 656 2059 est,
680 1982 768 2046 cuius
791 2003 905 2046 nomen
928 1986 976 2045 est
998 1980 1104 2067 Tegri,
1130 1992 1163 2046 el
1184 1985 1307 2046 cloustt

133 2106 172 2150 os
195 2092 282 2165 eius,
313 2105 355 2150 oe
386 2096 420 2150 te
450 2095 666 2151 consumeret.
718 2086 870 2172 Magnam
899 2087 1137 2152 tribulationem
1166 2085 1308 2170 effugisti

133 2193 264 2274 propter
296 2188 391 2253 fidem
423 2193 568 2254 tuamet
601 2191 750 2275 quoniam
780 2196 904 2256 tantam
934 2191 1069 2256 bestiam
1102 2190 1209 2254 videns
1243 2211 1308 2254 non

132 2294 222 2358 fuisti
245 2293 367 2357 dubius.
415 2295 444 2357 5.
469 2294 559 2359 Vade
582 2314 657 2378 ergo
679 2299 711 2358 et
733 2317 844 2359 enarra
867 2294 976 2360 electis
1006 2295 1123 2359 domini
1145 2294 1306 2378 magnalia
1322 2315 1346 2353 1⁶

132 2400 198 2462 eius
222 2403 253 2462 et
276 2398 325 2461 dic
347 2397 395 2473 iis,
420 2399 553 2464 bestiam
575 2399 671 2463 istam
692 2400 828 2484 figuram
851 2421 918 2465 esse
941 2399 1157 2465 tribulationis
1180 2399 1307 2463 iutrrrae

132 2524 284 2588 magnae3
319 2503 347 2565 si
369 2524 446 2586 ergo
475 2504 740 2587 praeparaveritis
770 2526 826 2568 vos
849 2509 881 2568 et
910 2505 1137 2588 paenitentiam
1166 2503 1305 2568 feceritis

132 2628 170 2670 ex
194 2610 262 2670 toto
285 2608 377 2671 corde
400 2611 504 2671 vestro
528 2609 568 2672 ad
583 2609 753 2686 dominum,
777 2609 923 2692 poteritis
945 2609 1084 2694 effugere
1107 2630 1186 2687 eam,
1210 2608 1239 2672 si
1253 2629 1306 2673 cor

132 2715 270 2775 vestrum
293 2711 389 2775 fuerit
404 2713 557 2776 mundum
579 2717 611 2776 et
624 2712 863 2777 immaculatum
883 2718 916 2777 et
930 2713 1069 2798 reliquos
1084 2714 1169 2778 vitae
1183 2718 1306 2778 vestrae

133 2815 198 2879 dies
227 2815 396 2880 servieritis
428 2816 553 2880 domino
586 2817 654 2880 sine
684 2816 923 2900 vituperatione.
968 2820 1115 2882 Protctte
1144 2820 1305 2881 sollicitu-
1321 2839 1346 2877 ao

204 2934 236 2989 10
253 2934 297 2988 Ps.
318 2937 359 2998 54,
380 2937 420 2990 23.
440 2967 474 2976 -
494 2936 526 2990 10
544 2936 587 2990 Ps.
607 2937 649 2999 61,
668 2936 693 2989 9.
721 2967 755 2976 -
785 2938 815 2991 11
834 2936 938 2999 Acta
959 2936 998 2991 12.
1025 2966 1059 2974 -
1089 2936 1121 2990 14
1140 2934 1208 2988 Dara
1228 2934 1253 2997 6,
1272 2935 1306 2988 22

133 3021 169 3077 cf.
189 3021 274 3074 Hebr.
295 3024 334 3085 11,
354 3024 395 3077 33.
414 3054 450 3062 -
467 3025 501 3077 22
520 3023 563 3077 Ps.
583 3025 625 3087 54,
645 3023 685 3077 23.

132 3129 257 3196 Hopkios
298 3129 451 3198 University
484 3129 608 3184 Circulos
639 3126 865 3197 1884¹angelus,
893 3127 943 3195 qui
959 3127 1065 3181 bestias
1090 3127 1201 3196 (contra
1219 3125 1307 3180 homi·

132 3214 219 3282 April.
254 3215 302 3281 (cf.
332 3216 419 3270 Tlreol.
448 3216 707 3285 Idumatarreitung
733 3216 794 3284 nes)
812 3211 969 3269 instimulat
982 3214 1075 3281 atque,
1094 3212 1119 3266 si
1127 3211 1201 3275 velit,
1221 3213 1308 3267 etiam

134 3301 200 3356 1885
212 3320 239 3371 p.
255 3301 311 3355 146.
348 3301 485 3365 Ehrhard,
499 3302 554 3357 Die
565 3303 707 3357 altchristl.
734 3301 831 3356 domat
850 3301 975 3370 (Taggar
987 3321 1022 3347 =
1035 3299 1189 3362 dissidium,
1203 3299 1307 3354 diEOOr·

132 3388 285 3443 Moratur
298 3389 365 3442 1900
378 3407 406 3458 p.
422 3390 482 3458 101)
503 3389 620 3453 censuit,
639 3389 706 3443 Her·
735 3389 795 3451 dia;
815 3391 899 3442 cumi
912 3409 946 3435 =
957 3386 1033 3456 tigri,
1047 3385 1124 3454 quod
1133 3387 1204 3440 bene
1218 3390 1307 3441 trans-

132 3491 207 3527 mam
235 3473 380 3543 scripsisse
405 3479 506 3550 Σεγρί,
535 3477 563 3530 et
590 3476 708 3529 Harmer
735 3476 848 3545 scripsit
865 3475 913 3529 H.:
944 3475 1043 3547 θεγρι).
1070 3473 1199 3529 Kabbala
1221 3491 1308 3527 unum

132 3561 443 3630 hancvocemrecepit.
479 3562 707 3617 Nonestautem
735 3564 769 3617 de
792 3562 918 3632 Sophitis
948 3562 1044 3615 mundi
1072 3560 1230 3624 inferioris,
1259 3561 1309 3630 qui

131 3646 295 3709 verisimile,
323 3663 414 3714 neque
434 3665 468 3702 ex
486 3646 535 3704 1110
554 3651 639 3704 verbo
659 3667 707 3704 no·
734 3650 886 3718 superioris
913 3648 995 3715 quasi
1023 3651 1118 3702 cortex
1145 3652 1199 3710 est,
1215 3653 1306 3723 Ildum

132 3750 196 3786 men
213 3734 358 3802 proprium
384 3738 511 3790 exortum
531 3754 591 3791 esse
615 3754 707 3804 neque
734 3738 897 3811 (Θεγρίνων)
915 3740 1072 3806 nuncupat,
1097 3736 1164 3803 quia
1185 3738 1307 3806 (01001-

131 3819 265 3873 Hermam
291 3837 395 3875 nomen
421 3821 566 3877 formasse.
608 3825 707 3893 Itaque
734 3823 814 3878 hibet
841 3823 962 3877 Lexicon
988 3822 1141 3877 Kabbalae.
1178 3823 1307 3877 Lamber-

131 3922 185 3959 vox
194 3906 301 3960 tradita
308 3908 436 3976 quamvis
447 3909 550 3964 obsura
559 3911 707 3965 retinenda
735 3926 788 3980 gae
807 3911 873 3964 1810
892 3910 953 3980 101.)
979 3914 1081 3980 parata
1099 3913 1143 3964 est
1161 3911 1198 3965 ad
1216 3913 1307 3967 conci·

132 3993 182 4045 est.
203 3993 706 4066 00101000081101111101111001010
733 3997 850 4052 tendam
867 3997 958 4050 rixam
984 3997 1059 4051 inter
1077 4014 1165 4069 reges.
1202 3997 1308 4052 Eadem

132 4079 264 4133 Hamaclr
282 4081 352 4134 haec
365 4083 599 4139 communicavit:
619 4083 648 4138 Si
663 4102 706 4137 su·
735 4084 854 4152 Sephira
871 4087 935 4143 &nv
961 4085 1123 4138 nominatur
1150 4102 1184 4138 ex
1202 4085 1246 4138 Pa.
1265 4085 1307 4149 91,

131 4165 170 4218 mi
196 4168 304 4234 possit,
333 4167 465 4222 Hermam
492 4188 594 4226 nomen
612 4169 707 4241 angeli
735 4172 768 4225 13
786 4175 871 4237 atque
886 4169 1008 4234 docetur,
1028 4186 1091 4224 eam
1109 4171 1308 4225 vincinomine

131 4251 208 4305 illius
236 4271 269 4307 ex
297 4255 477 4326 angelologia
503 4255 616 4311 iudaica
638 4258 705 4312 hau·
735 4257 828 4310 divino
842 4257 1020 4326 undeviginti
1032 4256 1191 4311 litterarum
1210 4275 1244 4311 ex
1258 4256 1307 4311 illo

132 4339 216 4403 sisse,
241 4358 314 4408 quae
333 4341 448 4412 angelos
467 4343 566 4407 maris,
584 4343 704 4415 pluviae,
733 4344 846 4397 Psalmo
871 4343 969 4413 petito.
1007 4342 1202 4398 'l'almudicum
1226 4354 1308 4402 n’fflh

132 4427 275 4496 grandinis
295 4431 348 4482 etc.
372 4429 455 4483 finxit
472 4428 563 4499 iisque
591 4432 707 4486 nomina
732 4431 786 4501 (Of.
799 4427 936 4483 Buxtorfii
952 4426 1063 4484 lexicon
1076 4430 1167 4484 chald.
1180 4430 1307 4499 001856)

132 4514 326 4570 commentitia
343 4515 453 4579 indidit
472 4520 557 4590 Ocyp!
575 4517 650 4572 idem
663 4521 706 4572 est
733 4517 787 4570 huc
805 4533 861 4570 non
878 4516 1017 4584 pertinet;
1045 4520 1089 4570 est
1118 4518 1192 4571 enim
1217 4519 1308 4573 leonis

132 4601 208 4666 quod
225 4605 288 4676 '7323
316 4603 399 4674 (Ἢ)
426 4605 610 4660 instimulator
632 4604 660 4657 h.
682 4622 705 4659 a.
733 4602 889 4658 elamaticil
