<?xml version="1.0" encoding="UTF-8"?>
<!DOCTYPE html PUBLIC "-//W3C//DTD XHTML 1.0 Transitional//EN"
    "http://www.w3.org/TR/xhtml1/DTD/xhtml1-transitional.dtd">
<html xmlns="http://www.w3.org/1999/xhtml" xml:lang="en" lang="en">
 <head>
  <title>
</title>
<meta http-equiv="Content-Type" content="text/html;charset=utf-8" />
  <meta name='ocr-system' content='tesseract 3.04.00' />
  <meta name='ocr-capabilities' content='ocr_page ocr_carea ocr_par ocr_line ocrx_word'/>
</head>
<body>
  <div class='ocr_page' id='page_1' title='image "./patresapostolic00piongoog_0033.png"; bbox 0 0 2834 5018; ppageno 0'>
   <div class='ocr_carea' id='block_1_1' title="bbox 167 246 893 318">
    <p class='ocr_par' dir='ltr' id='par_1_1' title="bbox 167 246 893 318">
     <span class='ocr_line' id='line_1_1' title="bbox 167 246 893 318; baseline -0.028 1"><span class='ocrx_word' id='word_1_1' title='bbox 167 254 227 318; x_wconf 80' lang='lat' dir='ltr'>XX</span> <span class='ocrx_word' id='word_1_2' title='bbox 611 246 893 302; x_wconf 74' lang='lat' dir='ltr'>Psonseonsrm.</span> 
     </span>
    </p>
   </div>
   <div class='ocr_carea' id='block_1_2' title="bbox 165 424 1343 1326">
    <p class='ocr_par' dir='ltr' id='par_1_2' title="bbox 165 424 1343 1326">
     <span class='ocr_line' id='line_1_2' title="bbox 169 424 1343 509; baseline -0.002 -18"><span class='ocrx_word' id='word_1_3' title='bbox 169 432 242 492; x_wconf 90' lang='lat' dir='ltr'>tura</span> <span class='ocrx_word' id='word_1_4' title='bbox 265 427 396 509; x_wconf 75' lang='lat' dir='ltr'>egerint,</span> <span class='ocrx_word' id='word_1_5' title='bbox 430 449 500 490; x_wconf 91' lang='lat' dir='ltr'>cum</span> <span class='ocrx_word' id='word_1_6' title='bbox 523 425 712 489; x_wconf 72' lang='lat' dir='ltr'>editionibus</span> <span class='ocrx_word' id='word_1_7' title='bbox 735 429 766 489; x_wconf 89' lang='lat' dir='ltr'>et</span> <span class='ocrx_word' id='word_1_8' title='bbox 788 424 985 488; x_wconf 75' lang='lat' dir='ltr'>versionibus</span> <span class='ocrx_word' id='word_1_9' title='bbox 1009 424 1102 488; x_wconf 90' lang='lat' dir='ltr'>simul</span> <span class='ocrx_word' id='word_1_10' title='bbox 1125 428 1281 490; x_wconf 88' lang='lat' dir='ltr'>tractatus</span> <span class='ocrx_word' id='word_1_11' title='bbox 1305 426 1343 490; x_wconf 89' lang='lat' dir='ltr'>de</span> 
     </span>
     <span class='ocr_line' id='line_1_3' title="bbox 168 529 1342 615; baseline -0.003 -19"><span class='ocrx_word' id='word_1_12' title='bbox 168 533 322 597; x_wconf 77' lang='lat' dir='ltr'>Doctrina</span> <span class='ocrx_word' id='word_1_13' title='bbox 343 531 532 615; x_wconf 80' lang='lat' dir='ltr'>insigniores</span> <span class='ocrx_word' id='word_1_14' title='bbox 554 529 709 593; x_wconf 90' lang='lat' dir='ltr'>nominati</span> <span class='ocrx_word' id='word_1_15' title='bbox 728 534 810 592; x_wconf 89' lang='lat' dir='ltr'>sunt.</span> <span class='ocrx_word' id='word_1_16' title='bbox 856 529 1096 612; x_wconf 81' lang='lat' dir='ltr'>Disputationes</span> <span class='ocrx_word' id='word_1_17' title='bbox 1113 552 1212 613; x_wconf 91' lang='lat' dir='ltr'>usque</span> <span class='ocrx_word' id='word_1_18' title='bbox 1230 531 1268 594; x_wconf 89' lang='lat' dir='ltr'>ad</span> <span class='ocrx_word' id='word_1_19' title='bbox 1284 553 1342 594; x_wconf 89' lang='lat' dir='ltr'>an·</span> 
     </span>
     <span class='ocr_line' id='line_1_4' title="bbox 167 633 1341 719; baseline -0.002 -19"><span class='ocrx_word' id='word_1_20' title='bbox 167 659 243 701; x_wconf 91' lang='lat' dir='ltr'>num</span> <span class='ocrx_word' id='word_1_21' title='bbox 268 637 350 700; x_wconf 82' lang='lat'>1887</span> <span class='ocrx_word' id='word_1_22' title='bbox 373 635 553 719; x_wconf 91' lang='lat' dir='ltr'>publicatae</span> <span class='ocrx_word' id='word_1_23' title='bbox 575 635 608 697; x_wconf 93' lang='lat' dir='ltr'>in</span> <span class='ocrx_word' id='word_1_24' title='bbox 632 634 768 697; x_wconf 88' lang='lat' dir='ltr'>editione</span> <span class='ocrx_word' id='word_1_25' title='bbox 791 633 962 697; x_wconf 81' lang='lat' dir='ltr'>Doctrinae</span> <span class='ocrx_word' id='word_1_26' title='bbox 984 633 1040 697; x_wconf 94' lang='lat' dir='ltr'>illo</span> <span class='ocrx_word' id='word_1_27' title='bbox 1063 655 1145 697; x_wconf 89' lang='lat' dir='ltr'>anno</span> <span class='ocrx_word' id='word_1_28' title='bbox 1169 655 1341 717; x_wconf 80' lang='grc'>001000-</span> 
     </span>
     <span class='ocr_line' id='line_1_5' title="bbox 169 737 1342 822; baseline -0.002 -18"><span class='ocrx_word' id='word_1_29' title='bbox 169 746 239 804; x_wconf 87' lang='lat' dir='ltr'>rata</span> <span class='ocrx_word' id='word_1_30' title='bbox 260 741 326 804; x_wconf 85' lang='lat' dir='ltr'>fere</span> <span class='ocrx_word' id='word_1_31' title='bbox 349 761 456 804; x_wconf 88' lang='lat' dir='ltr'>omnes</span> <span class='ocrx_word' id='word_1_32' title='bbox 479 740 690 822; x_wconf 89' lang='lat' dir='ltr'>proferuntur.</span> <span class='ocrx_word' id='word_1_33' title='bbox 736 737 1010 821; x_wconf 84' lang='lat' dir='ltr'>Bibliographiam</span> <span class='ocrx_word' id='word_1_34' title='bbox 1040 759 1139 821; x_wconf 89' lang='lat' dir='ltr'>usque</span> <span class='ocrx_word' id='word_1_35' title='bbox 1164 739 1203 802; x_wconf 88' lang='lat' dir='ltr'>ad</span> <span class='ocrx_word' id='word_1_36' title='bbox 1226 761 1342 802; x_wconf 89' lang='lat' dir='ltr'>annum</span> 
     </span>
     <span class='ocr_line' id='line_1_6' title="bbox 169 840 1342 928; baseline 0.001 -22"><span class='ocrx_word' id='word_1_37' title='bbox 169 845 250 908; x_wconf 86' lang='grc'>1891</span> <span class='ocrx_word' id='word_1_38' title='bbox 282 845 491 928; x_wconf 87' lang='lat' dir='ltr'>pertinentem</span> <span class='ocrx_word' id='word_1_39' title='bbox 522 843 650 907; x_wconf 86' lang='lat' dir='ltr'>exhibet</span> <span class='ocrx_word' id='word_1_40' title='bbox 680 840 828 925; x_wconf 84' lang='lat' dir='ltr'>Jacquier</span> <span class='ocrx_word' id='word_1_41' title='bbox 858 842 891 905; x_wconf 92' lang='lat' dir='ltr'>in</span> <span class='ocrx_word' id='word_1_42' title='bbox 918 863 976 905; x_wconf 88' lang='lat' dir='ltr'>sua</span> <span class='ocrx_word' id='word_1_43' title='bbox 1004 841 1176 906; x_wconf 82' lang='lat' dir='ltr'>Doctrinae</span> <span class='ocrx_word' id='word_1_44' title='bbox 1206 843 1342 907; x_wconf 82' lang='lat' dir='ltr'>editione</span> 
     </span>
     <span class='ocr_line' id='line_1_7' title="bbox 168 946 1341 1032; baseline -0.001 -19"><span class='ocrx_word' id='word_1_45' title='bbox 168 952 212 1032; x_wconf 90' lang='lat' dir='ltr'>(p.</span> <span class='ocrx_word' id='word_1_46' title='bbox 237 947 433 1031; x_wconf 86' lang='grc'>261-271).</span> <span class='ocrx_word' id='word_1_47' title='bbox 480 948 727 1011; x_wconf 90' lang='lat' dir='ltr'>Dissertationes</span> <span class='ocrx_word' id='word_1_48' title='bbox 760 946 964 1025; x_wconf 89' lang='lat' dir='ltr'>recentiores,</span> <span class='ocrx_word' id='word_1_49' title='bbox 1001 967 1081 1030; x_wconf 90' lang='lat' dir='ltr'>quae</span> <span class='ocrx_word' id='word_1_50' title='bbox 1113 947 1243 1011; x_wconf 88' lang='lat' dir='ltr'>maioris</span> <span class='ocrx_word' id='word_1_51' title='bbox 1272 970 1341 1012; x_wconf 94' lang='lat' dir='ltr'>mo·</span> 
     </span>
     <span class='ocr_line' id='line_1_8' title="bbox 166 1050 1341 1135; baseline 0 -17"><span class='ocrx_word' id='word_1_52' title='bbox 166 1055 265 1118; x_wconf 92' lang='lat' dir='ltr'>menti</span> <span class='ocrx_word' id='word_1_53' title='bbox 287 1059 369 1131; x_wconf 89' lang='lat' dir='ltr'>sunt,</span> <span class='ocrx_word' id='word_1_54' title='bbox 395 1054 458 1117; x_wconf 89' lang='lat' dir='ltr'>iam</span> <span class='ocrx_word' id='word_1_55' title='bbox 480 1075 577 1135; x_wconf 88' lang='lat' dir='ltr'>supra</span> <span class='ocrx_word' id='word_1_56' title='bbox 591 1052 674 1115; x_wconf 89' lang='lat' dir='ltr'>inter</span> <span class='ocrx_word' id='word_1_57' title='bbox 689 1051 841 1115; x_wconf 86' lang='lat' dir='ltr'>editiones</span> <span class='ocrx_word' id='word_1_58' title='bbox 863 1050 913 1115; x_wconf 84' lang='lat' dir='ltr'>vel</span> <span class='ocrx_word' id='word_1_59' title='bbox 929 1050 999 1114; x_wconf 89' lang='lat' dir='ltr'>aliis</span> <span class='ocrx_word' id='word_1_60' title='bbox 1015 1050 1093 1115; x_wconf 92' lang='lat' dir='ltr'>locis</span> <span class='ocrx_word' id='word_1_61' title='bbox 1115 1072 1341 1118; x_wconf 88' lang='lat' dir='ltr'>commemora-</span> 
     </span>
     <span class='ocr_line' id='line_1_9' title="bbox 165 1154 1341 1240; baseline 0.002 -19"><span class='ocrx_word' id='word_1_62' title='bbox 165 1162 217 1221; x_wconf 91' lang='lat' dir='ltr'>tae</span> <span class='ocrx_word' id='word_1_63' title='bbox 235 1162 325 1232; x_wconf 91' lang='lat' dir='ltr'>sunt;</span> <span class='ocrx_word' id='word_1_64' title='bbox 350 1157 488 1240; x_wconf 89' lang='lat' dir='ltr'>reliquas</span> <span class='ocrx_word' id='word_1_65' title='bbox 510 1156 561 1220; x_wconf 83' lang='lat' dir='ltr'>vel</span> <span class='ocrx_word' id='word_1_66' title='bbox 584 1177 693 1220; x_wconf 91' lang='lat' dir='ltr'>omnes</span> <span class='ocrx_word' id='word_1_67' title='bbox 716 1154 755 1219; x_wconf 81' lang='lat' dir='ltr'>A.</span> <span class='ocrx_word' id='word_1_68' title='bbox 780 1155 928 1219; x_wconf 82' lang='lat' dir='ltr'>Ehrhard</span> <span class='ocrx_word' id='word_1_69' title='bbox 950 1156 983 1218; x_wconf 93' lang='lat' dir='ltr'>in</span> <span class='ocrx_word' id='word_1_70' title='bbox 1007 1154 1089 1219; x_wconf 91' lang='lat' dir='ltr'>libro</span> <span class='ocrx_word' id='word_1_71' title='bbox 1111 1178 1142 1238; x_wconf 88' lang='lat' dir='ltr'>p.</span> <span class='ocrx_word' id='word_1_72' title='bbox 1161 1155 1191 1220; x_wconf 87' lang='lat' dir='ltr'>V</span> <span class='ocrx_word' id='word_1_73' title='bbox 1213 1158 1341 1223; x_wconf 87' lang='lat' dir='ltr'>laudato</span> 
     </span>
     <span class='ocr_line' id='line_1_10' title="bbox 167 1266 316 1326; baseline -0.007 -1"><span class='ocrx_word' id='word_1_74' title='bbox 167 1266 316 1326; x_wconf 89' lang='lat' dir='ltr'>recenset.</span> 
     </span>
    </p>
   </div>
   <div class='ocr_carea' id='block_1_3' title="bbox 511 1657 999 1725">
    <p class='ocr_par' dir='ltr' id='par_1_3' title="bbox 511 1657 999 1725">
     <span class='ocr_line' id='line_1_11' title="bbox 511 1657 999 1725; baseline -0.004 -2"><span class='ocrx_word' id='word_1_75' title='bbox 511 1657 755 1723; x_wconf 83' lang='lat' dir='ltr'><strong>BARNABAE</strong></span> <span class='ocrx_word' id='word_1_76' title='bbox 779 1657 999 1725; x_wconf 79' lang='lat' dir='ltr'><strong>EPISTULA.</strong></span> 
     </span>
    </p>
   </div>
   <div class='ocr_carea' id='block_1_4' title="bbox 738 1861 762 1925">
    <p class='ocr_par' dir='ltr' id='par_1_4' title="bbox 738 1861 762 1925">
     <span class='ocr_line' id='line_1_12' title="bbox 738 1861 762 1925; baseline -0.042 0"><span class='ocrx_word' id='word_1_77' title='bbox 738 1861 762 1925; x_wconf 95' lang='lat' dir='ltr'>I.</span> 
     </span>
    </p>
   </div>
   <div class='ocr_carea' id='block_1_5' title="bbox 163 2001 1342 3971">
    <p class='ocr_par' dir='ltr' id='par_1_5' title="bbox 163 2001 1342 3971">
     <span class='ocr_line' id='line_1_13' title="bbox 253 2001 1341 2086; baseline -0.002 -19"><span class='ocrx_word' id='word_1_78' title='bbox 253 2003 341 2067; x_wconf 91' lang='lat' dir='ltr'>Haec</span> <span class='ocrx_word' id='word_1_79' title='bbox 364 2001 504 2086; x_wconf 86' lang='lat' dir='ltr'>epistula</span> <span class='ocrx_word' id='word_1_80' title='bbox 535 2020 649 2063; x_wconf 91' lang='lat' dir='ltr'>nomen</span> <span class='ocrx_word' id='word_1_81' title='bbox 671 2021 772 2083; x_wconf 89' lang='lat' dir='ltr'>neque</span> <span class='ocrx_word' id='word_1_82' title='bbox 796 2001 933 2065; x_wconf 90' lang='lat' dir='ltr'>auctoris</span> <span class='ocrx_word' id='word_1_83' title='bbox 957 2022 1059 2085; x_wconf 88' lang='lat' dir='ltr'>neque</span> <span class='ocrx_word' id='word_1_84' title='bbox 1083 2001 1236 2065; x_wconf 89' lang='lat' dir='ltr'>lectorum</span> <span class='ocrx_word' id='word_1_85' title='bbox 1258 2003 1341 2066; x_wconf 93' lang='lat' dir='ltr'>indi·</span> 
     </span>
     <span class='ocr_line' id='line_1_14' title="bbox 166 2104 1341 2189; baseline -0.003 -16"><span class='ocrx_word' id='word_1_86' title='bbox 166 2114 226 2185; x_wconf 87' lang='lat' dir='ltr'>cat,</span> <span class='ocrx_word' id='word_1_87' title='bbox 252 2107 388 2171; x_wconf 91' lang='lat' dir='ltr'>traditur</span> <span class='ocrx_word' id='word_1_88' title='bbox 410 2109 516 2169; x_wconf 85' lang='lat' dir='ltr'>autem</span> <span class='ocrx_word' id='word_1_89' title='bbox 538 2104 699 2169; x_wconf 91' lang='lat' dir='ltr'>codicibus</span> <span class='ocrx_word' id='word_1_90' title='bbox 722 2106 843 2189; x_wconf 82' lang='lat' dir='ltr'>graecis</span> <span class='ocrx_word' id='word_1_91' title='bbox 867 2110 899 2169; x_wconf 90' lang='lat' dir='ltr'>et</span> <span class='ocrx_word' id='word_1_92' title='bbox 921 2108 1063 2171; x_wconf 86' lang='lat' dir='ltr'>versione</span> <span class='ocrx_word' id='word_1_93' title='bbox 1084 2107 1185 2170; x_wconf 88' lang='lat' dir='ltr'>latina</span> <span class='ocrx_word' id='word_1_94' title='bbox 1208 2109 1267 2172; x_wconf 90' lang='lat' dir='ltr'>sub</span> <span class='ocrx_word' id='word_1_95' title='bbox 1283 2130 1341 2171; x_wconf 92' lang='lat' dir='ltr'>no-</span> 
     </span>
     <span class='ocr_line' id='line_1_15' title="bbox 164 2208 1341 2295; baseline -0.001 -18"><span class='ocrx_word' id='word_1_96' title='bbox 164 2214 248 2277; x_wconf 91' lang='lat' dir='ltr'>mine</span> <span class='ocrx_word' id='word_1_97' title='bbox 279 2212 454 2287; x_wconf 78' lang='lat' dir='ltr'>Barnabae,</span> <span class='ocrx_word' id='word_1_98' title='bbox 486 2215 518 2273; x_wconf 92' lang='lat' dir='ltr'>et</span> <span class='ocrx_word' id='word_1_99' title='bbox 548 2209 644 2273; x_wconf 84' lang='lat' dir='ltr'>codex</span> <span class='ocrx_word' id='word_1_100' title='bbox 668 2208 842 2274; x_wconf 86' lang='lat' dir='ltr'>Vaticanus</span> <span class='ocrx_word' id='word_1_101' title='bbox 870 2210 903 2273; x_wconf 92' lang='lat' dir='ltr'>in</span> <span class='ocrx_word' id='word_1_102' title='bbox 933 2211 1138 2295; x_wconf 88' lang='lat' dir='ltr'>inscriptione</span> <span class='ocrx_word' id='word_1_103' title='bbox 1161 2212 1341 2276; x_wconf 88' lang='lat' dir='ltr'>Barnabam</span> 
     </span>
     <span class='ocr_line' id='line_1_16' title="bbox 164 2314 1342 2401; baseline 0 -20"><span class='ocrx_word' id='word_1_104' title='bbox 164 2318 293 2401; x_wconf 89' lang='lat' dir='ltr'>insuper</span> <span class='ocrx_word' id='word_1_105' title='bbox 320 2314 500 2400; x_wconf 87' lang='lat' dir='ltr'>apostolum</span> <span class='ocrx_word' id='word_1_106' title='bbox 529 2318 560 2378; x_wconf 94' lang='lat' dir='ltr'>et</span> <span class='ocrx_word' id='word_1_107' title='bbox 583 2315 729 2378; x_wconf 89' lang='lat' dir='ltr'>comitem</span> <span class='ocrx_word' id='word_1_108' title='bbox 753 2314 845 2377; x_wconf 89' lang='lat' dir='ltr'>Pauli</span> <span class='ocrx_word' id='word_1_109' title='bbox 868 2316 1005 2398; x_wconf 89' lang='lat' dir='ltr'>apostoli</span> <span class='ocrx_word' id='word_1_110' title='bbox 1028 2317 1183 2400; x_wconf 83' lang='lat' dir='ltr'>designat.</span> <span class='ocrx_word' id='word_1_111' title='bbox 1229 2318 1342 2381; x_wconf 82' lang='lat' dir='ltr'>Eidem</span> 
     </span>
     <span class='ocr_line' id='line_1_17' title="bbox 165 2418 1342 2505; baseline -0.001 -19"><span class='ocrx_word' id='word_1_112' title='bbox 165 2421 334 2505; x_wconf 89' lang='lat' dir='ltr'>epistulam</span> <span class='ocrx_word' id='word_1_113' title='bbox 356 2421 420 2484; x_wconf 91' lang='lat' dir='ltr'>iam</span> <span class='ocrx_word' id='word_1_114' title='bbox 441 2418 586 2484; x_wconf 86' lang='lat' dir='ltr'>Clemens</span> <span class='ocrx_word' id='word_1_115' title='bbox 604 2418 847 2495; x_wconf 85' lang='lat' dir='ltr'>Alexandrinus,</span> <span class='ocrx_word' id='word_1_116' title='bbox 874 2421 928 2504; x_wconf 92' lang='lat' dir='ltr'>qui</span> <span class='ocrx_word' id='word_1_117' title='bbox 950 2443 1020 2484; x_wconf 89' lang='lat' dir='ltr'>eam</span> <span class='ocrx_word' id='word_1_118' title='bbox 1034 2420 1149 2485; x_wconf 89' lang='lat' dir='ltr'>iterum</span> <span class='ocrx_word' id='word_1_119' title='bbox 1164 2422 1342 2502; x_wconf 83' lang='lat' dir='ltr'>iterumque</span> 
     </span>
     <span class='ocr_line' id='line_1_18' title="bbox 163 2523 1338 2606; baseline 0 -16"><span class='ocrx_word' id='word_1_120' title='bbox 163 2526 274 2590; x_wconf 89' lang='lat' dir='ltr'>laudat</span> <span class='ocrx_word' id='word_1_121' title='bbox 299 2523 353 2606; x_wconf 83' lang='lat' dir='ltr'>(cf.</span> <span class='ocrx_word' id='word_1_122' title='bbox 380 2524 599 2588; x_wconf 85' lang='lat' dir='ltr'>adnotationes</span> <span class='ocrx_word' id='word_1_123' title='bbox 622 2525 662 2588; x_wconf 89' lang='lat' dir='ltr'>ad</span> <span class='ocrx_word' id='word_1_124' title='bbox 688 2524 715 2599; x_wconf 90' lang='lat'>1,</span> <span class='ocrx_word' id='word_1_125' title='bbox 740 2526 773 2599; x_wconf 71' lang='lat'>53</span> <span class='ocrx_word' id='word_1_126' title='bbox 806 2524 835 2600; x_wconf 83' lang='lat'>2,</span> <span class='ocrx_word' id='word_1_127' title='bbox 860 2526 895 2600; x_wconf 86' lang='grc'>2;</span> <span class='ocrx_word' id='word_1_128' title='bbox 919 2528 949 2599; x_wconf 83' lang='grc'>4,</span> <span class='ocrx_word' id='word_1_129' title='bbox 974 2527 1029 2599; x_wconf 93' lang='grc'>11;</span> <span class='ocrx_word' id='word_1_130' title='bbox 1054 2527 1083 2602; x_wconf 89' lang='grc'>6,</span> <span class='ocrx_word' id='word_1_131' title='bbox 1102 2528 1131 2590; x_wconf 85' lang='grc'>5.</span> <span class='ocrx_word' id='word_1_132' title='bbox 1149 2528 1178 2590; x_wconf 93' lang='grc'>8.</span> <span class='ocrx_word' id='word_1_133' title='bbox 1199 2528 1255 2599; x_wconf 83' lang='grc' dir='ltr'>1ος</span> <span class='ocrx_word' id='word_1_134' title='bbox 1282 2527 1338 2599; x_wconf 85' lang='grc'>10;</span> 
     </span>
     <span class='ocr_line' id='line_1_19' title="bbox 168 2626 1341 2710; baseline 0.002 -17"><span class='ocrx_word' id='word_1_135' title='bbox 168 2631 216 2705; x_wconf 91' lang='grc'>11,</span> <span class='ocrx_word' id='word_1_136' title='bbox 234 2630 272 2703; x_wconf 70' lang='grc'>11;</span> <span class='ocrx_word' id='word_1_137' title='bbox 298 2630 347 2705; x_wconf 88' lang='grc'>16,</span> <span class='ocrx_word' id='word_1_138' title='bbox 373 2629 400 2691; x_wconf 85' lang='grc'>7.</span> <span class='ocrx_word' id='word_1_139' title='bbox 425 2630 463 2703; x_wconf 89' lang='grc'>8;</span> <span class='ocrx_word' id='word_1_140' title='bbox 492 2628 544 2704; x_wconf 92' lang='grc'>21,</span> <span class='ocrx_word' id='word_1_141' title='bbox 568 2629 596 2691; x_wconf 84' lang='grc'>5.</span> <span class='ocrx_word' id='word_1_142' title='bbox 620 2629 649 2691; x_wconf 88' lang='lat'>6.</span> <span class='ocrx_word' id='word_1_143' title='bbox 670 2626 703 2708; x_wconf 87' lang='grc'>9)</span> <span class='ocrx_word' id='word_1_144' title='bbox 728 2628 874 2692; x_wconf 86' lang='lat' dir='ltr'>attribuit</span> <span class='ocrx_word' id='word_1_145' title='bbox 898 2627 1025 2710; x_wconf 85' lang='lat' dir='ltr'>(Strom.</span> <span class='ocrx_word' id='word_1_146' title='bbox 1046 2629 1087 2706; x_wconf 89' lang='grc' dir='ltr'>Π,</span> <span class='ocrx_word' id='word_1_147' title='bbox 1105 2631 1134 2706; x_wconf 89' lang='grc'>6,</span> <span class='ocrx_word' id='word_1_148' title='bbox 1152 2631 1210 2706; x_wconf 87' lang='grc'>31;</span> <span class='ocrx_word' id='word_1_149' title='bbox 1236 2632 1265 2707; x_wconf 84' lang='lat'>7,</span> <span class='ocrx_word' id='word_1_150' title='bbox 1282 2633 1341 2704; x_wconf 82' lang='lat'>35;</span> 
     </span>
     <span class='ocr_line' id='line_1_20' title="bbox 166 2733 1342 2820; baseline 0 -21"><span class='ocrx_word' id='word_1_151' title='bbox 166 2736 216 2810; x_wconf 86' lang='grc'>15,</span> <span class='ocrx_word' id='word_1_152' title='bbox 236 2734 291 2808; x_wconf 82' lang='grc'>67;</span> <span class='ocrx_word' id='word_1_153' title='bbox 317 2733 366 2809; x_wconf 93' lang='grc'>18,</span> <span class='ocrx_word' id='word_1_154' title='bbox 384 2733 440 2805; x_wconf 82' lang='grc'>84;</span> <span class='ocrx_word' id='word_1_155' title='bbox 465 2733 607 2810; x_wconf 85' lang='grc'>20,116;</span> <span class='ocrx_word' id='word_1_156' title='bbox 631 2733 670 2810; x_wconf 87' lang='lat' dir='ltr'>V,</span> <span class='ocrx_word' id='word_1_157' title='bbox 685 2734 714 2809; x_wconf 88' lang='lat'>8,</span> <span class='ocrx_word' id='word_1_158' title='bbox 728 2734 784 2806; x_wconf 82' lang='lat'>52;</span> <span class='ocrx_word' id='word_1_159' title='bbox 811 2734 859 2810; x_wconf 85' lang='grc'>19,</span> <span class='ocrx_word' id='word_1_160' title='bbox 874 2733 943 2815; x_wconf 83' lang='grc'>64);</span> <span class='ocrx_word' id='word_1_161' title='bbox 968 2739 1000 2798; x_wconf 89' lang='grc'>01</span> <span class='ocrx_word' id='word_1_162' title='bbox 1010 2740 1131 2800; x_wconf 81' lang='lat' dir='ltr'>veteres</span> <span class='ocrx_word' id='word_1_163' title='bbox 1147 2736 1270 2820; x_wconf 89' lang='lat' dir='ltr'>reliqui,</span> <span class='ocrx_word' id='word_1_164' title='bbox 1289 2736 1342 2820; x_wconf 92' lang='lat' dir='ltr'>qui</span> 
     </span>
     <span class='ocr_line' id='line_1_21' title="bbox 164 2838 1340 2924; baseline 0 -20"><span class='ocrx_word' id='word_1_165' title='bbox 164 2839 321 2924; x_wconf 88' lang='lat' dir='ltr'>epistulae</span> <span class='ocrx_word' id='word_1_166' title='bbox 350 2840 573 2914; x_wconf 89' lang='lat' dir='ltr'>meminerunt,</span> <span class='ocrx_word' id='word_1_167' title='bbox 598 2844 681 2903; x_wconf 89' lang='lat' dir='ltr'>certe</span> <span class='ocrx_word' id='word_1_168' title='bbox 703 2838 884 2903; x_wconf 89' lang='lat' dir='ltr'>Barnabam</span> <span class='ocrx_word' id='word_1_169' title='bbox 907 2840 1087 2923; x_wconf 90' lang='lat' dir='ltr'>apostolum</span> <span class='ocrx_word' id='word_1_170' title='bbox 1109 2844 1340 2923; x_wconf 86' lang='lat' dir='ltr'>spectaverunt,</span> 
     </span>
     <span class='ocr_line' id='line_1_22' title="bbox 165 2942 1341 3029; baseline 0.002 -22"><span class='ocrx_word' id='word_1_171' title='bbox 165 2944 288 3007; x_wconf 87' lang='lat' dir='ltr'>etiamsi</span> <span class='ocrx_word' id='word_1_172' title='bbox 319 2942 463 3007; x_wconf 92' lang='lat' dir='ltr'>nonnulli</span> <span class='ocrx_word' id='word_1_173' title='bbox 492 2944 530 3007; x_wconf 93' lang='lat' dir='ltr'>de</span> <span class='ocrx_word' id='word_1_174' title='bbox 561 2942 708 3007; x_wconf 79' lang='lat' dir='ltr'>Bernaba</span> <span class='ocrx_word' id='word_1_175' title='bbox 740 2944 808 3007; x_wconf 92' lang='lat' dir='ltr'>solo</span> <span class='ocrx_word' id='word_1_176' title='bbox 837 2943 1019 3028; x_wconf 90' lang='lat' dir='ltr'>loquuntur,</span> <span class='ocrx_word' id='word_1_177' title='bbox 1043 2945 1163 3009; x_wconf 89' lang='lat' dir='ltr'>scilicet</span> <span class='ocrx_word' id='word_1_178' title='bbox 1186 2944 1341 3029; x_wconf 81' lang='lat' dir='ltr'>Origenes</span> 
     </span>
     <span class='ocr_line' id='line_1_23' title="bbox 165 3045 1340 3131; baseline 0.003 -20"><span class='ocrx_word' id='word_1_179' title='bbox 165 3045 198 3111; x_wconf 83' lang='lat' dir='ltr'>C.</span> <span class='ocrx_word' id='word_1_180' title='bbox 224 3047 350 3112; x_wconf 83' lang='lat' dir='ltr'>Celsum</span> <span class='ocrx_word' id='word_1_181' title='bbox 372 3047 396 3123; x_wconf 93' lang='grc'>1,</span> <span class='ocrx_word' id='word_1_182' title='bbox 414 3049 456 3111; x_wconf 88' lang='grc'>63</span> <span class='ocrx_word' id='word_1_183' title='bbox 479 3053 510 3112; x_wconf 89' lang='grc'>01</span> <span class='ocrx_word' id='word_1_184' title='bbox 532 3048 634 3112; x_wconf 87' lang='lat' dir='ltr'>tribus</span> <span class='ocrx_word' id='word_1_185' title='bbox 658 3048 728 3112; x_wconf 91' lang='lat' dir='ltr'>aliis</span> <span class='ocrx_word' id='word_1_186' title='bbox 750 3047 828 3113; x_wconf 93' lang='lat' dir='ltr'>locis</span> <span class='ocrx_word' id='word_1_187' title='bbox 853 3047 1148 3131; x_wconf 78' lang='grc' dir='ltr'>(01.Βο10.18,1),</span> <span class='ocrx_word' id='word_1_188' title='bbox 1174 3049 1340 3122; x_wconf 79' lang='lat' dir='ltr'>Eusebius,</span> 
     </span>
     <span class='ocr_line' id='line_1_24' title="bbox 165 3151 1341 3238; baseline 0.003 -21"><span class='ocrx_word' id='word_1_189' title='bbox 165 3152 318 3235; x_wconf 88' lang='lat' dir='ltr'>Serapion</span> <span class='ocrx_word' id='word_1_190' title='bbox 341 3151 530 3216; x_wconf 76' lang='lat' dir='ltr'>Thmuensis</span> <span class='ocrx_word' id='word_1_191' title='bbox 561 3152 688 3217; x_wconf 91' lang='lat' dir='ltr'>saeculo</span> <span class='ocrx_word' id='word_1_192' title='bbox 712 3152 758 3217; x_wconf 93' lang='lat' dir='ltr'>IV</span> <span class='ocrx_word' id='word_1_193' title='bbox 781 3155 884 3219; x_wconf 90' lang='lat' dir='ltr'>medio</span> <span class='ocrx_word' id='word_1_194' title='bbox 914 3152 968 3235; x_wconf 86' lang='lat' dir='ltr'>(cf.</span> <span class='ocrx_word' id='word_1_195' title='bbox 993 3157 1022 3229; x_wconf 82' lang='lat'>5,</span> <span class='ocrx_word' id='word_1_196' title='bbox 1046 3153 1095 3237; x_wconf 84' lang='grc'>5),</span> <span class='ocrx_word' id='word_1_197' title='bbox 1128 3154 1341 3238; x_wconf 84' lang='lat' dir='ltr'>Hieronymus</span> 
     </span>
     <span class='ocr_line' id='line_1_25' title="bbox 164 3256 1341 3344; baseline 0.003 -23"><span class='ocrx_word' id='word_1_198' title='bbox 164 3257 309 3342; x_wconf 88' lang='lat' dir='ltr'>pluribus</span> <span class='ocrx_word' id='word_1_199' title='bbox 330 3256 418 3329; x_wconf 86' lang='lat' dir='ltr'>locis,</span> <span class='ocrx_word' id='word_1_200' title='bbox 442 3279 504 3321; x_wconf 90' lang='lat' dir='ltr'>uno</span> <span class='ocrx_word' id='word_1_201' title='bbox 527 3257 621 3340; x_wconf 74' lang='lat' dir='ltr'>(adv.</span> <span class='ocrx_word' id='word_1_202' title='bbox 639 3258 749 3344; x_wconf 84' lang='lat' dir='ltr'>Pelag.</span> <span class='ocrx_word' id='word_1_203' title='bbox 766 3259 822 3335; x_wconf 90' lang='lat' dir='ltr'>III,</span> <span class='ocrx_word' id='word_1_204' title='bbox 839 3258 872 3340; x_wconf 85' lang='lat'>2)</span> <span class='ocrx_word' id='word_1_205' title='bbox 897 3283 966 3324; x_wconf 87' lang='lat' dir='ltr'>earn</span> <span class='ocrx_word' id='word_1_206' title='bbox 988 3282 1046 3342; x_wconf 92' lang='lat' dir='ltr'>per</span> <span class='ocrx_word' id='word_1_207' title='bbox 1060 3280 1199 3323; x_wconf 89' lang='lat' dir='ltr'>errorem</span> <span class='ocrx_word' id='word_1_208' title='bbox 1214 3258 1341 3344; x_wconf 76' lang='lat' dir='ltr'>ignatio</span> 
     </span>
     <span class='ocr_line' id='line_1_26' title="bbox 166 3362 1340 3449; baseline 0.003 -23"><span class='ocrx_word' id='word_1_209' title='bbox 166 3362 356 3427; x_wconf 90' lang='lat' dir='ltr'>adscribens.</span> <span class='ocrx_word' id='word_1_210' title='bbox 403 3363 513 3427; x_wconf 82' lang='lat' dir='ltr'>Tacite</span> <span class='ocrx_word' id='word_1_211' title='bbox 535 3363 672 3446; x_wconf 89' lang='lat' dir='ltr'>epistula</span> <span class='ocrx_word' id='word_1_212' title='bbox 700 3366 871 3430; x_wconf 89' lang='lat' dir='ltr'>utebantur</span> <span class='ocrx_word' id='word_1_213' title='bbox 895 3370 1004 3429; x_wconf 90' lang='lat' dir='ltr'>auctor</span> <span class='ocrx_word' id='word_1_214' title='bbox 1026 3362 1189 3428; x_wconf 80' lang='lat' dir='ltr'>Canonum</span> <span class='ocrx_word' id='word_1_215' title='bbox 1211 3370 1340 3449; x_wconf 90' lang='lat' dir='ltr'>aposto-</span> 
     </span>
     <span class='ocr_line' id='line_1_27' title="bbox 164 3468 1340 3554; baseline 0.001 -23"><span class='ocrx_word' id='word_1_216' title='bbox 164 3469 269 3532; x_wconf 91' lang='lat' dir='ltr'>lorum</span> <span class='ocrx_word' id='word_1_217' title='bbox 300 3468 583 3532; x_wconf 89' lang='lat' dir='ltr'>ecclesiasticorum</span> <span class='ocrx_word' id='word_1_218' title='bbox 614 3474 646 3533; x_wconf 91' lang='lat' dir='ltr'>et</span> <span class='ocrx_word' id='word_1_219' title='bbox 675 3470 831 3554; x_wconf 89' lang='lat' dir='ltr'>interpres</span> <span class='ocrx_word' id='word_1_220' title='bbox 853 3469 1025 3533; x_wconf 91' lang='lat' dir='ltr'>Doctrinae</span> <span class='ocrx_word' id='word_1_221' title='bbox 1053 3470 1269 3552; x_wconf 87' lang='lat' dir='ltr'>apostolorum</span> <span class='ocrx_word' id='word_1_222' title='bbox 1293 3468 1340 3533; x_wconf 90' lang='lat' dir='ltr'>la·</span> 
     </span>
     <span class='ocr_line' id='line_1_28' title="bbox 164 3571 1340 3658; baseline 0.002 -22"><span class='ocrx_word' id='word_1_223' title='bbox 164 3573 265 3646; x_wconf 89' lang='lat' dir='ltr'>tinus;</span> <span class='ocrx_word' id='word_1_224' title='bbox 290 3571 345 3636; x_wconf 92' lang='grc'>1110</span> <span class='ocrx_word' id='word_1_225' title='bbox 368 3573 552 3656; x_wconf 88' lang='lat' dir='ltr'>praesertim</span> <span class='ocrx_word' id='word_1_226' title='bbox 569 3573 806 3658; x_wconf 90' lang='lat' dir='ltr'>inscriptionem</span> <span class='ocrx_word' id='word_1_227' title='bbox 828 3579 860 3639; x_wconf 90' lang='lat' dir='ltr'>et</span> <span class='ocrx_word' id='word_1_228' title='bbox 876 3597 901 3638; x_wconf 94' lang='lat' dir='ltr'>c.</span> <span class='ocrx_word' id='word_1_229' title='bbox 921 3575 961 3638; x_wconf 85' lang='grc'>14</span> <span class='ocrx_word' id='word_1_230' title='bbox 984 3572 1039 3657; x_wconf 84' lang='lat'>(=</span> <span class='ocrx_word' id='word_1_231' title='bbox 1056 3574 1151 3638; x_wconf 89' lang='lat' dir='ltr'>Baru.</span> <span class='ocrx_word' id='word_1_232' title='bbox 1166 3576 1216 3650; x_wconf 89' lang='grc'>21,</span> <span class='ocrx_word' id='word_1_233' title='bbox 1231 3573 1340 3655; x_wconf 81' lang='grc'>2-4),</span> 
     </span>
     <span class='ocr_line' id='line_1_29' title="bbox 165 3675 1341 3763; baseline 0.002 -24"><span class='ocrx_word' id='word_1_234' title='bbox 165 3675 217 3739; x_wconf 93' lang='lat' dir='ltr'>hic</span> <span class='ocrx_word' id='word_1_235' title='bbox 240 3677 281 3754; x_wconf 83' lang='grc'>(1,</span> <span class='ocrx_word' id='word_1_236' title='bbox 306 3675 336 3757; x_wconf 95' lang='grc'>1)</span> <span class='ocrx_word' id='word_1_237' title='bbox 360 3698 536 3741; x_wconf 86' lang='lat' dir='ltr'>sermonem</span> <span class='ocrx_word' id='word_1_238' title='bbox 561 3677 599 3740; x_wconf 89' lang='lat' dir='ltr'>de</span> <span class='ocrx_word' id='word_1_239' title='bbox 624 3677 745 3742; x_wconf 90' lang='lat' dir='ltr'>duobus</span> <span class='ocrx_word' id='word_1_240' title='bbox 769 3677 891 3763; x_wconf 84' lang='lat' dir='ltr'>angelis</span> <span class='ocrx_word' id='word_1_241' title='bbox 914 3679 973 3742; x_wconf 82' lang='lat' dir='ltr'>riis</span> <span class='ocrx_word' id='word_1_242' title='bbox 1006 3679 1127 3743; x_wconf 87' lang='lat' dir='ltr'>duabus</span> <span class='ocrx_word' id='word_1_243' title='bbox 1150 3679 1341 3762; x_wconf 89' lang='lat' dir='ltr'>praepositis</span> 
     </span>
     <span class='ocr_line' id='line_1_30' title="bbox 165 3779 1341 3866; baseline 0 -21"><span class='ocrx_word' id='word_1_244' title='bbox 165 3779 331 3845; x_wconf 87' lang='lat' dir='ltr'>Bamabae</span> <span class='ocrx_word' id='word_1_245' title='bbox 354 3781 447 3845; x_wconf 90' lang='lat' dir='ltr'>debet</span> <span class='ocrx_word' id='word_1_246' title='bbox 471 3802 604 3864; x_wconf 90' lang='lat' dir='ltr'>eumque</span> <span class='ocrx_word' id='word_1_247' title='bbox 627 3787 790 3865; x_wconf 90' lang='lat' dir='ltr'>praeterea</span> <span class='ocrx_word' id='word_1_248' title='bbox 815 3784 958 3866; x_wconf 89' lang='lat' dir='ltr'>sequitur</span> <span class='ocrx_word' id='word_1_249' title='bbox 979 3783 1046 3847; x_wconf 82' lang='lat' dir='ltr'>vias</span> <span class='ocrx_word' id='word_1_250' title='bbox 1069 3784 1153 3847; x_wconf 73' lang='lat' dir='ltr'>sitae</span> <span class='ocrx_word' id='word_1_251' title='bbox 1176 3787 1208 3847; x_wconf 92' lang='lat' dir='ltr'>et</span> <span class='ocrx_word' id='word_1_252' title='bbox 1229 3783 1341 3846; x_wconf 87' lang='lat' dir='ltr'>mortis</span> 
     </span>
     <span class='ocr_line' id='line_1_31' title="bbox 166 3884 1340 3971; baseline 0.002 -22"><span class='ocrx_word' id='word_1_253' title='bbox 166 3885 261 3949; x_wconf 87' lang='lat' dir='ltr'>etiam</span> <span class='ocrx_word' id='word_1_254' title='bbox 283 3884 350 3948; x_wconf 82' lang='lat' dir='ltr'>vias</span> <span class='ocrx_word' id='word_1_255' title='bbox 373 3885 454 3950; x_wconf 90' lang='lat' dir='ltr'>lucis</span> <span class='ocrx_word' id='word_1_256' title='bbox 477 3891 509 3950; x_wconf 91' lang='lat' dir='ltr'>et</span> <span class='ocrx_word' id='word_1_257' title='bbox 531 3888 731 3950; x_wconf 83' lang='lat' dir='ltr'>tenebrarum</span> <span class='ocrx_word' id='word_1_258' title='bbox 755 3887 960 3971; x_wconf 83' lang='lat' dir='ltr'>designans¹.</span> <span class='ocrx_word' id='word_1_259' title='bbox 1008 3886 1162 3971; x_wconf 83' lang='lat' dir='ltr'>Origenes</span> <span class='ocrx_word' id='word_1_260' title='bbox 1176 3887 1198 3951; x_wconf 94' lang='grc'>1.</span> <span class='ocrx_word' id='word_1_261' title='bbox 1216 3910 1241 3951; x_wconf 92' lang='grc'>0.</span> <span class='ocrx_word' id='word_1_262' title='bbox 1267 3885 1340 3951; x_wconf 82' lang='lat' dir='ltr'>Cel·</span> 
     </span>
    </p>
   </div>
   <div class='ocr_carea' id='block_1_6' title="bbox 165 4000 1341 4286">
    <p class='ocr_par' dir='ltr' id='par_1_6' title="bbox 165 4000 1341 4286">
     <span class='ocr_line' id='line_1_32' title="bbox 168 4000 1340 4109; baseline 0 -16"><span class='ocrx_word' id='word_1_263' title='bbox 168 4001 182 4006; x_wconf 43' lang='grc'>-</span> <span class='ocrx_word' id='word_1_264' title='bbox 212 4000 469 4093; x_wconf 45' lang='grc' dir='ltr'>Ι-1-(18110011100</span> <span class='ocrx_word' id='word_1_265' title='bbox 488 4038 635 4093; x_wconf 88' lang='lat' dir='ltr'>duodecim</span> <span class='ocrx_word' id='word_1_266' title='bbox 654 4038 846 4107; x_wconf 85' lang='lat' dir='ltr'>apostolorum</span> <span class='ocrx_word' id='word_1_267' title='bbox 865 4041 906 4093; x_wconf 84' lang='lat' dir='ltr'>ed</span> <span class='ocrx_word' id='word_1_268' title='bbox 926 4040 1007 4094; x_wconf 82' lang='lat' dir='ltr'>Funk</span> <span class='ocrx_word' id='word_1_269' title='bbox 1027 4040 1093 4095; x_wconf 80' lang='grc'>1887</span> <span class='ocrx_word' id='word_1_270' title='bbox 1111 4058 1138 4109; x_wconf 89' lang='lat' dir='ltr'>p.</span> <span class='ocrx_word' id='word_1_271' title='bbox 1158 4041 1199 4094; x_wconf 84' lang='lat'>50.</span> <span class='ocrx_word' id='word_1_272' title='bbox 1220 4041 1260 4095; x_wconf 88' lang='grc'>58.</span> <span class='ocrx_word' id='word_1_273' title='bbox 1283 4041 1340 4095; x_wconf 84' lang='grc'>102.</span> 
     </span>
     <span class='ocr_line' id='line_1_33' title="bbox 165 4124 1341 4198; baseline 0.002 -18"><span class='ocrx_word' id='word_1_274' title='bbox 165 4124 196 4180; x_wconf 82' lang='grc' dir='ltr'>Ε.</span> <span class='ocrx_word' id='word_1_275' title='bbox 216 4124 361 4188; x_wconf 86' lang='lat' dir='ltr'>Henecke,</span> <span class='ocrx_word' id='word_1_276' title='bbox 390 4130 421 4180; x_wconf 88' lang='lat' dir='ltr'>ut</span> <span class='ocrx_word' id='word_1_277' title='bbox 440 4142 526 4194; x_wconf 88' lang='lat' dir='ltr'>supra</span> <span class='ocrx_word' id='word_1_278' title='bbox 543 4144 569 4195; x_wconf 86' lang='lat' dir='ltr'>p.</span> <span class='ocrx_word' id='word_1_279' title='bbox 590 4125 641 4180; x_wconf 86' lang='lat' dir='ltr'>XII</span> <span class='ocrx_word' id='word_1_280' title='bbox 659 4126 733 4190; x_wconf 85' lang='lat' dir='ltr'>dixi,</span> <span class='ocrx_word' id='word_1_281' title='bbox 763 4127 923 4180; x_wconf 65' lang='lat' dir='ltr'>Barna-bam</span> <span class='ocrx_word' id='word_1_282' title='bbox 947 4129 975 4180; x_wconf 90' lang='lat' dir='ltr'>et</span> <span class='ocrx_word' id='word_1_283' title='bbox 995 4127 1123 4182; x_wconf 88' lang='lat' dir='ltr'>Canones</span> <span class='ocrx_word' id='word_1_284' title='bbox 1142 4146 1187 4198; x_wconf 88' lang='lat' dir='ltr'>ap.</span> <span class='ocrx_word' id='word_1_285' title='bbox 1206 4131 1305 4182; x_wconf 90' lang='lat' dir='ltr'>eccles.</span> <span class='ocrx_word' id='word_1_286' title='bbox 1324 4145 1341 4181; x_wconf 90' lang='lat' dir='ltr'>a</span> 
     </span>
     <span class='ocr_line' id='line_1_34' title="bbox 166 4213 1061 4286; baseline 0.001 -21"><span class='ocrx_word' id='word_1_287' title='bbox 166 4213 257 4266; x_wconf 82' lang='lat' dir='ltr'>forma</span> <span class='ocrx_word' id='word_1_288' title='bbox 276 4213 428 4268; x_wconf 86' lang='lat' dir='ltr'>Doctrinae</span> <span class='ocrx_word' id='word_1_289' title='bbox 448 4215 639 4283; x_wconf 85' lang='lat' dir='ltr'>apostolorum</span> <span class='ocrx_word' id='word_1_290' title='bbox 658 4214 774 4286; x_wconf 83' lang='lat' dir='ltr'>speciali</span> <span class='ocrx_word' id='word_1_291' title='bbox 794 4213 951 4284; x_wconf 88' lang='lat' dir='ltr'>dependere</span> <span class='ocrx_word' id='word_1_292' title='bbox 970 4219 1061 4284; x_wconf 88' lang='lat' dir='ltr'>putat.</span> 
     </span>
    </p>
   </div>
   <div class='ocr_carea' id='block_1_7' title="bbox 0 0 1422 5018">
    <p class='ocr_par' dir='ltr' id='par_1_7' title="bbox 0 0 1422 5018">
     <span class='ocr_line' id='line_1_35' title="bbox 0 0 1422 5018; baseline 0 0"><span class='ocrx_word' id='word_1_293' title='bbox 0 0 1422 5018; x_wconf 95' lang='lat' dir='ltr'> </span> 
     </span>
    </p>
   </div>
  </div>
 </body>
</html>
