2834 5018
179 336 221 399 34
296 334 299 339 ·
426 287 431 298 ’
673 326 862 383 coccium

179 506 282 584 ἀξίους
295 514 349 568 τοῦ
360 504 478 587 κυρίου,
499 504 614 585 ἄνδρας
632 511 741 585 πραεῖς
763 504 816 565 καί
829 502 1058 587 ἀριλαργύρους
1081 508 1135 570 καί
1156 507 1288 594 ἀληθεῖς
1306 513 1360 574 καί

179 609 476 694 δεδοκιμασμένους·
500 608 570 690 ὑμῖν
593 608 653 691 γὰρ
678 605 892 690 λειτουργοῡσι
914 609 967 670 καί
984 609 1071 672 αὐτοί
1093 612 1149 693 τήν
1164 611 1360 698 λειτουργίαν

179 724 241 779 τῶν
256 724 423 799 προφητῶν
438 714 491 776 καί
507 710 718 775 διδασκάλων.
751 715 779 777 2.
804 713 846 794 μή
862 708 916 775 οὖν
935 713 1097 799 ὑπερίδητε
1117 716 1246 793 αὐτούς·
1271 720 1360 782 αὐτοὶ

179 819 239 904 γάρ
255 819 331 883 εἰσιν
354 819 383 882 οί
398 815 591 902 τετιμημένοι
616 815 701 898 ὑμῶν
719 817 797 899 μετὰ
813 824 875 879 τῶν
896 827 1064 902 προφητῶν
1079 822 1133 883 καὶ
1149 821 1359 888 διδασκάλων.

154 943 167 980 s
267 929 296 992 3.
331 923 500 1006 Ἐλέγχετε
526 921 561 984 δέ
590 918 748 1003 ἀλλήλους
771 922 812 1004 μὴ
836 919 869 985 ἐν
891 921 985 1005 ὀργῇ,
1015 922 1088 986 ἀλλ’
1115 924 1148 989 ἐν
1171 925 1292 1010 εἰρήνη,
1317 927 1361 1003 ὡς

180 1029 270 1111 έχετε
300 1027 332 1091 έν
364 1034 408 1109 τῷ
438 1024 628 1110 εὐαγγελίῳ·
657 1026 711 1088 καί
741 1027 833 1089 παντί
857 1027 1040 1110 ἀστοχοῦντι
1063 1032 1146 1093 κατὰ
1174 1041 1229 1094 τοῦ
1252 1031 1360 1115 έτέρου

180 1134 285 1217 μηδείς
301 1130 434 1194 λαλείτω
450 1129 527 1214 μηδέ
543 1129 615 1212 παρ’
632 1129 718 1212 ὑμῶν
734 1129 886 1209 ἀκουέτω,
903 1131 962 1206 έως
979 1130 1014 1194 οὗ
1032 1134 1218 1219 μετανοήοη.
1256 1141 1286 1202 4.
1304 1139 1360 1212 τὰς

180 1238 215 1301 δέ
238 1239 332 1320 εὐχὰς
354 1237 440 1320 ὑμῶν
462 1237 515 1298 καί
539 1236 594 1310 τὰς
617 1233 826 1319 ἐλεημοσύνας
849 1236 902 1298 καί
925 1235 1029 1312 πάσας
1051 1239 1105 1312 τὰς
1128 1238 1252 1321 πράξεις
1276 1243 1359 1304 οὕτω

180 1341 340 1425 ποιήσατε,
364 1339 406 1416 ὡς
429 1340 517 1423 έχετε
540 1338 573 1404 ἐν
592 1346 636 1422 τῷ
660 1338 833 1424 εὐαγγελίῳ
856 1350 910 1403 τοῦ
932 1341 1040 1424 κυρίου
1062 1342 1160 1425 ήμῶν.

142 1467 167 1503 1⁰
268 1447 355 1513 XVI.
379 1444 581 1531 Γρηγορεῖτε
605 1444 681 1526 ὑπὲρ
705 1454 759 1528 της
781 1444 864 1528 ζωῆς
887 1445 990 1528 ὑμῶν·
1016 1450 1046 1511 oi
1069 1446 1188 1530 λύχνοι
1202 1453 1302 1530 ὑμῶν
1317 1451 1360 1533 μὴ

182 1550 419 1637 σβεσθήτωσαν,
435 1550 490 1614 καὶ
506 1552 541 1614 αἱ
557 1549 683 1632 ὀσφύες
699 1553 798 1630 ὑμῶν
813 1550 855 1632 μή
871 1548 1108 1633 ἐκλυὲσθωσαν,
1121 1551 1205 1615 ἀλλὰ
1220 1553 1361 1636 γίνεσθε

181 1657 324 1737 ἕτοιμοι·
350 1659 390 1720 οὐ
411 1657 472 1739 γὰρ
496 1653 608 1719 οἴδατε
630 1655 693 1738 τήν
716 1656 821 1739 ὥραν,
845 1654 883 1718 ἐν
900 1654 920 1740 ᾗ
937 1657 955 1718 ὁ
970 1658 1085 1740 κύριος
1100 1659 1201 1739 ἡμῶν
1216 1658 1358 1742 ἔρχεται.

182 1764 210 1826 2.
235 1768 359 1835 πυκνῶς
382 1759 416 1822 δέ
439 1757 687 1841 συναχθήσεσδε
710 1757 872 1842 ζητοῦντες
903 1761 941 1821 τὰ
969 1759 1126 1844 ἀνήκοντα
1155 1771 1221 1837 ταῖς
1245 1762 1360 1844 ψυχαῖς

181 1865 280 1947 ὑμῶν·
312 1865 348 1927 οὐ
376 1865 437 1948 γὰρ
469 1862 625 1946 ὠφελήσει
653 1863 733 1946 ὑμᾶς
763 1862 779 1924 ὁ
806 1872 867 1939 πᾶς
898 1864 1008 1945 χρόνος
1031 1875 1084 1949 τῆς
1107 1865 1239 1940 πίστεως
1262 1866 1359 1948 ὑμῶν,

249 2000 380 2076 θὲτίρου
400 1998 596 2076 ουάτέταίρου
623 2016 677 2054 con
706 2000 805 2055 Hamis
831 2003 835 2071 1
860 2000 1021 2060 Ἱάκουέτω
1040 2000 1274 2060 οοάιάκουὲσθω
1304 2002 1358 2057 for-

180 2092 255 2143 tasse
271 2093 274 2156 Ι
292 2090 325 2143 10
342 2087 420 2158 ὑμῶν
436 2106 472 2157 pr
490 2091 647 2160 εαιιήμῶν
668 2086 722 2141 cod

180 2195 248 2248 licet
264 2194 410 2263 liturgiam
430 2194 652 2248 eucharisticam.
683 2192 755 2247 Doc·
783 2194 859 2265 ρους]
896 2193 1000 2248 Paulus
1028 2192 1125 2246 scribit
1152 2192 1253 2246 ITim.
1274 2196 1305 2257 3,
1327 2196 1359 2247 3:

179 2283 256 2335 trina
283 2280 370 2352 igitur
402 2281 541 2350 episcopis
572 2284 601 2334 et
630 2279 755 2333 diaconis
782 2286 826 2336 δεῖ
841 2281 892 2338 τὸν
909 2279 1061 2338 ἐπίσκοπον
1087 2275 1156 2336 εἶναι
1173 2285 1211 2351 μή
1229 2286 1359 2352 πλήκτην,

182 2368 256 2422 idem
270 2385 370 2421 munus
382 2368 521 2433 attribuit,
540 2369 615 2435 quod
628 2367 756 2421 Clemens
783 2366 842 2424 ἀλλ’
865 2364 985 2437 ἐπιεικῆ,
1012 2363 1136 2438 ἄμαχον,
1160 2366 1360 2441 ἀφιλάργυρον,

182 2456 333 2519 Romanus,
347 2454 396 2521 qui
409 2455 421 2508 I
434 2455 496 2509 Cor.
510 2456 648 2508 cca-44
661 2472 756 2509 eorum
784 2455 812 2516 3,
833 2453 863 2508 8:
905 2457 1049 2521 διακόνους
1079 2459 1117 2524 μή
1146 2450 1358 2528 αἰσχροκερδεῖς.

181 2561 282 2595 munus
302 2559 366 2594 cum
382 2557 497 2595 munere
517 2542 692 2596 sacerdotum
704 2540 756 2594 Ve·
785 2540 826 2594 cf.
855 2541 909 2594 Tit.
931 2541 962 2597 1.
982 2543 1012 2602 7;
1049 2541 1194 2609 Polycarp.
1222 2541 1255 2602 5,
1274 2542 1298 2594 2.
1327 2573 1360 2580 -

182 2629 250 2683 teris
269 2629 444 2682 Testamenti
458 2632 603 2697 comparat
617 2631 704 2694 atque
713 2629 755 2691 44,
784 2628 1042 2699 δεδοκιμασμένους]
1072 2628 1114 2683 Cf.
1142 2627 1244 2682 ITim.
1265 2629 1289 2692 3,
1313 2630 1359 2689 10;

182 2719 199 2770 4
218 2734 265 2771 eos
284 2715 359 2769 dona
382 2715 482 2769 offerre
506 2716 757 2788 (προαενεγκόντας
769 2715 796 2767 'I
815 2716 901 2770 Clam.
920 2715 962 2777 42,
976 2716 1007 2771 4ι
1024 2717 1066 2779 44,
1080 2717 1104 2769 2.
1142 2715 1204 2769 Non
1223 2731 1292 2784 crgo
1312 2715 1359 2768 cli-

183 2803 217 2860 τὰ
235 2804 321 2877 δῶρα)
340 2802 474 2857 distincte
493 2803 569 2856 dicit.
785 2802 870 2871 gendi
890 2807 962 2865 sunt,
983 2803 1031 2869 qui
1040 2802 1174 2856 virtutem
1188 2801 1291 2856 sectari
1304 2820 1360 2856 rno-

219 2893 241 2945 1.
260 2890 483 2962 χειροτονήσετε]
504 2889 544 2943 ef.
564 2890 629 2943 Act.
649 2891 689 2953 14,
709 2891 756 2952 23;
769 2894 772 2901 ’
785 2890 820 2943 do
839 2889 1015 2958 incipiebant
1033 2888 1078 2942 vel
1096 2889 1232 2957 neophyti
1252 2889 1274 2957 (I
1289 2889 1359 2942 Tim.

182 2978 209 3031 Π
228 2977 287 3032 Cor.
308 2978 333 3040 8,
354 2978 399 3037 19:
436 2979 496 3046 Ign.
524 2976 634 3030 Philad.
657 2977 704 3039 10,
726 2980 756 3037 1;
785 2978 808 3038 3,
822 2976 857 3045 6),
878 2976 928 3029 scd
945 2975 998 3029 viri
1017 2975 1146 3045 spectati.
1168 3006 1202 3013 —
1223 2973 1288 3045 ὑμῖν
1307 2976 1359 3048 γὰρ

183 3062 288 3131 Smyrn
311 3065 350 3127 11,
363 3066 393 3125 2;
412 3064 505 3132 Polyc.
526 3064 548 3124 7,
562 3064 585 3116 2.
624 3063 685 3117 Vox
711 3063 974 3135 ίιὶοἰλειτουργοῦσι
992 3063 1062 3133 κτλ]
1092 3064 1198 3116 Auctor
1221 3062 1360 3115 rationem

182 3149 313 3218 designat
323 3149 497 3205 electionem.
517 3150 756 3218 Temporeposte-
769 3124 772 3237 ή
784 3150 900 3219 profert,
922 3150 957 3203 ob
971 3166 1057 3215 quam
1075 3149 1129 3202 m'ri
1145 3150 1267 3217 spectati
1280 3150 1359 3202 mini-

183 3235 256 3289 riore
275 3237 392 3291 denotat
410 3237 497 3291 etiam
516 3236 757 3291 consecrationem
770 3252 772 3329 γ
785 3236 836 3290 stri
849 3236 1030 3290 ecclesiarum
1045 3235 1168 3305 eligendi
1180 3238 1252 3299 sunt,
1273 3239 1359 3302 atquc

184 3322 266 3377 electi
284 3322 329 3377 vel
356 3323 461 3377 ordinis
488 3322 688 3377 initiationem.
715 3323 755 3377 cf.
786 3325 930 3394 episcopos
950 3324 978 3376 ct
991 3323 1124 3376 diaconos
1139 3341 1200 3376 cum
1212 3324 1359 3392 prophetis

184 3409 301 3464 Constit.
322 3413 412 3479 apost.
430 3408 475 3472 VI,
498 3412 541 3471 17;
559 3408 631 3471 VIII,
654 3411 695 3464 27.
715 3410 756 3464 28.
770 3430 772 3479 γ
786 3416 814 3466 et
832 3409 994 3465 doctoribus
1013 3427 1180 3480 comparans
1205 3409 1284 3464 aliud
1303 3427 1360 3463 mu·

183 3497 224 3551 46.
246 3529 278 3537 -
296 3493 415 3567 ἑαυτοῖς]
430 3497 447 3550 i.
461 3513 483 3550 ε.
498 3497 617 3566 singulis
632 3482 837 3551 ecclesiis'nus
865 3497 921 3550 illis
953 3496 1117 3550 incumbens
1152 3501 1359 3559 commemorat,

183 3585 226 3636 vel
245 3584 395 3653 parochiis.
415 3615 449 3622 -
474 3582 619 3640 ἐπίσκοποι
637 3587 683 3640 καί
702 3584 757 3641 διά·
771 3622 773 3681 γ
785 3602 885 3638 munus
904 3583 1025 3637 docendi
1038 3586 1124 3649 atque
1138 3582 1305 3637 aedificandi
1319 3600 1360 3638 cc·

183 3672 271 3741 κονοι]
301 3670 398 3724 eodem
417 3668 501 3724 modo
529 3686 584 3736 quo
609 3669 656 3723 hic
675 3670 758 3724 simul
786 3671 906 3734 clesiam,
927 3670 1003 3737 quod
1020 3686 1071 3738 per
1080 3670 1131 3723 hos
1149 3670 1302 3740 praecipuo
1316 3687 1360 3724 ex·

185 3761 437 3811 commemorantur
446 3755 516 3810 PhiI
529 3759 576 3819 l,1
600 3761 628 3811 et
646 3757 756 3812 IOIem.
786 3759 940 3811 crcebatur.

183 3844 225 3906 42,
244 3844 267 3896 4.
288 3845 311 3897 5.
331 3843 563 3906 mimae-13
584 3843 686 3897 Paulus
704 3832 773 3913 vir-I
820 3845 843 3896 2.
862 3849 900 3914 μή
927 3838 976 3900 oia
1003 3841 1149 3917 ὑπηρίδητε
1165 3844 1235 3913 κτλ]
1265 3844 1361 3912 Respi-

184 3933 259 3983 tutes
278 3930 407 3998 exponit,
437 3929 538 3997 quibus
558 3931 705 3999 episcopos
726 3924 861 3984 ac'ciens
881 3948 903 3983 c.
925 3932 957 3985 13
984 3934 1013 3983 et
1033 3930 1137 3984 Canon.
1168 3931 1360 3998 apostolorum

185 4015 317 4070 diaconos
328 4016 472 4085 praeditos
487 4033 545 4071 esse
556 4021 675 4086 oportet.
696 4018 756 4070 Act.
770 4006 773 4057 Ϊ
785 4016 880 4070 eccles.
897 4018 935 4079 12,
949 4019 965 4070 3
978 4016 1032 4070 tibi
1045 4017 1217 4087 persuaseris
1230 4017 1362 4087 supplen-

184 4103 225 4163 20,
238 4103 338 4156 17-28
352 4107 380 4156 et
393 4104 447 4156 Tit.
460 4106 481 4166 1,
493 4104 560 4158 5—'I
575 4120 656 4158 voces
675 4122 758 4176 πρεσ-
769 4074 772 4135 Ι
784 4103 850 4155 ‹Ium
870 4119 943 4157 esse:
962 4103 991 4155 in
1009 4104 1086 4157 victu
1104 4104 1276 4173 praebendo.
1296 4105 1360 4158 Par·

183 4188 293 4262 βύτεροι
313 4193 342 4242 et
360 4188 504 4247 ἐπίσκοποι
532 4190 691 4259 promiscue
711 4190 757 4243 ad·
784 4189 874 4243 ticula
892 4192 986 4243 autem
1003 4206 1098 4243 versus
1118 4191 1208 4244 uItera
1221 4191 1264 4243 illi
1277 4191 1361 4246 inter·

184 4274 324 4329 hibentur.
353 4308 385 4316 -
412 4285 511 4350 πραεῖς
536 4281 581 4335 καί
608 4275 937 4379 ἀριλαργύ·γμνείυίίουὶ
973 4276 1065 4330 minus
1102 4279 1197 4331 farere
1242 4276 1360 4332 videtur.
