2834 5018
534 654 604 709 Sllll.
623 653 670 717 Ill,
689 656 730 717 24,
751 654 844 717 1-26,
863 655 886 709 2.
1234 661 1295 725 621

119 854 180 915 que
210 837 285 896 sunt
313 831 446 907 herbae,
481 836 631 916 totusque
661 853 753 896 mons
781 832 897 897 fertilis
927 838 975 898 est
1008 838 1040 897 et
1072 855 1163 898 omne
1195 856 1296 919 genus

116 937 273 1022 pecudum
296 942 329 1000 et
359 935 502 1001 volatilia
524 937 605 1001 caeli
635 937 808 1020 carpebant
840 937 955 1002 herbas
978 938 1011 1002 in
1034 938 1095 1002 hoc
1116 944 1241 1018 monte,
1266 944 1298 1004 et

116 1041 243 1118 herbae,
269 1063 347 1125 quas
371 1042 553 1125 carpebant,
577 1045 667 1105 tanto
689 1042 794 1126 magis
816 1042 1056 1119 revirescebant,
1082 1044 1136 1127 qui
1156 1044 1296 1109 credide-

117 1152 199 1223 mnt,
224 1145 403 1210 huiusmodi
426 1152 517 1210 sunt:
542 1148 571 1209 2.
597 1145 756 1230 simplices
779 1167 903 1230 semper
925 1151 956 1209 et
978 1147 1159 1211 innocentes
1181 1152 1213 1212 et
1239 1149 1295 1214 be-

118 1252 163 1316 ati
185 1255 275 1315 erant
296 1250 464 1332 nullasque
496 1249 704 1314 dissensiones
727 1250 810 1314 inter
833 1272 866 1314 se
893 1249 1063 1328 habentes,
1097 1251 1152 1315 sed
1173 1273 1322 1337 sempera

118 1357 291 1441 gaudentes
307 1356 346 1420 de
368 1355 466 1419 servis
482 1355 532 1418 dei
554 1358 586 1418 et
601 1354 704 1418 induti
727 1355 875 1438 spiritum
890 1354 1003 1418 harum
1025 1355 1184 1441 virginum
1203 1380 1295 1422 sanc-

117 1466 185 1525 tum
208 1481 393 1544 semperque
422 1459 462 1523 ad
484 1460 731 1524 misericordiam
754 1460 787 1523 in
810 1480 935 1523 omnem
964 1459 1123 1524 hominem
1146 1464 1295 1546 prompti,

117 1570 149 1630 et
172 1566 210 1629 de
231 1564 393 1629 laboribus
416 1564 481 1628 suis
504 1563 591 1627 omni
612 1563 734 1627 homini
756 1565 936 1629 tribuerunt
958 1564 1025 1628 sine
1047 1564 1241 1650 improperio
1264 1572 1296 1630 et

116 1671 183 1734 sine
205 1669 424 1734 haesitatione.
471 1670 500 1733 3.
525 1668 680 1732 Dominus
702 1669 801 1752 igitur
823 1691 894 1734 cum
916 1670 1046 1733 vidisset
1060 1671 1297 1754 simplicitatem

117 1795 224 1838 eorum
248 1779 279 1838 et
302 1794 428 1838 omnem
450 1772 629 1837 infantilem
644 1773 866 1850 innocentiam,
891 1774 979 1838 auxit
999 1796 1053 1838 eos
1077 1774 1110 1839 in
1133 1774 1320 1840 laboribus1

117 1901 267 1942 manuum
289 1879 432 1962 ipsonrm
455 1877 603 1962 deditque
625 1878 664 1941 iis
687 1879 824 1961 gratiam
846 1879 879 1943 in
903 1879 990 1943 omni
1012 1900 1114 1961 opere.
1161 1881 1190 1943 4.
1215 1880 1296 1945 Dico

117 1988 222 2048 autem
244 1983 343 2059 vobis,
369 1983 422 2065 qui
445 1981 526 2046 tales
550 1982 642 2058 estis,
660 2003 721 2067 ego
744 1983 877 2066 angelus
903 1982 1133 2068 paenitentiae:
1168 2005 1294 2066 perma-

115 2091 187 2151 nete
209 2086 308 2162 tales,
340 2090 372 2149 et
395 2107 502 2151 semen
530 2091 670 2150 vestrum
692 2088 725 2152 in
754 2091 916 2152 aeternum
938 2109 1001 2151 non
1030 2086 1203 2162 delebitur;
1238 2090 1294 2152 do-

115 2192 219 2255 minus
242 2192 326 2255 enim
340 2212 395 2255 vos
418 2191 567 2275 probavit
581 2195 613 2254 et
635 2191 796 2275 inscripsit
810 2192 844 2255 in
865 2214 996 2256 numero
1010 2195 1128 2269 nostro,
1153 2196 1185 2254 et
1204 2213 1295 2256 omne

116 2317 222 2360 semen
244 2300 384 2360 vestrum
414 2295 573 2361 habitabit
596 2317 667 2360 cum
698 2296 765 2359 filio
789 2296 857 2370 dei;
892 2297 1007 2360 etenim
1030 2297 1068 2359 de
1090 2296 1204 2379 spiritu
1228 2297 1318 2360 eius1

116 2400 292 2485 accepistis.
945 2402 948 2407 “

203 2500 267 2571 25.
293 2505 341 2569 De
371 2509 482 2569 octavo
514 2509 619 2568 autem
648 2509 772 2581 monte,
804 2505 860 2570 ubi
892 2510 982 2570 erant
1013 2504 1116 2569 fontes
1147 2505 1241 2569 multi
1263 2509 1295 2568 et

117 2609 219 2673 omnis
242 2612 386 2673 creatura
410 2609 528 2673 domini
544 2610 764 2693 adaquabatur
786 2609 992 2687 delentibus,
1018 2610 1071 2693 qui
1087 2610 1293 2687 crediderunt,

116 2714 296 2778 huiusmodi
318 2719 407 2779 sunt:
442 2716 471 2778 2.
497 2714 636 2799 apostoli
658 2719 690 2778 et
713 2715 874 2792 doctores,
905 2715 959 2798 qui
980 2715 1241 2797 praedicavenmt
1262 2715 1295 2777 in

116 2822 184 2883 toto
206 2821 323 2883 mundo
348 2824 380 2883 et
402 2824 510 2883 sancte
534 2840 570 2883 ac
593 2824 679 2883 caste
703 2819 876 2883 docuerunt
898 2819 1029 2882 verbum
1051 2819 1170 2882 domini
1192 2837 1320 2903 nequer

116 2924 242 2986 omnino
257 2923 430 3007 quidquam
444 2922 670 2987 fraudaverunt
685 2924 856 2987 secundum
867 2923 1154 3007 concupiscentiam
1165 2923 1292 3001 malam,

116 3026 171 3090 sed
193 3048 317 3110 semper
339 3027 373 3090 in
395 3026 517 3090 iustitia
539 3030 570 3090 et
592 3026 725 3090 veritate
755 3025 1010 3103 ambulaverunt,
1043 3027 1125 3092 sicut
1148 3033 1180 3092 et
1202 3048 1293 3091 acce·

116 3135 232 3213 perunt
262 3130 409 3214 spiritum
440 3135 594 3193 sanctum.
650 3128 744 3193 Tales
779 3131 880 3215 igitur
911 3131 1179 3194 conversationem
1210 3131 1293 3193 inter

117 3234 248 3320 angelos
271 3234 398 3298 habent.

203 3332 266 3402 26.
290 3338 340 3402 De
362 3341 469 3402 monte
485 3342 590 3402 autem
612 3359 696 3401 nono
713 3337 845 3415 deserto,
868 3337 1006 3402 habente
1021 3338 1053 3401 in
1076 3359 1110 3401 se
1129 3342 1322 3421 serpentesa

116 3465 152 3508 ac
174 3443 310 3527 pecudes
325 3442 506 3507 hominibus
521 3446 678 3519 nocentes,
704 3442 759 3525 qui
774 3442 983 3517 crediderunt,
1007 3441 1188 3506 huiusmodi
1202 3447 1291 3506 sunt:

116 3549 145 3611 2.
170 3547 234 3624 alii,
257 3546 397 3611 maculas
419 3546 581 3624 habentes,
606 3546 730 3610 diaconi
745 3550 828 3624 sunt,
857 3545 912 3630 qui
933 3544 1019 3609 male
1034 3545 1293 3610 ministraverunt

116 3658 147 3717 et
169 3653 381 3717 substantiam
403 3652 568 3717 viduarum
591 3656 623 3716 et
645 3652 858 3735 orphanorum
890 3650 1089 3733 diripuerunt
1112 3655 1144 3714 et
1166 3651 1293 3716 sibimet

115 3823 235 3877 Anabat.
254 3823 335 3877 lesai.
361 3823 386 3887 7,
405 3823 450 3887 23;
479 3823 504 3886 8,
523 3824 570 3885 25;
599 3823 623 3886 9,
643 3821 690 3884 30;
719 3819 914 3882 substantiam,
926 3819 971 3872 cui
984 3818 1200 3873 similitudinem
1213 3818 1292 3874 attri-

115 3908 198 3966 Mart.
223 3909 317 3979 Polyc.
336 3912 369 3973 2,
396 3913 426 3972 3;
454 3912 528 3965 Acta
554 3908 635 3964 Pauli
663 3911 691 3962 et
718 3907 788 3961 buit.
806 3938 841 3947 -
857 3905 928 3976 μετὰ
947 3927 970 3962 τ.
990 3904 1060 3978 υἱοῦ]
1080 3906 1122 3961 of.
1141 3905 1236 3960 Ioann.
1251 3908 1291 3970 17,

117 3995 239 4050 Theclae
257 3998 285 4050 5:
312 3998 443 4069 μακάριοι
463 3996 489 4054 ol
507 3999 596 4070 φόβον
616 3992 690 4068 ἕχον·
718 3996 764 4057 24;
785 3996 824 4058 14,
837 3997 861 4050 3.
880 4026 915 4035 -
932 3992 963 4051 ἐκ
980 4002 1032 4051 τοῦ
1048 3994 1206 4064 πνεύματος
1221 3993 1291 4064 κτλ]

115 4103 161 4151 τες
185 4090 272 4146 θεοῦ,
300 4081 342 4141 ὅτι
369 4084 448 4142 αὐτοὶ
477 4080 592 4156 ἄγγελοι
621 4087 691 4139 θεοῦ
718 4081 760 4138 ef.
779 4083 793 4137 I
810 4081 906 4136 Icann.
925 4084 949 4145 3,
963 4081 1010 4144 24;
1029 4081 1042 4134 Ι
1061 4081 1195 4144 Thessd,
1208 4080 1225 4134 8
1240 4084 1291 4135 eto.

115 4174 283 4241 γενήσονται,
322 4170 428 4226 Contra
455 4170 553 4224 audias
581 4168 689 4223 Tertul·
752 4167 798 4233 25,
818 4171 841 4223 2.
861 4169 907 4225 ἀπ.
925 4191 950 4226 κ.
970 4169 1137 4238 διδάσκαλοι]
1158 4169 1200 4223 cf.
1214 4184 1235 4221 o.
1252 4170 1291 4233 15,

115 4255 222 4310 lianum
241 4255 282 4310 De
299 4272 401 4312 resurr.
421 4273 495 4311 carn.
516 4274 538 4311 c.
558 4256 605 4311 62:
634 4255 688 4309 Dc·
716 4257 742 4310 4.
761 4286 794 4295 -
812 4256 897 4326 μηδὲν
913 4256 985 4325 xta]
1005 4255 1175 4318 cunctae,
1190 4254 1292 4318 33.34;

114 4343 200 4410 nique
226 4360 282 4397 non
311 4341 382 4395 dixit
409 4347 458 4411 (sc.
483 4343 633 4407 Dominus,
653 4343 688 4396 cf.
716 4342 808 4397 lGor.
828 4343 857 4405 9,
883 4343 968 4398 7-15
997 4347 1048 4397 etc.
1077 4374 1111 4382 -
1137 4339 1167 4399 ἐν
1193 4346 1243 4399 δικ.
1266 4364 1292 4399 κ.

115 4430 215 4483 naeth,
234 4431 276 4493 22,
290 4429 349 4499 30):
368 4428 459 4482 Erunt
472 4431 572 4500 angeli,
592 4447 627 4484 ne
640 4430 688 4482 hc·
716 4429 842 4506 ἀληθείᾳ]
863 4428 905 4485 cf.
925 4429 995 4498 Eph.
1015 4430 1038 4492 5,
1059 4429 1090 4490 9;
1108 4427 1134 4481 ΙΙ
1147 4428 1207 4483 Cor.
1222 4430 1245 4492 6,
1260 4431 1290 4493 73

114 4519 205 4570 mines
214 4519 340 4584 negaret.
352 4514 414 4568 sed:
428 4519 573 4585 tamquam
583 4516 686 4586 angeli,
715 4516 728 4569 Ι
747 4515 831 4571 Clam.
851 4515 892 4579 62,
912 4515 937 4570 2.

115 4608 148 4658 ut
157 4603 283 4659 homines
294 4605 485 4666 conservaret;
504 4620 559 4658 non
570 4604 688 4658 abstulit
