2834 5018
558 662 624 741 vm.
642 684 689 750 111,
710 687 750 747 11,
768 687 897 752 a-ma
1246 692 1309 756 457

138 861 259 926 visione
282 884 378 946 quare
411 886 490 929 anus
514 863 574 928 tibi
604 863 753 947 apparuit
774 867 807 927 et
828 863 862 927 iu
883 863 1033 929 cathedra
1054 865 1188 930 sedens?
1224 864 1310 942 Quo·

137 966 224 1030 niam
247 967 377 1050 spiritus
399 972 503 1032 vester
529 969 633 1034 senior
655 973 723 1033 erat
754 974 786 1032 et
807 968 871 1032 iam
901 969 1056 1054 fatigatus
1086 991 1188 1054 neque
1209 971 1310 1037 virtu·

137 1076 202 1135 tem
224 1071 366 1135 habebat
395 1074 437 1138 ob
459 1073 600 1137 luxurias
631 1077 753 1137 vestras
775 1076 807 1136 et
830 1072 1015 1137 dubietates.
1061 1075 1090 1139 3.
1115 1073 1204 1140 Sicut
1226 1077 1311 1141 enim

138 1176 292 1252 seniores,
325 1197 388 1240 non
410 1177 564 1241 habentes
587 1197 677 1261 spem
698 1176 884 1254 renovandi,
913 1175 995 1240 nihil
1016 1177 1103 1242 aliud
1125 1186 1310 1264 exspectant

136 1280 200 1343 nisi
223 1281 444 1346 dormitionem
466 1304 574 1359 suem,
598 1282 645 1346 ita
667 1287 699 1346 et
720 1303 776 1346 ros
798 1280 949 1344 infirmati
972 1281 1186 1347 saecularibus
1207 1305 1334 1369 nego-r

136 1385 190 1448 tiis
220 1385 394 1450 tradidistis
424 1408 480 1450 vos
508 1386 670 1451 socordiae
699 1407 801 1470 neque
827 1391 1021 1467 proiecistis
1054 1407 1154 1451 curua
1180 1397 1310 1453 vertrae

136 1509 239 1570 cuper
272 1492 458 1571 dominum
491 1492 546 1555 sed
579 1491 711 1554 obtusus
745 1493 793 1554 est
826 1510 935 1554 sensus
969 1493 1073 1554 vester
1105 1494 1137 1554 et
1170 1490 1309 1556 tristitiis

136 1594 250 1657 vestris
273 1594 351 1657 facti
373 1595 449 1659 estis
471 1599 601 1658 veteres.
646 1596 676 1658 4.
702 1591 806 1669 Quare
828 1593 927 1678 igitur
949 1594 981 1657 in
997 1593 1145 1659 cathedra
1167 1596 1308 1673 sedisset,

136 1697 281 1762 volebam
303 1720 508 1783 cognoscere,
541 1699 673 1763 domine.
720 1697 876 1775 Quoniam
905 1698 1008 1762 omnis
1030 1698 1172 1762 infirmus
1198 1699 1231 1763 in
1254 1720 1307 1764 ca·

136 1801 249 1865 thedra
272 1803 359 1867 sedet
381 1807 512 1886 propter
533 1803 750 1866 infirmitatem
773 1823 872 1878 suam,
895 1807 932 1866 ut
955 1803 1153 1868 contineatur
1175 1804 1307 1870 infirmi·
1324 1833 1348 1870 ιο

135 1910 186 1969 tas
210 1907 351 1991 corporis
375 1907 431 1971 sui.
479 1905 587 1970 Habes
611 1906 747 1990 figuram
767 1907 888 1989 primae
910 1906 1049 1970 visionis.

227 2111 289 2180 12.
314 2114 458 2180 Secunda
480 2121 587 2181 autem
617 2118 737 2181 risione
758 2117 865 2181 vidisti
886 2139 957 2182 eam
985 2120 1124 2180 stantem
1146 2119 1178 2180 et
1196 2116 1309 2182 faciem

134 2219 304 2283 iuvenilem
336 2221 506 2286 habentem
529 2227 561 2285 et
583 2221 763 2284 hilariorem
794 2242 890 2302 quam
912 2225 1002 2295 ante,
1033 2242 1157 2284 carnem
1179 2242 1253 2286 vero
1277 2225 1308 2285 et

135 2324 269 2409 capillos
293 2324 400 2389 aniles.
448 2324 548 2402 Audi,
573 2325 693 2409 inquit,
725 2329 757 2388 et
778 2325 861 2390 hanc
883 2325 1126 2390 similitudinem.
1174 2328 1203 2390 2.
1229 2323 1308 2390 Cum

135 2429 241 2493 senior
263 2428 387 2512 aliquis,
411 2429 476 2493 iam
498 2430 668 2512 desperans
691 2429 729 2492 de
752 2450 785 2492 se
808 2433 938 2512 propter
952 2429 1202 2494 imbecillitatem
1218 2453 1308 2495 suam
1322 2457 1347 2495 ra

135 2538 167 2597 et
189 2538 420 2617 paupertatem,
444 2532 526 2596 nihil
548 2532 634 2597 aliud
657 2537 821 2617 exspectat
843 2533 903 2597 nisi
926 2539 1100 2599 extremum
1123 2535 1205 2600 diem
1223 2536 1307 2600 vitae

133 2659 228 2712 suae;
262 2637 373 2701 deinde
396 2637 502 2702 subito
524 2636 732 2701 hereditatem
755 2642 942 2701 consecutus
964 2639 1075 2703 nuntio
1098 2644 1228 2723 accepto
1251 2662 1307 2704 ex·

133 2742 239 2826 surgit
262 2740 436 2823 hilarisque
459 2739 563 2804 factus
593 2739 696 2804 induit
718 2762 752 2804 se
774 2740 960 2805 fortitudine
989 2746 1020 2805 et
1042 2743 1107 2807 iam
1129 2764 1193 2807 non
1214 2743 1306 2821 iacet,

133 2847 189 2910 sed
211 2851 291 2924 stat,
322 2845 452 2929 eiusque
475 2844 604 2928 spiritus
635 2844 793 2928 prioribus
816 2845 978 2910 laboribus
1007 2845 1071 2909 iam
1101 2853 1307 2931 consumptus

133 2954 317 3027 renovatur,
348 2954 380 3013 et
401 2950 465 3013 iam
487 2971 551 3013 non
574 2950 670 3025 sedet,
695 2951 750 3014 sed
772 2951 906 3015 viriliter
927 2952 1013 3036 agit:
1047 2952 1093 3016 ita
1115 2957 1147 3016 et
1169 2973 1226 3017 vos
1248 2975 1306 3017 au·
1321 2979 1346 3018 20

102 3100 104 3102 ψ
134 3056 254 3120 dientes
277 3053 515 3132 revelationem,
546 3054 809 3135 quemdominus
841 3055 931 3119 vobis
960 3055 1118 3120 revelavit.
1165 3058 1194 3121 3.
1220 3055 1306 3133 Quo·

131 3161 218 3224 niam
242 3159 388 3224 misertus
412 3163 459 3223 est
481 3157 588 3234 vestri,
613 3161 645 3220 et
667 3159 811 3222 renovati
834 3163 908 3222 sunt
929 3159 1058 3241 spiritus
1077 3161 1173 3223 vestri
1196 3165 1228 3224 et
1251 3161 1305 3226 de·

132 3264 284 3349 posuistis
321 3263 519 3327 infirmitates
552 3266 691 3340 vestras,
731 3268 763 3327 et
800 3264 932 3327 accessit
965 3263 1054 3327 robis
1087 3263 1240 3327 fortitudo
1274 3270 1307 3329 et

132 3368 310 3433 confirmati
333 3368 408 3432 estis
435 3368 468 3431 in
490 3367 567 3444 fide,
594 3373 627 3431 et
648 3367 716 3430 visa
740 3366 923 3431 fortitudine
945 3369 1050 3429 vestra
1080 3366 1223 3430 dominus
1247 3389 1305 3453 ga·

131 3473 218 3536 visus
249 3478 314 3546 est3
361 3477 393 3536 et
425 3477 558 3556 propter
591 3472 652 3535 hoc
686 3470 902 3535 manifestarit
935 3469 1025 3532 vobis
1058 3470 1306 3536 aedificationem
1320 3499 1345 3537 ar

130 3577 228 3641 turris
251 3581 346 3660 atque
369 3577 432 3641 alia
455 3575 625 3653 revelabit,
649 3575 676 3639 si
699 3596 737 3638 ex
760 3579 828 3639 toto
852 3575 945 3639 corde
962 3592 1080 3656 pacem
1103 3576 1232 3639 habetis
1254 3582 1305 3640 tn·

132 3690 185 3745 ter
207 3702 273 3745 eoa.

202 3818 218 3870 ‘1
240 3818 284 3871 Pe.
303 3819 344 3880 54,
362 3818 396 3871 23
415 3818 450 3871 cf.
469 3816 481 3870 Ι
500 3817 576 3871 Petr.
595 3819 620 3879 5,
639 3821 663 3872 7.

168 3941 205 4002 11,
225 3941 250 3993 2.
268 3939 450 4014 πρεσβυτέρα]
479 3938 521 3994 Cf.
548 3937 585 3992 lV
603 3938 663 3993 Esr.
681 3941 704 4002 5,
768 3940 810 4002 12,
831 3943 853 3994 1.
871 3938 999 3993 Ecclesia
1017 3939 1051 3991 de
1076 3936 1184 3991 visione
1203 3939 1306 3993 certior

130 4027 165 4081 50
179 4044 240 4094 sqq.
260 4058 293 4066 —
312 4023 354 4083 ὅτι
367 4047 390 4082 τ.
403 4035 511 4096 πνεῦμα
522 4026 593 4096 rect]
612 4026 705 4080 Aliam
733 4027 812 4081 facta
830 4026 988 4080 socordiam
999 4025 1120 4095 priorem
1133 4025 1264 4093 deposuit
1278 4029 1305 4080 et

132 4115 286 4170 senectutis
295 4113 438 4168 Ecclesiae
452 4112 706 4168 causamexhibuit
733 4115 770 4168 ad
787 4114 920 4169 virtutem
942 4113 1034 4167 rediit.
1072 4111 1113 4166 01.
1132 4131 1157 4165 v.
1176 4113 1201 4165 2.
1231 4111 1306 4166 Zahn

131 4201 251 4256 Hermas
270 4202 328 4255 Vis.
347 4201 424 4265 11,4‚
444 4202 467 4255 1.
718 4170 750 4254 ll.
770 4218 792 4255 c.
810 4219 837 4271 p.
856 4200 914 4255 289.

166 4293 190 4345 3.
209 4289 330 4362 ἀκηδίας]
349 4289 498 4344 Cassianus
517 4287 608 4344 Instit.
622 4286 654 4352 X,
676 4288 704 4339 l:
767 4291 791 4343 2.
811 4286 957 4345 ἐνεδύσατο
976 4308 999 4344 τ.
1017 4286 1104 4358 ἰσχύν]
1130 4285 1173 4343 Cf.
1192 4286 1243 4339 les.
1264 4287 1305 4349 51,

130 4377 246 4431 Sextum
264 4376 346 4431 nobis
374 4380 516 4430 certamen
540 4379 600 4439 est,
629 4374 705 4442 quod
731 4375 994 4438 9;52,1;Ps.92‚
1016 4378 1038 4429 1.

132 4464 230 4519 Graeci
259 4463 372 4535 ἀκηδίαν
398 4464 517 4524 vocant,
549 4479 634 4530 quam
653 4479 704 4516 nos
765 4462 790 4516 3.
818 4459 1055 4532 cleomedem]
1084 4460 1126 4515 cf.
1154 4458 1248 4514 Mand.
1272 4459 1304 4522 V,

130 4550 256 4606 taedium
268 4551 327 4605 sive
346 4551 519 4604 anxietatem
531 4550 624 4605 cordis
641 4566 704 4619 poa·
731 4552 755 4613 2,
774 4550 803 4611 8;
836 4548 895 4611 XII,
918 4550 942 4611 5,
965 4551 992 4611 1;
1022 4550 1047 4613 6,
1069 4551 1086 4603 4
1108 4553 1160 4604 etc.
1191 4549 1217 4603 ll
1235 4547 1305 4603 Tim.

131 4656 226 4692 sumus
244 4653 416 4707 nuncupare.
731 4639 754 4700 2,
776 4639 798 4690 1.
