2834 5018
181 349 245 412 438
614 336 768 393 HERMAE
786 336 928 392 PASTOR

271 515 307 583 3.
332 516 466 593 Δείξασαί
483 535 534 597 μοι
550 521 648 575 ταῦτα
663 510 781 594 ἤθελεν
805 510 998 593 ἀποτρέχειν.
1030 511 1116 596 λέγω
1134 514 1241 598 αὐτή·
1267 512 1376 596 Κυρία,

182 623 211 686 τί
233 643 285 705 μοι
308 620 421 715 ὄφελος
453 629 552 682 ταῦτα
586 617 738 699 ἑωρακότι
772 618 825 679 καί
858 619 899 699 μὴ
930 615 1142 700 γινιύσκοντι,
1171 618 1204 680 τί
1231 617 1320 683 ἑσπν
1342 621 1376 681 τὰ

182 728 369 811 πράγματα;
400 723 612 806 ἀποκριθεῖσα
634 742 685 804 μοι
709 719 809 804 λέγει·
840 719 1019 805 Πανοῠργος
1052 720 1079 785 εί
1103 725 1302 805 ἄνθρωπος,
1324 723 1375 790 θέ-

182 832 246 895 λων
276 830 440 915 γινώσκειν
470 830 509 890 τὰ
538 829 607 908 περί
630 827 683 889 τὸν
716 826 842 908 πύργον.
889 825 961 904 Ναί,
985 825 1073 910 φημί,
1097 827 1211 908 κυρία,
1238 830 1295 893 ἵνα
1317 839 1375 904 τοῖς

157 936 329 1020 ιάδελφσῖς
352 933 529 1018 ἀναγγείλω
552 934 605 995 καί
630 930 809 1013 ἱλαριύτεροι
832 930 982 1014 γένωνται
1006 932 1061 993 καί
1084 941 1192 994 ταῦτα
1219 934 1374 998 ἀκούσαν-

182 1064 232 1117 τες
254 1040 451 1125 γινωσκωσιν
474 1038 527 1100 τὸν
549 1036 655 1118 κύριον
679 1035 712 1098 έν
734 1033 838 1118 πολλή
860 1034 945 1118 δύξη.
991 1039 1020 1101 2.
1045 1034 1065 1118 ή
1089 1036 1127 1098 δέ
1151 1037 1240 1122 ἔφη·
1267 1038 1374 1103 'Amfi-

183 1168 289 1210 σονται
322 1146 378 1228 μέν
408 1142 537 1206 πολλοί·
573 1140 763 1214 ἀκούσαντες
794 1138 828 1202 δέ
861 1160 940 1212 τινες
970 1137 1002 1215 ἐξ
1032 1141 1139 1204 αὐτῶν
1165 1143 1372 1227 χαρήσοντα,

182 1252 261 1325 τινές
284 1250 318 1312 δέ
340 1247 548 1311 κλαύσονται·
574 1245 657 1308 ἀλλὰ
679 1246 731 1306 καί
756 1242 850 1321 ούτοι,
874 1244 929 1306 ἐὰν
948 1244 1129 1309 ἀκούσωσιν
1145 1249 1205 1310 καί
1225 1249 1373 1331 μετανοή

183 1375 288 1432 σωσιν,
313 1354 366 1414 καί
390 1353 477 1413 αὐτοὶ
500 1349 699 1434 χαρήσονται.
735 1351 832 1411 ἀκουε
855 1345 908 1411 σύν
932 1350 986 1423 τὰς
1001 1349 1193 1434 παραβολὰς
1221 1364 1281 1417 τοῦ
1304 1354 1372 1435 πύρ-

145 1483 169 1520 ιι
183 1480 257 1542 γου·
282 1456 479 1538 ἀποκαλύψω
501 1455 562 1539 γάρ
585 1475 633 1516 σοι
656 1453 768 1516 πάντα.
813 1453 866 1514 καί
890 1452 1000 1536 μηκέτι
1023 1474 1074 1536 μοι
1103 1455 1236 1532 κόπους
1260 1459 1372 1540 πάρεχε

182 1565 250 1645 περί
283 1561 529 1643 ἀποκαλύψεως·
569 1559 601 1621 αἱ
634 1559 695 1641 γὰρ
726 1556 941 1639 ἀποκαλύψεις
973 1555 1063 1620 αύται
1095 1557 1194 1635 τέλος
1229 1562 1371 1644 ἔχουσιν·

182 1665 422 1751 πεπληρωμέναι
444 1665 505 1748 γάρ
528 1664 613 1727 εἰσιν.
647 1661 720 1725 ἀλλ’
742 1664 778 1725 ού
801 1662 907 1746 παύσῃ
923 1662 1103 1745 αἰτούμενος
1129 1665 1370 1751 ἀπσπαλύψες·

183 1772 310 1855 ἀναιδής
332 1774 393 1855 γὰρ
416 1769 451 1835 εί.
499 1774 528 1836 3.
553 1769 641 1851 ὁμέν
665 1768 792 1851 πύργος,
816 1768 850 1829 ὃν
867 1765 989 1851 βλέπεις
1010 1767 1300 1852 οἰκοδομούμενον,
1316 1769 1371 1854 έγύ

183 1877 243 1959 εἰμι
266 1876 287 1959 ἡ
310 1874 495 1959 Ἐκκλησία,
519 1873 539 1957 G
562 1872 701 1955 ἀρθεῖσα
723 1893 772 1934 σοι
794 1872 848 1933 καί
871 1880 925 1934 νῦν
947 1872 1001 1933 καί
1025 1873 1060 1934 τὸ
1083 1873 1265 1956 πρότερον·
1301 1877 1371 1940 ὃᾶν

145 2004 170 2041 π
184 1979 238 2045 σύν
262 1981 412 2065 θελήσῃς,
437 1978 578 2061 ἐπερὼτα
601 1980 669 2059 περί
694 1987 748 2039 τοῦ
771 1976 900 2059 πύργου,
924 1977 977 2038 καί
1001 1976 1209 2060 ἀποκαλύψω
1237 2002 1305 2059 σοι,
1327 1982 1371 2042 ίνσ

183 2096 281 2169 χαρῇς
304 2087 382 2169 μετὰ
405 2093 467 2147 τῶν
490 2083 598 2167 ἁγίων.
645 2086 675 2148 4.
700 2080 783 2164 λέγω
805 2082 903 2164 αὐτη·
928 2079 1049 2162 Κυρία,
1073 2080 1143 2145 ἐπεί
1169 2083 1265 2163 ἅπαξ
1295 2085 1371 2163 ἀξιύν

183 2211 221 2273 με
243 2190 352 2274 ήγήσω
375 2200 430 2252 τοῦ
454 2189 556 2251 πάντα
579 2208 630 2270 μοι
660 2184 874 2266 ἀποκαλύψαι,
898 2184 1117 2266 ἀποκάλυψον.
1167 2186 1189 2270 ή
1224 2189 1263 2253 δὲ
1296 2189 1370 2273 λέγε

183 2314 252 2378 μοι·
289 2293 330 2357 Ὃ
362 2293 416 2356 ἐὰν
449 2291 611 2377 ένδέχηταί
641 2313 689 2354 σοι
726 2289 1014 2374 ἀποκαλυφθῆναι,
1044 2291 1370 2380 ἀποκαλυφθήσεται.

184 2400 278 2482 μόνον
301 2398 321 2481 ή
343 2399 457 2480 καρδία
480 2419 537 2461 σου
560 2399 636 2479 πρὸς
658 2398 711 2459 τὸν
736 2397 813 2462 θεὸν
836 2395 901 2477 ήτω
924 2396 977 2456 καί
1000 2397 1042 2477 μὴ
1066 2394 1276 2480 διψυχήσεις,
1301 2400 1370 2464 δᾶν

145 2525 171 2561 οι
185 2506 260 2588 ῐδης.
308 2508 337 2570 5.
362 2501 548 2586 ἐπηρώτησα
571 2500 684 2584 αὐτήν·
718 2500 806 2564 Διατί
829 2501 846 2563 ὁ
868 2500 984 2584 πύργος
1007 2500 1057 2562 ἐπί
1092 2500 1226 2568 ύδάτων
1260 2504 1371 2591 spuo&

184 2630 295 2693 μηται,
317 2607 428 2689 κυρία;
451 2605 535 2669 Είπά
558 2628 617 2684 σοι,
640 2605 744 2689 φησίν,
767 2607 820 2668 καί
836 2606 872 2667 τὸ
888 2605 1048 2687 πρότερον,
1063 2607 1118 2667 καί
1145 2605 1298 2693 έκζητεῖς
1313 2609 1371 2673 έπ-

184 2713 302 2796 μελως·
327 2713 466 2796 ἐκζητῶν
489 2709 543 2774 ούν
567 2709 717 2792 εὑρίσκεις
740 2712 796 2793 τὴν
820 2710 984 2793 ἀλήθειαν.
1031 2710 1113 2773 διατί
1138 2710 1198 2776 οὖν
1225 2713 1280 2778 ἐπί
1304 2714 1370 2777 ύδιὶ·

183 2840 245 2882 των
268 2817 465 2902 ᾠκοδίμηται
495 2816 512 2878 ὁ
542 2815 674 2898 πύργος,
705 2817 818 2878 ἀκουε·
853 2817 900 2878 ὅτι
926 2813 947 2896 ἡ
976 2814 1042 2897 ζωή
1066 2814 1158 2898 ὑμῶν
1183 2817 1241 2882 διὰ
1264 2819 1370 2890 ὕδατος

256 3005 561 3078 ίδείξασαεδείξαςδέ
576 3005 600 3058 G
616 3005 620 3074 Ι
636 3004 866 3075 κυρία-Ι-μουίλ
883 3005 887 3075 Ι
903 3006 919 3058 2
937 3005 1118 3076 μοι-Ι-τὸύί
1135 3007 1140 3076 Ι
1157 3005 1372 3082 ἑωρακέναι..-

184 3097 328 3169 γινὼσιιειν
347 3097 370 3150 G
387 3095 391 3164 Ι
407 3095 451 3160 2Ι3
470 3093 505 3149 τὰ
523 3112 569 3165 πρ.
585 3099 691 3147 ιταῦτα
705 3091 728 3144 G
745 3092 749 3159 Ι
766 3092 782 3145 3
800 3086 953 3164 ἄνθρωπος
966 3090 1036 3144 SGA
1049 3112 1055 3144 ι
1068 3088 1214 3164 ἄνθρωπε
1227 3095 1275 3158 Sc,
1295 3097 1371 3151 homo

184 3185 286 3254 L13f4
304 3182 445 3240 3952va
462 3184 465 3249 Ι
481 3182 498 3233 4
517 3178 672 3235 ναιίκαίύι
688 3179 692 3247 Ι
709 3179 725 3231 5
744 3177 906 3252 λλαρὼτεροι
926 3200 951 3250 γ.
964 3200 989 3233 κ.
1003 3187 1092 3234 ταῦτα
1106 3179 1302 3250 GL¹(1,¹):>
1315 3182 1370 3242 SA:

182 3272 199 3325 3
219 3270 373 3343 γινώσκωσι
387 3270 411 3323 G
424 3288 431 3320 ι
445 3267 565 3324 -ουσινὸ
582 3269 585 3333 Ι
601 3266 698 3337 κύριον
713 3284 719 3316 2
732 3267 802 3322 θεὸν
820 3265 844 3321 G
861 3267 864 3335 Ι
881 3268 897 3335 ή
915 3264 945 3322 δέ
957 3265 1003 3320 GL
1016 3285 1022 3317 z
1037 3266 1104 3332 >S
1121 3267 1162 3336 Ι8
1183 3263 1265 3326 οὗτοι
1282 3289 1371 3327 :ama

183 3357 279 3427 Slo'cx.
298 3361 344 3413 καὶ
363 3353 615 3420 ὃύίιάκούσαντες
635 3353 740 3422 (ὶΑΙΙιίΙ
757 3354 761 3422 Ι
779 3352 810 3405 10
829 3352 882 3423 γάρ
901 3370 1023 3408 σοιισοι
1043 3351 1098 3424 γὰρ
1118 3354 1156 3411 τὰ
1176 3356 1203 3410 G
1229 3359 1233 3428 Ι
1264 3358 1297 3413 13
1314 3358 1330 3413 d
1346 3378 1370 3425 μ.

182 3445 288 3516 πύργος
302 3463 308 3496 ι
322 3444 371 3500 τὸν
389 3465 418 3512 μ.
436 3441 545 3513 πύργον
563 3440 586 3494 G
603 3441 607 3508 Ι
626 3441 658 3492 14
676 3443 722 3495 καί
741 3442 835 3505 νῦν>
855 3439 878 3493 G
896 3440 899 3508 Ι
916 3437 964 3495 ἐὰν
983 3438 1006 3492 G
1024 3438 1028 3508 Ι
1047 3438 1079 3493 15
1099 3445 1230 3515 θελήσῃς
1243 3441 1371 3500 SM}-

183 3537 231 3601 λης
250 3531 309 3584 GL*
334 3532 338 3596 Ι
365 3530 395 3584 17
414 3527 549 3597 μοι>θ
575 3527 578 3594 Ι
603 3527 634 3579 18
651 3529 745 3595 μοι>
763 3526 860 3595 ΞΙσοι
879 3523 1077 3581 ἀκοκιωίύ
1104 3527 1108 3596 Ι
1135 3529 1171 3582 19
1191 3533 1269 3604 πρὸς
1287 3531 1371 3585 GM?

182 3636 245 3690 περι
264 3618 282 3670 S
298 3621 302 3686 Ι
318 3621 475 3688 διψυχήσεις
493 3615 511 3668 S
531 3615 565 3667 cf.
586 3613 643 3667 Vis.
664 3613 710 3678 lv,
732 3616 753 3675 l,
771 3614 881 3683 4τ·σης
900 3612 924 3663 G
941 3614 944 3682 Ι
961 3610 1009 3667 ἐὰν
1028 3613 1052 3666 G
1069 3616 1073 3680 Ι
1091 3614 1126 3667 20
1147 3613 1197 3673 ἐπὶ
1219 3608 1370 3690 8:327'0'

183 3705 215 3759 21
235 3699 315 3760 εἶπον
334 3705 357 3757 G
374 3704 378 3772 Ι
402 3705 542 3775 πρότερον
556 3701 633 3754 SL³A
647 3719 653 3752 :
666 3704 701 3769 -Ι-
712 3708 871 3771 πανοῦργος
888 3695 913 3755 εί
930 3703 992 3770 περὶ
1011 3699 1063 3765 τὰς
1080 3701 1201 3771 γραφὰς
1220 3704 1282 3759 GL¹
1309 3710 1313 3772 Ι
1336 3703 1371 3760 ἐκ

183 3794 305 3860 ζητήσεις
323 3790 347 3844 G
363 3790 367 3858 Ι
383 3791 417 3844 22
436 3788 569 3862 εὑρίσκεις
588 3787 641 3841 SL²
655 3805 660 3839 ι
674 3785 797 3861 εὑρήσεις
810 3787 894 3840 GL¹A
911 3788 914 3855 Ι
931 3785 975 3856 ἐφ’
989 3785 1013 3839 G
1029 3786 1032 3854 Ι
1050 3785 1084 3838 23
1105 3783 1238 3847 ἄκουσον
1251 3793 1277 3847 G
1293 3795 1299 3860 Ι
1314 3792 1370 3848 oui:

183 3874 227 3932 ἐπὶ
246 3877 270 3930 G

183 4030 304 4103 ἀναιδής]
325 4033 367 4088 cf.
387 4034 479 4087 Mand.
499 4034 545 4097 XI,
567 4035 607 4088 12.
638 4033 679 4087 De
698 4041 776 4105 per-J
822 4032 846 4087 3.
864 4031 979 4104 πύργος]
1003 4029 1044 4083 Cf.
1065 4030 1104 4083 ad
1122 4031 1288 4102 imaginem
1308 4034 1370 4103 Eph.

183 4119 289 4172 tinacia
318 4119 345 4172 in
373 4122 494 4190 petendo
523 4121 558 4174 ef.
578 4123 642 4174 Luc.
664 4122 710 4177 ll.
727 4121 759 4173 8:
773 4110 810 4205 Ι2,
833 4119 942 4173 19-22.
978 4117 1369 4190 Structuraeoelesiae.qua-

183 4205 259 4276 διάγε
277 4211 328 4276 τήν
354 4206 543 4264 ἀναίδειαν
570 4207 656 4265 αὐτοῦ
683 4205 758 4280 ἐγερ-
773 4205 821 4260 llis
839 4206 885 4258 hic
903 4204 1039 4275 graphice
1058 4202 1253 4269 describitur,
1273 4210 1303 4263 in
1320 4208 1369 4278 pri·

183 4294 245 4357 θεὶς
262 4291 338 4367 αὐτῷ
356 4293 437 4350 δώσει
456 4300 515 4350 κτλ.
784 4291 891 4345 maew's
903 4295 1029 4346 veterum
1042 4289 1281 4350 christianorum
1298 4313 1368 4364 ern»
