2834 5018
167 293 230 356 634
600 275 755 333 fluam
772 274 917 330 PASTOR

165 464 258 529 iussit
279 463 386 546 priora
409 463 540 543 peccata
563 477 671 519 eorum
702 453 808 518 deleri.
855 452 927 517 Hae
959 454 1051 518 enim
1080 453 1221 519 formae
1250 460 1364 539 peccate

166 572 257 632 erant
279 587 396 642 eorum,
421 568 452 627 et
475 566 650 646 exaequata
671 565 753 635 sunt,
777 580 817 623 ne
841 565 1050 644 apparerent.

635 732 817 798 Similitudo
840 731 879 796 Χ.

259 874 293 941 l.
318 877 492 960 Postquam
513 874 758 958 perscripseram
780 873 896 937 librum
911 872 1006 950 hunc,
1035 876 1133 939 venit
1158 878 1296 941 nuntius
1313 875 1362 940 ille

142 983 224 1066 aqui
246 1003 295 1045 me
318 981 492 1045 tradiderat
514 980 587 1044 huic
608 979 741 1062 pastori,
766 979 799 1042 in
815 979 951 1055 domum,
977 979 1012 1042 in
1039 1002 1234 1064 quaeram,
1260 987 1292 1046 et
1306 1003 1364 1046 oon·

169 1087 249 1151 sedit
272 1108 369 1169 supra
391 1085 517 1160 lectum,
543 1089 575 1147 et
598 1083 723 1148 adstitit
746 1083 785 1147 ad
808 1084 970 1148 dexteram
993 1083 1051 1147 hic
1074 1091 1209 1168 pastor.
1258 1085 1364 1150 Deinde

169 1190 293 1253 vocavit
315 1210 365 1252 me
388 1194 420 1252 et
443 1189 521 1253 haec
543 1189 623 1253 mihi
646 1189 742 1253 dixit:
768 1188 797 1252 2.
821 1188 952 1252 Tradidi
967 1193 1010 1264 te,
1038 1189 1165 1274 inquit,
1193 1195 1229 1256 et
1251 1192 1365 1255 domun

169 1297 258 1357 tuam
280 1293 355 1356 huic
377 1293 517 1375 pastori,
552 1298 587 1356 ut
610 1294 650 1358 ab
673 1315 710 1357 eo
732 1293 858 1377 protegi
888 1293 1002 1377 possis.
1055 1293 1119 1371 Ita,
1147 1295 1296 1380 inquam.
1318 1290 1394 1360 do-'

170 1397 263 1460 mine.
310 1395 413 1460 Siris
444 1417 520 1480 ergo
550 1398 692 1481 protegi,
724 1397 843 1481 inquit,
876 1397 916 1461 ab
946 1397 1035 1461 omni
1071 1400 1257 1465 vexatione
1283 1400 1363 1465 etat

132 1523 156 1560 ιο
170 1502 255 1564 omni
278 1501 418 1577 saevitia,
443 1523 623 1565 successum
645 1505 750 1565 autem
774 1502 889 1566 habere
912 1501 945 1565 in
969 1502 1062 1566 omni
1086 1524 1196 1587 opere
1219 1506 1303 1571 bono
1324 1511 1364 1569 at·

170 1629 231 1690 que
263 1609 358 1672 verbo
390 1612 421 1671 et
448 1628 573 1672 omnem
604 1606 753 1670 virtutem
785 1605 970 1689 aequitatis,
1006 1605 1043 1669 in
1077 1610 1255 1674 mandatis
1285 1610 1364 1674 huius

168 1710 350 1794 ingredere,
382 1732 462 1795 quae
486 1712 557 1775 dedi
579 1712 653 1789 tibi,
685 1717 717 1776 et
739 1712 857 1795 poteris
887 1711 1047 1775 dominari
1072 1715 1173 1779 omni
1207 1717 1363 1800 nequitiae.

170 1816 200 1878 3.
226 1812 422 1880 Custodienti
444 1816 528 1880 enim
550 1817 609 1880 tibi
633 1817 782 1881 mandata
805 1816 897 1880 huius
921 1815 1071 1881 subiecta
1096 1818 1166 1882 erit
1196 1821 1301 1885 omnis
1320 1842 1363 1884 ru·

170 1919 287 2002 piditas
310 1925 342 1983 et
366 1919 497 1984 dulcedo
529 1921 648 1985 saeculi
669 1921 781 1998 huius,
813 1941 975 1984 successus
1003 1941 1086 1985 vero
1118 1923 1157 1987 in
1182 1927 1275 1991 omni
1295 1927 1364 1990 bono

134 2044 158 2082 1⁶
172 2023 302 2107 negotio
325 2029 356 2088 te
380 2030 538 2108 sequetur.
585 2025 805 2090 Maturitatem
837 2025 930 2088 huius
953 2028 986 2088 et
1017 2026 1233 2094 modestiam
1256 2030 1363 2112 suscipe

171 2128 203 2191 in
226 2133 257 2191 te
280 2132 312 2191 et
335 2128 384 2191 dic
406 2128 572 2204 omnibus,
604 2130 637 2193 in
659 2151 776 2214 magno
807 2129 924 2193 honore
946 2149 1016 2192 esse
1051 2150 1134 2195 eum
1159 2139 1198 2198 et
1224 2135 1363 2221 dignitate

172 2233 257 2314 apud
280 2232 441 2296 dominum
464 2238 496 2296 et
518 2255 653 2318 magnae
668 2235 836 2317 potestatis
859 2255 930 2298 eum
952 2233 1147 2317 praesidem
1165 2260 1244 2303 esse
1267 2245 1298 2303 et
1316 2259 1362 2323 po

172 2340 291 2401 tentem
313 2336 346 2399 in
369 2335 474 2400 officio
497 2359 564 2402 suo.
610 2337 695 2402 Huic
716 2337 776 2401 soli
799 2360 856 2422 per
877 2341 979 2401 totum
1009 2339 1130 2404 orbem
1154 2345 1361 2427 paenitentiae

172 2444 314 2524 potestas
336 2440 456 2504 tributa
480 2447 537 2505 est.
585 2441 741 2506 Potensne
764 2443 822 2506 tibi
845 2443 1095 2507 videturesse?
1134 2443 1207 2512 Sed
1231 2470 1289 2513 vos
1309 2470 1362 2512 nra·

133 2563 158 2601 ao
172 2544 335 2608 toritatem
358 2543 452 2608 huius
475 2551 507 2609 et
529 2546 757 2623 verecundiam,
783 2569 877 2630 quam
899 2547 932 2610 in
954 2567 1013 2609 vos
1036 2546 1166 2627 habet,
1202 2552 1361 2638 despicitis

260 2643 296 2713 2.
322 2649 402 2713 Dico
425 2650 467 2713 ei:
491 2650 657 2736 Interroga
679 2651 793 2735 ipsum,
820 2651 952 2726 domine,
976 2670 1017 2713 ex
1042 2673 1113 2735 quo
1131 2653 1169 2719 in
1196 2657 1295 2722 domo
1309 2676 1363 2720 mea

171 2757 229 2827 est,
255 2775 295 2816 an
318 2752 437 2837 aliquid
461 2759 549 2818 extra
572 2755 713 2819 ordinem
736 2755 881 2831 fecerim,
916 2776 954 2818 ex
977 2777 1042 2838 quo
1067 2777 1152 2822 eum
1175 2761 1362 2826 offenderim

172 2858 201 2920 2.
226 2856 270 2921 Et
292 2877 367 2941 ego,
400 2859 522 2942 inquit,
556 2860 621 2923 scio
650 2859 730 2923 nihil
763 2865 853 2924 extra
884 2858 1026 2923 ordinem
1060 2859 1190 2929 fecisse
1220 2870 1255 2930 te
1278 2885 1364 2949 neque

172 2983 239 3024 esse
255 2961 423 3025 facturum.
469 2963 512 3026 Et
535 2963 605 3027 ideo
621 2963 700 3027 haec
723 2963 836 3047 loquor
851 2968 965 3039 tecum,
990 2965 1029 3026 ut
1043 2984 1260 3046 perseveres.
1293 2970 1364 3035 Bene

133 3087 157 3126 aa
172 3066 256 3128 enim
279 3066 315 3129 de
338 3070 370 3128 te
399 3065 450 3129 hic
482 3067 568 3150 apud
589 3088 640 3130 me
670 3067 871 3131 existimavit.
919 3065 967 3129 'lu
999 3070 1117 3133 autem
1148 3075 1272 3139 ceteris
1300 3074 1363 3138 haec

171 3169 267 3233 verba
291 3170 383 3245 dices,
408 3175 444 3233 ut
467 3175 499 3234 et
517 3170 575 3245 illi,
601 3172 656 3255 qui
672 3176 806 3257 egerunt
829 3177 885 3236 aut
900 3171 1001 3254 acturi
1025 3177 1107 3237 sunt
1123 3178 1363 3260 paenitentiam.

171 3275 281 3337 eadem
304 3295 384 3357 quae
414 3279 448 3337 tu
472 3275 610 3339 sentiant
637 3281 669 3339 et
692 3276 744 3340 hio
765 3275 850 3358 apud
879 3295 929 3337 me
952 3273 1066 3339 dehis
1091 3279 1182 3345 bene
1217 3284 1363 3368 interpre-

172 3381 257 3440 tetur
279 3382 311 3441 et
333 3396 393 3460 ego
416 3377 501 3460 apud
518 3378 687 3442 dominum.
734 3379 763 3442 3.
789 3379 833 3443 Et
855 3398 923 3461 ego,
947 3377 1091 3460 inquam,
1120 3383 1270 3465 domine,
1292 3385 1364 3452 omni

171 3481 293 3545 homini
315 3482 419 3545 indico
442 3481 604 3565 magnalia
627 3483 761 3556 domini;
796 3503 888 3565 spero
911 3484 1036 3559 autem,
1063 3487 1148 3568 quia
1173 3511 1301 3569 omnes,
1320 3489 1363 3575 qui

133 3609 158 3647 ao
173 3589 265 3649 antea
287 3590 511 3667 peccaverunt,
543 3586 570 3648 si
593 3585 671 3650 haec
694 3586 841 3662 audiant,
864 3585 1000 3650 libenter
1022 3593 1134 3656 acturi
1159 3601 1243 3661 sunt
1264 3597 1362 3683 paeni·

172 3688 311 3763 tentiam,
335 3688 434 3752 vitam
457 3693 686 3772 recuperantes.
733 3692 762 3754 4.
788 3689 940 3754 Permane
962 3710 1057 3775 ergo,
1082 3692 1221 3779 inquit,
1256 3702 1290 3766 in
1311 3702 1361 3764 hoe

171 3791 344 3855 ministerio
368 3795 399 3855 et
422 3814 604 3857 consumma
619 3792 708 3857 illud.
756 3791 951 3877 Quicumque
967 3798 1076 3860 autem
1098 3804 1266 3870 mandata
1281 3806 1360 3870 huius

245 4052 286 4114 ua
309 4051 361 4104 hae
380 4081 415 4091 -
434 4055 604 4120 apparerent
618 4068 624 4102 :
638 4053 666 4105 et
684 4049 725 4104 ita
744 4051 840 4106 deleta
858 4051 923 4104 sunt
942 4051 971 4104 et
983 4055 1121 4117 aequata,
1143 4073 1183 4112 ne
1197 4060 1358 4129 apparerent

171 4138 278 4202 postea.
314 4136 387 4208 ἀμὴν
399 4137 431 4190 L⁹
447 4139 451 4205 1
473 4138 488 4190 3
509 4137 570 4190 sim.
590 4138 659 4205 X>
672 4137 705 4191 11²
720 4138 725 4208 Ι
743 4139 775 4192 12
794 4142 823 4192 et
845 4169 875 4178 —
894 4135 1040 4204 nequitiae
1050 4141 1087 4206 >
1100 4140 1140 4194 L*
1157 4147 1163 4211 1
1179 4146 1218 4202 29
1236 4147 1304 4215 quia
1314 4146 1357 4200 L’:

171 4238 217 4275 eos
238 4222 268 4275 L¹
