2834 5018
181 329 244 393 286
605 325 746 380 IGNATII
764 326 941 383 EPISTULA

181 499 346 583 ἀμείψεται
375 501 468 562 αὐτὸν
497 498 629 582 ἡχάρις
658 503 740 564 κατὰ
769 502 880 568 πάντα.
927 506 956 568 2.
981 503 1159 586 ἀσπάζομαι
1191 505 1245 566 τὸν
1277 501 1367 580 ἀξιο-

183 608 259 669 θεον
283 603 452 668 ἐπίσκοπον
475 605 528 667 καί
552 606 727 687 θεοπρεπὲς
757 605 974 691 πρεσβυτέριον
996 607 1049 668 καί
1072 610 1143 682 τοὺς
1172 605 1368 681 συνδούλους

181 729 241 792 μου
263 709 426 782 διακόνους
448 711 501 772 καί
531 713 602 786 τοὺς
624 709 696 773 κατ’
719 711 817 794 ἄνδρα
839 713 892 774 καί
923 721 1012 795 κοινῇ
1034 712 1152 787 πάντας
1175 711 1208 774 ἐν
1232 712 1367 795 ὀνόματι

182 812 286 898 Ἰησοῦ
309 813 446 897 Χριστοῦ
469 817 522 878 καί
545 824 584 899 τῇ
607 817 699 898 σαρκί
723 818 818 880 αὐτοῦ
841 818 894 879 καί
918 824 962 900 τῷ
987 817 1102 899 αἵματι,
1126 815 1225 882 πάθει
1249 836 1285 878 τε
1308 817 1365 879 καί

155 918 351 982 ιάναστάσει
374 929 509 1003 σαρκικῇ
530 940 565 982 τε
587 922 640 983 καί
663 931 867 1005 πνευματικῇ,
892 921 924 985 ἐν
948 921 1068 1006 ἑνότητι
1092 924 1170 987 θεοῦ
1193 923 1247 984 καί
1264 921 1364 1005 ὑμῶν.

180 1023 269 1106 χάρις
292 1024 372 1108 ὑμῖν,
396 1024 492 1103 ἔλεος,
516 1024 629 1108 εἰρίγνη,
654 1026 793 1108 ὑπομονὴ
816 1026 867 1089 διὰ
889 1025 1013 1100 παντὸς.

267 1129 354 1194 XIII.
381 1128 578 1213 Ἀσπάζομαι
600 1133 672 1205 τοὺς
697 1132 801 1206 οἴκους
824 1140 885 1194 των
910 1130 1055 1213 ἀδελφῶν
1079 1151 1138 1214 μου
1161 1132 1217 1193 σὺν
1241 1129 1363 1214 γυναιξί

180 1233 233 1294 καί
264 1230 383 1307 τέκνοις
413 1234 466 1295 καί
489 1235 544 1308 τάς
571 1232 748 1316 παρθένους
779 1237 834 1310 τάς
859 1234 1029 1320 λεγομένας
1061 1234 1170 1318 χήρας.
1216 1232 1364 1317 ἔρρωσθὲ

180 1355 232 1418 μοι
256 1334 288 1399 ἐν
311 1335 437 1418 δυνάμει
466 1336 649 1420 πνεύματος.
696 1338 868 1416 ἀσπάζεται
893 1339 972 1422 ὑμᾶς
995 1337 1103 1402 Φίλων
1128 1341 1184 1401 σὺν
1214 1337 1284 1421 ἐμοί
1308 1338 1362 1399 ὢν.

143 1464 167 1500 ιο
182 1445 212 1505 2.
237 1440 416 1524 ἀσπάζομαι
439 1443 492 1505 τὸν
515 1440 601 1505 οίκον
626 1441 773 1522 Ταουίας,
796 1444 834 1526 ίΙν
857 1427 988 1526 εὔχομαι
1000 1443 1159 1524 -ἑδράσθαι
1183 1441 1285 1505 πίστει
1309 1442 1362 1504 καί

181 1545 290 1628 ἀγάπη
313 1555 447 1629 σαρκικῇ
469 1567 505 1609 τε
525 1548 578 1609 καί
594 1556 796 1631 πνευματικῇ.
842 1548 1021 1631 ἀσπάζομαι
1041 1546 1174 1630 Ἀλκην,
1198 1548 1234 1609 τὸ
1257 1549 1361 1630 ποθη-

181 1649 234 1713 τόν
256 1670 308 1732 μοι
331 1652 439 1733 ὄνομα,
462 1653 515 1714 καί
531 1650 657 1733 Δάφνον
679 1653 732 1716 τὸν
756 1651 941 1736 ἀσύγκριτον
964 1654 1017 1714 καί
1032 1651 1189 1715 Εὔτεκνον
1212 1653 1268 1714 καί
1284 1651 1361 1713 πάν-

181 1775 236 1829 τας
259 1753 331 1817 κατ’
352 1756 460 1838 ὄνομα.
507 1756 650 1838 ἔρρωσθε
672 1757 705 1820 ἑν
727 1757 829 1839 χάριτι
853 1760 942 1823 θεοῦ.

515 2382 601 2432 ΠΡΟΣ
621 2381 847 2432 ΠΟΛΥΚΑΡΠΟΝ
866 2381 1033 2433 ΙΓΝΑΤΙΟΣ.

144 2577 169 2613 ιι
272 2553 437 2639 Ἰγνάτιος,
462 2556 478 2618 ί
500 2558 553 2619 καί
579 2554 747 2636 Θεοφορος,
779 2553 980 2638 Πολυκάρπιρ
1005 2554 1166 2639 ἐπισκίπῳ
1191 2555 1362 2642 ἐκκλησίας

312 2660 512 2743 Σμυρναίων,
548 2658 668 2743 μᾶλλον
699 2656 938 2742 ἐπισκοπημὲνῳ
971 2659 1030 2722 ὑπὸ
1060 2662 1137 2725 θεοῦ
1168 2663 1288 2743 πατρὸς
1310 2663 1361 2724 καί

312 2765 419 2847 κυρίου
443 2763 546 2848 Ἰησοῦ
570 2763 717 2846 Χριστοῦ,
741 2762 872 2825 πλεῖστα
894 2762 1021 2845 χαίρειν.

250 2922 267 2974 2
285 2920 443 2994 θεοπρεπὲς
461 2920 482 2973 L
491 2937 511 2988 g
520 2920 567 2989 (A)
588 2937 593 2970 :
613 2917 765 2975 -πέστατον
784 2918 808 2972 G
832 2918 837 2987 Ι
858 2922 904 2973 καὶ
922 2919 968 2972 LA
978 2938 997 2988 g
1010 2938 1015 2971 :
1028 2921 1064 2985 >
1077 2919 1101 2973 G
1126 2922 1129 2987 Ι
1154 2920 1171 2973 5
1189 2923 1363 2990 πνευματικῇ

182 3007 319 3077 ΙιΑρι-Ι·
331 3005 362 3063 ἐν
379 3007 497 3065 ὀνόματι
517 3006 541 3060 G
563 3006 567 3075 Ι
590 3003 619 3061 ἐν
639 3004 703 3059 GL:
718 3009 784 3073 >g
807 3005 812 3072 Ι
838 3006 854 3058 8
874 3005 923 3072 τὰς
940 3006 1102 3077 παρθένους
1121 3005 1172 3073 τὰς
1189 3013 1248 3079 λεγ.
1270 3007 1361 3063 GLA:

181 3093 377 3166 άειπαρθένοις
393 3098 438 3150 καί
459 3095 508 3160 τὰς
527 3110 546 3161 g
570 3094 574 3161 Ι
596 3093 612 3145 9
630 3092 788 3161 πνεύματος
806 3091 878 3160 Gg:
893 3094 1000 3166 πατρὸς
1018 3092 1065 3146 LA
1083 3092 1190 3162 Lightf.
1211 3094 1247 3147 of.
1267 3095 1361 3164 Magri

181 3183 205 3242 3,
226 3182 239 3234 1
257 3182 261 3251 Ι
279 3181 311 3236 10
332 3180 432 3247 Τροίας
442 3179 488 3234 GL
502 3199 508 3232 :
521 3179 686 3249 I'ov'c'otch
698 3178 803 3248 Lightf.
822 3182 825 3243 Ι
844 3181 874 3233 11
893 3174 978 3249 iiim
995 3179 1017 3233 G
1035 3179 1039 3249 Ι
1057 3181 1089 3233 12
1107 3200 1156 3249 μοι
1174 3180 1360 3251 ΙιμιμουΰιΙ

183 3264 322 3324 Είτεκνον
334 3287 340 3320 ι
353 3268 458 3321 bonum
475 3265 564 3319 filium
581 3265 599 3327 1,
619 3261 749 3321 εὔτεκνον
767 3265 843 3317 Ζυλυι
859 3266 863 3335 Ι
882 3266 913 3318 13
934 3269 1004 3323 θεοῖ
1017 3266 1062 3320 :G
1082 3266 1251 3336 subscripsit
1270 3274 1364 3340 Σμυρ·

182 3359 268 3422 ναίοις
285 3353 341 3410 άπὸ
368 3354 497 3426 Τρωάδος
515 3357 543 3407 et
561 3353 589 3404 in
615 3351 713 3406 eadem
733 3352 809 3404 lineo
834 3353 961 3406 exaravit
978 3354 1196 3423 inscript-ionem
1222 3357 1362 3425 epistulas

182 3441 334 3507 sequentis,
353 3456 445 3508 neque
463 3456 528 3493 vero
547 3439 690 3499 librarius,
710 3443 742 3493 ut
761 3439 882 3493 editores
900 3440 1008 3509 priores
1027 3443 1215 3508 putaverunt,
1240 3443 1318 3497 hanc
1336 3446 1363 3496 et

182 3527 261 3580 illam
280 3526 428 3596 confudit!
447 3527 478 3579 15
497 3524 683 3597 ἐκκλησίας>
702 3527 720 3579 S
737 3528 740 3595 Ι
759 3527 790 3579 16
809 3532 917 3595 μᾶλλον
929 3530 962 3596 -I-
975 3527 1005 3584 δὲ
1023 3527 1044 3580 L
1061 3529 1064 3597 Ι
1083 3530 1114 3582 17
1133 3532 1232 3599 κυρίου
1242 3530 1362 3599 GSAg:

181 3619 216 3681 >
234 3614 255 3667 L
274 3614 379 3683 ωριτε.

182 3735 288 3790 licor.
309 3738 391 3800 11,1;
412 3735 562 3796 Ga1.5‚12;
581 3736 754 3804 Apoc.3‚15.
784 3736 895 3790 eosdem
923 3737 968 3790 vel
995 3754 1081 3790 unum
1110 3738 1239 3794 ordinem
1267 3742 1364 3796 fuisse.

216 3823 240 3875 2.
260 3823 479 3897 ciceroniani]
508 3822 636 3891 Respicit
653 3823 755 3877 falsam
783 3825 821 3876 Ar
840 3824 941 3877 Paulus
970 3841 1018 3877 eas
1046 3824 1216 3894 distinguit,
1249 3829 1286 3884 de
1305 3830 1364 3884 dior

183 3908 342 3962 doctrinam
362 3908 537 3964 Docetarum.
784 3912 901 3965 conissis
919 3912 931 3965 1
950 3912 1020 3965 Tim.
1039 3914 1062 3974 3,
1084 3915 1127 3977 11,
1157 3914 1192 3967 de
1212 3915 1308 3971 viduis
1327 3918 1364 3971 io

217 3995 289 4057 XIII,
310 3997 333 4048 l.
355 4017 377 4052 τ.
397 3995 556 4066 παρθένους
577 3996 647 4065 κτλ]
676 3996 755 4050 Coto·
783 4002 806 4057 5.
826 4001 911 4053 3-16
931 4014 1031 4066 sigeum
1053 4002 1082 4052 et
1102 4000 1189 4054 ctiam
1208 4003 1364 4074 mogisDi-

183 4079 908 4151 leriusintcrpretatur:diaconissas‚quaeIdoscalia
935 4091 963 4140 ct
994 4087 1220 4143 Constitutiones
1250 4098 1365 4161 aposto·

184 4167 307 4235 virgines
327 4174 407 4223 erant
420 4175 449 4225 et
462 4169 636 4224 vocabantur
646 4170 754 4223 viduae.
767 4144 770 4221 Ι
782 4172 873 4225 lorum
893 4190 940 4226 eos
960 4173 1135 4237 discernunt,
1155 4192 1242 4246 saepe
1265 4180 1365 4233 ambos

183 4251 267 4306 Ponit
290 4270 373 4323 ergo,
401 4256 498 4309 viduas
527 4260 554 4309 et
581 4256 1041 4327 diaconissas,commemorantes,
1059 4260 1192 4329 inprimis
1206 4265 1365 4331 qualitates
