2834 5018
115 314 250 381 CXVIII
556 307 840 364 euomconnun.

114 491 236 555 ximum
264 510 336 552 vere
358 485 510 572 diligens,
542 491 675 550 mortem
698 492 915 561 contemnens,
949 486 1020 550 illos
1044 489 1211 566 adrnirans,
1237 488 1292 572 qui

114 616 173 678 pro
195 593 317 657 iustitia
337 593 444 676 ignem
466 591 631 673 patirmtur
652 591 878 674 temporarium
901 591 939 673 (c.
966 589 1031 672 10).

203 696 240 761 In
262 697 418 781 capitibus
448 696 585 772 duobus,
618 717 698 779 quae
720 699 908 779 sequuntur,
942 697 1080 779 primum
1103 697 1141 760 de
1173 696 1293 759 divitiis

115 803 263 867 scientiae
287 807 319 864 et
340 799 466 864 virtutis
489 799 611 883 agitur,
647 821 725 882 quas
748 799 809 863 Dei
830 799 897 864 filio
927 800 1077 865 debemus
1105 800 1145 883 (o.
1172 800 1235 882 ll),
1261 806 1293 863 et

116 908 226 972 deinde
249 907 433 991 exponitur,
466 907 584 967 certam
615 904 828 987 cognitionem
850 909 883 968 et
904 926 1010 968 veram
1037 905 1137 969 vitam
1159 904 1294 969 alteram

115 1013 183 1076 sine
206 1011 307 1076 altera
328 1031 392 1074 non
414 1009 601 1084 consistere;
631 1010 664 1073 in
686 1011 833 1092 paradiso
855 1011 978 1094 lignum
1007 1011 1091 1075 vitae
1114 1016 1146 1074 et
1168 1011 1293 1096 lignum

116 1116 305 1199 cognitionis
327 1115 360 1178 in
382 1114 560 1197 propinquo
583 1113 762 1197 plantatum
785 1115 897 1193 fuisse,
929 1120 961 1179 et
983 1116 1072 1179 iuxta
1095 1115 1191 1179 verba
1215 1137 1292 1199 apo·

115 1221 190 1285 stoli
220 1218 433 1303 cognitionem
459 1219 584 1294 inflare,
616 1219 779 1283 caritatem
810 1221 984 1284 aedificare.
1031 1219 1093 1284 Sed
1121 1220 1291 1303 quaeritur,

115 1347 193 1388 num
214 1323 294 1387 haec
315 1322 421 1405 capita
443 1344 517 1405 pars
541 1323 605 1386 sint
627 1323 792 1406 epistulae.
839 1322 907 1387 Iam
929 1323 1086 1389 Henricus
1110 1323 1292 1408 Stephanus

116 1451 154 1495 ea
176 1427 344 1494 subditicio
366 1447 433 1490 esse
454 1428 581 1510 putavit
603 1427 732 1511 eiusque
762 1429 951 1492 sententiam
974 1428 1115 1512 Sylburg
1136 1433 1169 1492 et
1192 1427 1292 1492 Tille-

115 1538 204 1599 mont
225 1532 433 1617 repetierunt,
458 1531 573 1610 Bbhl1,
607 1531 822 1611 Grossheim²‚
856 1532 1030 1609 Semisch³,
1065 1533 1172 1610 Otto⁴,
1197 1531 1292 1595 Hoff-

116 1637 241 1713 mann⁶,
267 1636 322 1701 alii
343 1637 433 1700 novis
457 1636 652 1719 argumentis
684 1640 938 1721 comprobarunt.
985 1637 1099 1702 Hefele
1122 1642 1293 1722 postquam

115 1743 149 1807 in
170 1743 275 1827 prima
296 1743 428 1807 Patrum
452 1741 697 1825 apostolicorum
720 1743 856 1807 editione
877 1749 1002 1827 partem
1023 1744 1113 1807 illam
1135 1743 1291 1826 posterio-

116 1870 182 1911 rem
206 1847 374 1931 genuinam
398 1868 466 1911 esse
482 1846 651 1924 contendit,
676 1847 709 1910 in
732 1848 922 1913 editionibus
938 1848 1142 1933 sequentibus
1165 1869 1199 1911 re
1215 1848 1292 1910 sub·

115 1953 203 2017 tilius
236 1956 267 2016 et
290 1953 393 2016 acrius
422 1972 578 2034 perpensa
608 1951 645 2014 de
672 1952 739 2015 eins
766 1953 930 2017 authentia
960 1953 1129 2029 dubitavit,
1161 1951 1292 2016 etmihi

118 2078 243 2141 qnoque
265 2056 322 2119 illa
344 2055 451 2139 capita
473 2056 582 2139 spuria
604 2077 672 2119 esse
694 2057 847 2121 videntur.
894 2057 1042 2141 Namque
1068 2058 1171 2142 primo
1195 2078 1291 2140 argu-

115 2166 255 2226 mentum
272 2160 435 2244 epistulae,
460 2163 496 2222 ut
519 2182 556 2223 ex
573 2160 771 2242 expositione
787 2163 1013 2226 sententiarum
1029 2166 1171 2246 apparet,
1197 2184 1292 2244 quam

116 2288 212 2349 supra
235 2265 392 2340 dedimus,
426 2265 488 2328 iam
513 2266 617 2349 capite
642 2266 682 2329 10
706 2267 745 2329 ad
767 2267 862 2330 finem
892 2268 1079 2350 perductum
1106 2272 1163 2331 est.
1210 2266 1290 2331 Tum

116 2370 223 2454 capita
247 2370 285 2432 11
303 2373 335 2432 et
353 2369 392 2432 12
416 2390 488 2432 cum
510 2370 766 2435 antecedentibus
789 2371 916 2435 minime
932 2377 999 2435 tam
1022 2377 1089 2435 arte
1114 2373 1291 2447 cohaerent,

116 2497 211 2559 quam
241 2474 320 2538 haec
341 2473 424 2536 inter
452 2494 520 2537 sese
550 2495 690 2537 connexa
718 2478 800 2537 sunt.
847 2473 947 2550 Quid,
977 2476 1082 2559 inquit
1105 2475 1206 2551 Bohl,
1231 2475 1293 2539 sibi

115 2579 227 2644 volunt
260 2579 357 2643 verba
385 2576 421 2637 οὐ
446 2573 519 2652 ξένα
541 2574 640 2658 optio)
664 2575 736 2638 οὐδὲ
759 2576 948 2660 παραλόγως
982 2577 1089 2660 ζητῶὶ)
1125 2579 1208 2655 Quid
1230 2580 1292 2642 huc

116 2685 230 2749 attinet
252 2706 325 2748 eum
347 2703 493 2757 asserere,
518 2702 586 2745 sese
608 2680 645 2742 οὐ
667 2680 857 2763 παραλόγως
880 2682 993 2765 ζητεῖν,
1018 2706 1090 2748 cum
1111 2707 1168 2768 per
1191 2689 1293 2748 totam

116 2789 272 2872 epistulae
302 2787 531 2873 expositionem
552 2786 586 2849 in
616 2787 768 2851 tradenda
796 2787 870 2851 fidei
893 2788 1095 2872 evangelicae
1127 2811 1252 2853 summa
1275 2813 1294 2851 a

116 2893 335 2958 subtilioribus
365 2893 629 2976 quibuscumque,
661 2892 777 2955 nedum
806 2893 846 2957 ab
876 2892 992 2977 ineptis
1023 2893 1293 2977 disputationibus

115 2998 211 3082 plane
234 2998 421 3063 abstinuerit
450 2996 584 3078 ideoque
606 2995 791 3080 intellegere
814 2996 973 3074 debuerit,
1006 2997 1066 3061 hac
1089 2997 1293 3061 excusatione

116 3124 150 3166 se
173 3123 302 3185 prorsus
324 3122 388 3164 non
409 3100 573 3183 indigere?
596 3099 708 3183 Neque
732 3101 828 3164 etiam
843 3101 940 3165 verba
961 3100 1028 3177 illa,
1053 3124 1133 3185 quae
1148 3103 1293 3184 proxime

117 3210 309 3290 sequuntur:
334 3202 378 3277 τίς
401 3205 462 3284 γὰρ
486 3202 593 3283 ὀρθῶς
616 3202 777 3284 διδαχθεὶς
792 3202 861 3266 κτλ.
886 3205 960 3269 huic
980 3206 1135 3289 epistulae
1159 3227 1293 3269 consen-

116 3315 211 3374 tanea
233 3331 302 3373 esse
324 3310 477 3373 videntur.
525 3307 604 3372 Cum
626 3310 710 3373 enim
733 3315 887 3393 appareat
909 3332 925 3374 e
948 3312 1116 3376 verborum
1131 3315 1292 3384 contextu,

118 3415 303 3498 pronomine
326 3411 370 3484 τίς
392 3413 565 3498 significari
587 3413 731 3494 μαθητὴν
755 3413 902 3497 aliquem,
928 3416 1125 3499 cognitiones
1148 3415 1188 3478 ab
1212 3437 1293 3498 apo·

118 3520 208 3585 stolis
231 3520 374 3596 traditas,
399 3519 437 3582 de
461 3518 574 3602 quibus
597 3518 690 3582 modo
713 3519 793 3582 dixit
815 3523 933 3595 auctor,
959 3520 1019 3584 sibi
1041 3519 1214 3584 ministrari
1237 3541 1293 3583 cu-

116 3625 274 3708 pientem:
299 3624 439 3688 videmus
454 3622 506 3685 hic
522 3622 680 3706 designari
704 3622 891 3705 discipulum
914 3623 948 3686 in
963 3623 1105 3687 doctrina
1120 3623 1194 3687 fidei
1209 3628 1294 3687 recto

117 3729 264 3793 edoctmn
285 3728 412 3811 iamque
435 3725 617 3791 sublimiore
642 3727 777 3810 quadam
801 3727 837 3791 de
860 3728 953 3791 rebus
976 3728 1089 3791 divinis
1112 3728 1294 3811 cognitione

189 3915 201 3967 1
223 3915 368 3984 Opuscula
384 3916 499 3985 patrum
516 3913 620 3967 selecta
637 3913 657 3977 l,
679 3915 823 3970 115-123.

187 4004 204 4055 2
223 4003 264 4055 Dc
284 4001 406 4071 epistola
425 4002 461 4055 ad
479 4001 650 4072 Diognetum
669 4020 696 4071 p.
716 4004 750 4059 30
768 4019 829 4068 sqq.

188 4088 204 4139 3
223 4090 317 4143 lustin
336 4091 383 4144 der
399 4091 541 4158 Mdrtyrer
558 4088 578 4150 Ι,
600 4089 656 4142 174.

187 4176 204 4227 4
223 4175 264 4229 De
283 4174 402 4245 epistola
421 4176 457 4228 ad
476 4175 575 4246 Diogn.
589 4193 616 4243 p.
630 4176 741 4229 84-92.
760 4175 849 4244 Epist.
868 4176 903 4228 ad
922 4175 1022 4245 Diogn.
1036 4175 1078 4228 ed.
1091 4175 1117 4228 H
1135 4194 1162 4245 p.
1176 4177 1290 4231 56-61.

187 4264 203 4315 5
222 4262 350 4317 Iustinus
368 4264 415 4318 des
432 4263 518 4316 Mun.
537 4263 621 4328 Brtcs
635 4279 672 4316 aa
690 4262 807 4331 Dioqth
825 4280 852 4331 p.
872 4264 895 4319 3.
