2834 5018
181 295 245 360 204
643 288 669 342 11
688 286 890 342 cssmsssss

181 467 258 532 Ἔτι
280 465 466 546 λαλοῦντός
490 487 552 529 σου
568 465 651 549 ἐρῷ·
675 463 768 528 Ἰδού
785 466 933 549 πάρειμι.
980 470 1010 531 4.
1033 475 1124 529 τοῦτο
1139 467 1200 549 γὰρ
1223 466 1259 527 τδ
1275 464 1358 548 ῥῆμα

83 590 87 595 ’
182 570 320 655 μεγάλης
343 570 425 633 ἐστὶν
449 567 636 653 ἐπαγγελίας
659 577 803 653 σημεῖον·
836 568 1028 653 ἑτοιμότερον
1051 572 1111 655 γάρ
1139 569 1250 634 ἑαυτόν
1274 567 1357 653 λέγει

182 675 326 758 όκύριος
348 675 391 751 εἰς
412 676 448 737 τό
470 673 586 737 διδόναι
610 681 665 735 τοῦ
692 673 859 748 αἰτοῦντος.
907 678 936 740 5.
961 674 1114 759 τοσαύτης
1145 671 1199 738 ούν
1221 673 1356 758 χρηστό-

182 802 272 866 τητος
294 777 583 864 μεταλαμβάνοντες
612 780 654 861 μὴ
679 776 890 861 φθονήσωμεν
922 778 1043 854 ἑαυτοῖς
1065 787 1169 862 τυχεῖν
1200 777 1356 841 τοσούτων

155 886 326 970 υάγαθῶν.
371 885 447 968 όσην
470 884 530 966 γάρ
552 881 666 965 ἡδονὴν
690 882 755 965 ἔχει
777 884 816 944 τά
839 882 962 966 ῥήματα
984 894 1082 946 ταῦτα
1105 892 1168 959 τοῖς
1191 881 1356 967 ποιήσασιν

182 990 271 1070 αὐτά,
295 988 449 1073 τοσαύτην
472 987 656 1069 κατάκρισιν
679 987 745 1070 ἔχει
768 996 831 1061 τοῖς
854 988 1101 1069 παρακούσασιν.

268 1095 354 1161 XVI.
378 1091 493 1171 Ὥστε,
522 1090 669 1174 ἀδελφοί,
700 1091 842 1175 ἀφορμὴν
870 1092 1017 1178 λαβόντες
1050 1096 1085 1157 ού
1114 1095 1225 1177 μικράν
1256 1092 1300 1167 εἰς
1322 1093 1356 1155 τό

182 1209 381 1284 μετανοῆσαι,
403 1199 512 1281 καιρόν
535 1197 660 1280 ἔχοντες
683 1196 916 1280 ἐπιστρέψωμεν
933 1197 981 1260 ἐπί
1005 1200 1057 1262 τόν
1080 1197 1261 1262 καλέσαντα
1277 1197 1356 1282 ἡμᾶς

183 1304 270 1383 θεόν,
294 1305 353 1379 ἕως
375 1304 420 1366 ἐτι
443 1303 556 1386 ἔχομεν
578 1303 632 1364 τόν
658 1301 915 1385 παραδεχόμενον
938 1301 1029 1386 ἡμᾶς.
1075 1307 1105 1370 2.
1130 1303 1184 1367 ἐάν
1208 1305 1269 1388 γάρ
1292 1311 1356 1377 ταῖς

143 1433 168 1470 ιο
181 1407 388 1492 ἡδυπαθείαις
410 1406 536 1480 ταύταις
559 1403 793 1488 ἀποταξύμεθα
823 1407 876 1468 καί
900 1407 955 1488 τὴν
978 1405 1081 1490 ψυχὴν
1112 1407 1200 1491 ἡμῶν
1223 1406 1356 1490 νικήσω-

182 1534 237 1596 μεν
270 1512 369 1595 ἐντῷ
401 1514 442 1595 μὴ
465 1519 563 1574 ποιεῖν
593 1512 648 1584 τάς
680 1509 847 1593 ἐπιθυμίας
876 1511 972 1593 αύτης
1002 1512 1057 1587 τάς
1080 1512 1234 1595 πονηράς,
1265 1532 1355 1594 μετα-

181 1616 352 1702 ληψόμεθα
375 1626 428 1679 τοῦ
452 1614 558 1690 ἐλέους
582 1613 695 1699 Ἰησοῦ.
741 1618 771 1681 3.
795 1612 965 1699 γινώσκετε
995 1613 1045 1694 δέ,
1074 1618 1120 1678 ότι
1144 1618 1276 1701 ἔρχεται
1298 1614 1355 1698 ἤδη

181 1725 203 1806 ἀγ
225 1723 334 1807 ἡμέρα
357 1731 411 1804 τῆς
432 1719 564 1803 κρίσεως
586 1723 632 1800 ὡς
656 1718 815 1803 κλίβανος
846 1722 1042 1800 καιόμενος,
1072 1721 1128 1785 καί
1151 1722 1357 1804 τακήσονταί

181 1846 260 1900 τινες
283 1830 353 1889 τῶν
382 1827 541 1909 οὐρανῶν
572 1823 625 1885 καί
655 1832 743 1885 πᾶσα
764 1822 784 1905 ἡ
806 1832 847 1906 γη
871 1821 913 1898 ὡς
937 1823 1062 1909 μόλιβος
1092 1823 1141 1886 ἐπὶ
1169 1826 1241 1906 πυρί
1264 1823 1355 1908 τηκό-

142 1955 167 1993 ιτ
181 1948 286 2016 μενος·
319 1930 373 1992 καί
396 1928 466 1991 τότε
490 1926 660 2009 φανήσεται
690 1928 729 1989 τά
751 1927 868 2010 κρύφια
890 1929 945 1991 καί
969 1931 1087 2012 φανερά
1110 1930 1186 2014 ἔργα
1218 1937 1281 1992 τῶν
1304 1929 1355 1991 άν-

182 2034 330 2119 θριύπων.
376 2037 407 2100 4.
430 2031 529 2096 καλόν
552 2029 606 2096 ούν
622 2031 814 2116 ἐλεημοσύνη
838 2032 880 2107 ὡς
902 2033 1050 2115 μετάνοια
1066 2032 1231 2117 ἁμαρτίας
1254 2032 1355 2115 κρείσ-

181 2163 245 2204 σων
277 2138 403 2223 νηστεία
434 2146 625 2220 προσευχῆς,
656 2135 847 2221 ἐλεημοσύνη
880 2137 914 2199 δέ
946 2137 1145 2221 ἀμφοτέρων·
1181 2139 1298 2222 ἀγάπη
1321 2137 1356 2202 δὲ

181 2246 345 2311 καλύπτει
368 2242 503 2327 πλῆθος
526 2244 711 2326 ἁμαρτιῶν,
734 2245 894 2326 προσευχὴ
920 2242 954 2305 δὲ
977 2241 1014 2304 ἐκ
1036 2241 1136 2325 καλῆς
1152 2242 1356 2326 συνειδήσεως

181 2350 218 2413 ἐκ
241 2349 382 2415 θανάτου
405 2347 520 2431 ῥύεται.
565 2346 716 2428 μακάριος
739 2356 799 2421 πᾶς
822 2346 839 2409 ό
862 2347 1001 2430 εὑρεθεὶς
1025 2346 1057 2409 ἐν
1079 2345 1198 2422 τούτοις
1221 2346 1355 2432 πλήρης·

142 2475 167 2513 σο
181 2453 373 2539 ἐλεημοσύνη
396 2453 456 2536 γάρ
477 2449 636 2533 κούφισμα
659 2449 812 2532 ἁμαρτίας
834 2449 960 2534 γίνεται.

268 2560 371 2625 XVII.
396 2554 645 2637 Μετανοήσωμεν
669 2552 723 2617 ούν
747 2554 779 2631 ἐξ
802 2554 877 2638 όλης
900 2555 1039 2638 καρδίας,
1062 2557 1114 2619 ἵνα
1136 2555 1178 2639 μή
1201 2577 1246 2631 τις
1268 2554 1355 2640 ἡμῶν

180 2662 408 2747 παραπόληται.
454 2660 481 2722 εἰ
504 2661 564 2743 γάρ
587 2657 714 2734 ἐντολάς
737 2660 867 2742 ἔχομεν,
891 2661 943 2722 ἵνα
966 2662 1019 2723 καί
1043 2669 1134 2723 τοῦτο
1157 2660 1354 2743 πράσσωμεν,

181 2770 243 2832 ἀπό
272 2777 333 2831 τῶν
364 2763 501 2829 εἰδώλων
535 2764 681 2826 ἀποσπᾶν
710 2765 763 2826 καί
796 2773 964 2847 κατηχεῖν,
998 2763 1085 2847 πόσῳ
1109 2762 1230 2846 μᾶλλον
1253 2763 1354 2846 ψυχὴν

179 2872 238 2957 ἤδη
268 2869 484 2956 γινώσκουσαν
514 2868 567 2930 τδν
600 2868 677 2932 θεόν
707 2868 742 2928 ού
766 2867 812 2929 δεῖ
844 2866 1061 2944 ἀπόλλυσθαι;
1096 2872 1126 2934 2.
1151 2867 1354 2953 συλλάβωμεν

140 2974 234 3040 mss
257 2976 379 3050 ἑαυτοῖς
401 2975 453 3036 καί
477 2974 548 3046 τοὺς
571 2972 784 3046 ἀσθενοῦντας
807 2971 933 3055 ἀνάγειν
956 2974 1023 3054 περὶ
1047 2973 1082 3034 τό
1106 2971 1248 3056 ἀγαθόν,
1273 2973 1354 3045 ὅπως

180 3084 337 3164 σωθῶμεν
361 3081 495 3151 ἅπαντες
517 3077 570 3138 καί
594 3074 827 3159 ἐπιστρέψωμεν
850 3075 1007 3159 ἀλλήλους
1029 3077 1082 3138 καί
1103 3074 1353 3158 νουθετήσωμεν.

180 3189 209 3252 3.
227 3186 280 3247 καί
303 3186 344 3267 μὴ
368 3182 461 3266 μόνον
485 3183 552 3263 ἄρτι
569 3181 711 3262 δοκῶμεν
734 3181 888 3244 πιστεύειν
911 3183 965 3244 καί
983 3180 1148 3263 προσέχειν
1172 3179 1205 3244 ἐν
1228 3188 1273 3264 τῷ
1288 3201 1354 3244 νου-

181 3290 347 3354 θετεῐσθαι
369 3284 451 3367 η’μοῖς
480 3284 540 3346 ύπδ
562 3292 624 3345 των
655 3282 885 3367 πρεσβυτέρων,
917 3283 1000 3346 ἀλλά
1023 3285 1077 3345 καί
1104 3285 1180 3346 όταν
1204 3284 1248 3359 είς
1271 3283 1353 3348 οἶκον

249 3424 265 3477 9
284 3425 510 3497 παραδεχόμενον
522 3422 547 3474 H
560 3438 566 3471 :
579 3423 690 3489 patrem
703 3420 752 3487 qui
763 3419 868 3489 accipit
882 3422 950 3494 (πρα
962 3423 1123 3493 δεχόμενον)
1141 3420 1158 3474 S
1175 3423 1179 3489 Ι
1199 3423 1230 3476 12
1250 3421 1354 3494 Ἰησοῦτ

181 3511 287 3566 domini
313 3510 404 3564 nostri
431 3509 491 3562 Iesu
520 3506 661 3562 christis
685 3508 690 3577 1
715 3508 748 3561 22
772 3505 820 3563 ‘iva
838 3548 864 3560 ..
883 3510 1054 3580 πράσσωμεν
1071 3508 1286 3580 διπράσσομεν
1304 3508 1351 3577 Η]

180 3600 214 3653 28
232 3616 272 3665 sq.
292 3598 331 3665 εἰς
350 3593 427 3654 πότον
443 3594 542 3652 ἀπαλλ
556 3614 562 3647 ι
575 3596 688 3649 domum
700 3595 810 3648 dimissi
829 3595 964 3648 fuerimus
983 3598 1012 3648 et
1031 3596 1232 3649 cessaverimus
1251 3597 1287 3650 ab
1299 3614 1353 3650 om-

180 3686 263 3738 nibus
282 3686 299 3738 S
319 3685 354 3736 cf.
375 3685 415 3743 14,
433 3683 450 3734 4

216 3810 239 3860 3.
259 3804 298 3863 ἔτι
316 3812 468 3872 λαλοῦντος
493 3804 563 3872 κτλ]
599 3804 640 3857 Cf.
670 3803 824 3869 Barn.!Cf.
845 3804 960 3858 11Ροίτ.
979 3807 1010 3869 3,
1032 3805 1132 3859 10.11.
1158 3805 1185 3858 S.
1211 3805 1355 3875 Scriptura

180 3894 204 3947 3.
224 3896 253 3947 5:
282 3892 366 3947 Clem.
394 3892 437 3945 Al.
465 3891 565 3945 δίπουν.
585 3891 650 3954 VII,
671 3892 700 3953 7,
719 3891 753 3943 49
781 3892 831 3944 Iss.
853 3892 893 3955 34,
912 3894 931 3945 4
950 3892 1012 3947 Ioco
1031 3891 1108 3946 vocis
1127 3913 1201 3960 τινες
1224 3893 1312 3948 habet
1328 3891 1355 3949 αί

180 3997 207 4047 μ.
226 3982 284 4033 861.
767 3950 916 4051 ]δι·νάμιις.
937 3982 965 4031 st
983 3977 1132 4049 hightfoot
1150 3979 1264 4041 conicit,
1283 3980 1355 4034 banc

215 4068 240 4117 4.
259 4063 413 4132 αἰτοῦντος]
433 4080 469 4117 sc.
489 4064 527 4131 είς
545 4066 578 4121 τό
597 4065 692 4122 αἰτεῖν.
766 4065 931 4145 {lectionem
950 4083 1011 4121 esse
1029 4066 1189 4135 genuinam.

218 4150 288 4211 XVI,
307 4153 331 4205 3.
351 4148 459 4225 ἔρχεται
475 4150 545 4219 κτλ]
572 4150 614 4204 ef.
635 4151 661 4205 II
680 4148 770 4213 Ρείτ]
815 4153 840 4204 4.
858 4155 944 4208 καλὸν
970 4153 1040 4222 κτλ]
1070 4154 1112 4207 cf.
1132 4152 1201 4207 Tob.
1224 4155 1269 4217 12,
1289 4155 1313 4210 8.
1330 4154 1355 4209 9.

183 4236 207 4297 2,
226 4238 257 4297 9;
284 4239 308 4299 3,
328 4242 412 4293 7.·-
436 4242 481 4294 καί
501 4242 665 4309 τακὴσονται
682 4239 752 4308 κτλ]
765 4226 769 4295 ί
781 4238 825 4291 Ad
844 4240 917 4292 hunc
931 4241 1052 4293 maxime
1070 4239 1164 4294 locum
1177 4240 1357 4295 referendum
