2834 5018
177 363 239 428 196
638 357 664 411 11
682 357 885 413 cnnnnnnis

264 537 301 601 X.
325 533 432 613 Ὥστε,
456 534 585 617 ἀδελφοί
600 556 670 620 μου,
693 532 872 618 ποιήσωμεν
887 536 923 598 τὸ
947 534 1073 618 θέλημα
1088 543 1143 598 τοῦ
1165 538 1282 618 πατρὸς
1297 544 1350 598 τοῦ

177 639 370 716 καλέσαντος
391 640 482 724 ἡμᾶς,
504 642 555 703 ίνα
571 640 724 724 ζήσωμεν,
748 641 801 703 καί
825 638 983 722 διώξωμεν
999 638 1118 722 μᾶλλον
1141 640 1197 721 τὴν
1221 638 1348 722 ἀρετήν·

174 746 231 827 τὴν
254 744 287 807 δέ
303 743 417 808 κακίαν
440 745 680 828 καταλείψωμεν
696 745 738 821 ὡς
755 744 978 827 προοδοιπόρον
994 754 1055 808 τῶν
1079 744 1236 827 ἁμαρτιῶν
1251 742 1349 828 ἡμῶν,

178 850 231 912 καί
255 849 401 934 φύγωμεν
423 853 478 933 τὴν
502 850 657 936 ἀσέβειαν,
682 853 723 934 μὴ
739 849 820 933 ἡμᾶς
843 848 1008 934 καταλάβῃ
1023 849 1118 914 κακά.
1165 852 1194 913 2.
1220 846 1275 910 ἐὰν
1291 849 1350 932 γὰρ

149 954 404 1036 τσπουδάσωμεν
428 955 649 1038 ἀγαθοποιεῖν,
680 954 821 1031 διώξεται
843 953 925 1037 ἡμᾶς
949 953 1061 1037 εἰρήνη.
1108 955 1138 1018 3.
1162 953 1213 1015 διὰ
1235 952 1349 1036 ταύτην

176 1059 237 1142 γὰρ
260 1060 315 1140 τὴν
338 1059 438 1121 αἰτίαν
461 1060 520 1122 οὐκ
542 1059 624 1123 ἐστιν
647 1059 745 1141 εὑρεῖν
769 1061 948 1141 ἄνθρωπον,
972 1060 1081 1132 οίτινες
1103 1057 1279 1141 παράγουσι
1296 1057 1349 1139 ρό-

179 1161 251 1248 βους
274 1162 507 1244 ἀνθρωπίνους,
536 1162 741 1247 προῃρημένοι
773 1162 893 1246 μᾶλλον
916 1165 971 1245 τὴν
994 1162 1111 1228 ἐνθάδε
1134 1162 1308 1226 ἀπόλαυσιν
1330 1163 1349 1246 ἡ

178 1268 234 1348 τὴν
257 1264 432 1348 μέλλουσαν
448 1265 646 1351 ἐπαγγελίαν.
679 1270 708 1331 4.
733 1267 897 1351 ἀγνοοῦσιν
919 1267 990 1351 γάρ,
1005 1266 1116 1351 ἡλίκην
1132 1267 1197 1349 ἔχει
1214 1266 1350 1351 βάσανον

177 1369 197 1453 ἡ
221 1369 337 1436 ἐνθάδε
359 1370 540 1450 ἀπόλαυσις,
564 1373 617 1434 καί
640 1371 709 1434 οἵαν
731 1372 848 1453 τρυφὴν
864 1371 928 1453 ἔχει
951 1368 971 1452 η
994 1370 1153 1454 μέλλουσα
1168 1370 1349 1455 ἐπαγγελία.

137 1494 162 1530 ω
178 1475 210 1539 5.
234 1473 287 1535 καί
312 1475 338 1536 εἰ
361 1474 416 1558 μὲν
439 1475 526 1537 αὐτοὶ
558 1475 645 1558 μόνοι
668 1483 766 1537 ταῦτα
788 1475 960 1557 ἔπρασσον,
991 1476 1121 1538 ἀνεκτὸν
1150 1473 1204 1559 ἦν·
1240 1484 1294 1538 νῦν
1317 1475 1350 1538 δὲ

178 1577 372 1661 ἐπιμένουσιν
394 1578 736 1654 κακοδιδασκαλσῦντες
759 1581 814 1654 τάς
836 1579 991 1655 ἀναιτίους
1008 1580 1120 1663 ψυχάς,
1143 1581 1202 1642 οὐκ
1225 1580 1349 1654 εἰδότες,

175 1684 221 1745 ότι
245 1684 353 1766 δισσὴν
375 1682 495 1760 ἕξουσιν
519 1686 573 1766 τὴν
596 1684 712 1766 κρίσιν,
743 1683 830 1747 αῦτοί
852 1704 886 1746 τε
917 1684 970 1745 καί
994 1684 1023 1746 οί
1045 1683 1212 1758 ἀκούοντες
1236 1685 1347 1747 αὐτῶν.

263 1789 318 1854 ΧΙ.
345 1786 451 1871 Ἡμεῖς
474 1785 528 1851 οόν
551 1787 583 1851 ἐν
606 1791 737 1872 καθαρᾷ
759 1788 872 1872 καρδίᾳ
886 1787 1103 1871 δουλεόσωμεν
1125 1795 1168 1871 τῷ
1194 1790 1274 1871 θεῷ,
1297 1789 1348 1850 καί

174 1890 316 1975 ἐσόμεθα
345 1892 478 1955 δίκαιοι·
513 1892 568 1955 ἐὰν
595 1893 630 1955 δὲ
659 1894 701 1975 μὴ
735 1891 951 1975 δουλεόσωμεν
981 1893 1089 1954 διὰτὸ
1121 1894 1162 1974 μὴ
1196 1892 1348 1956 πιστεύειν

135 1995 257 2080 1δήμοις
279 2006 318 2080 τῇ
341 1996 512 2080 ἐπαγγελίᾳ
534 2006 588 2059 τοῦ
613 1999 701 2076 θεοῦ,
725 1996 916 2079 ταλαίπωροι
939 1996 1090 2079 ἐσόμεθα.
1136 1999 1166 2061 2.
1190 1995 1276 2081 λέγει
1291 1999 1348 2082 γὰρ

174 2102 228 2162 καί
244 2101 261 2163 ό
284 2102 473 2184 προφητικός
488 2100 596 2185 λόγος·
625 2100 845 2187 Ταλαίπωροί
859 2104 946 2165 εἰσιν
969 2104 1000 2165 οἱ
1016 2100 1164 2182 δίψυχοι,
1189 2105 1220 2165 οἱ
1237 2101 1348 2167 διστά-

175 2204 290 2285 ζοντες
313 2210 355 2290 τῇ
377 2203 514 2291 καρόίμ,
547 2207 578 2269 οἱ
600 2204 770 2288 λέγοντες·
809 2205 922 2270 Ταῦτα
945 2205 1052 2270 πάλαι
1074 2207 1273 2288 ἠκούσαμεν
1295 2208 1347 2271 καί

176 2308 232 2372 ἐπί
255 2315 325 2373 τῶν
348 2311 507 2395 πατέρων
529 2312 639 2392 ἡμῶν,
662 2313 757 2393 ἡμεῖς
782 2309 818 2374 ὁὲ
840 2311 972 2395 ἡμέραν
994 2308 1031 2390 ἐξ
1053 2311 1180 2394 ἡμέρας
1205 2310 1348 2397 προσδε-

174 2413 313 2492 χόμενοι
336 2412 436 2477 οὐδὲν
458 2416 589 2477 τούτων
605 2415 813 2498 ἑωράκαμεν.
846 2416 876 2479 3.
901 2416 1049 2498 ἀνόητοι,
1067 2414 1257 2498 συμβάλετε
1273 2417 1347 2480 ἑαυ-

135 2526 161 2564 20
175 2517 252 2595 τοὺς
287 2513 393 2599 ξύλῳ·
429 2516 549 2599 λάβετε
581 2517 752 2598 ἄμπελον·
788 2523 927 2603 πρῶτον
956 2518 1021 2598 μὲν
1048 2516 1249 2603 φυλλοροεῖ,
1279 2519 1348 2583 είτα

173 2618 319 2702 βλαστὸς
342 2622 487 2703 γίνεται,
509 2623 595 2702 μετὰ
618 2629 724 2687 ταῦτα
747 2621 880 2706 ὄμῳαξ,
904 2624 976 2686 εἶτα
999 2623 1156 2707 σταφυλὴ
1180 2644 1347 2709 παρεστη-

174 2731 261 2788 κυῑα.
310 2730 339 2791 4.
365 2729 472 2806 οὕτως
505 2729 560 2791 καί
590 2730 608 2791 ὁ
640 2727 722 2809 λαός
752 2750 819 2809 μου
842 2729 1093 2806 ἀκαταστασίας
1123 2728 1180 2790 καί
1210 2725 1347 2807 θλίψεις

173 2829 288 2910 ἔσχεν·
322 2829 438 2893 ἔπειτα
465 2831 682 2916 ἀπολήψεται
712 2833 753 2896 τὰ
782 2831 907 2915 ἀγαθά.
956 2836 984 2898 5.
1011 2832 1101 2910 ὥστε,
1125 2830 1258 2914 ἀδελφοί
1280 2853 1347 2915 μου,

174 2936 216 3016 μὴ
239 2933 428 3018 διψυχιῑιμεν,
451 2936 534 2999 ἀλλὰ
558 2936 738 3012 ἐλπίσαντες
760 2937 983 3020 ὑπομείνωμεν,
1006 2938 1058 2999 ίνα
1080 2937 1133 2998 καί
1157 2938 1210 2998 τόν
1235 2938 1347 3019 μισθόν

135 3047 161 3085 ²⁶
174 3037 391 3122 κομισώμεθα.
416 3043 445 3106 6.
469 3043 576 3116 πιστός
591 3042 651 3125 γάρ
667 3040 749 3105 ἐστιν
765 3041 781 3103 ό
798 3040 1063 3125 ἐπαγγειλάμενος
1079 3042 1135 3114 τὰς
1151 3040 1347 3124 ἀντιμισθίας

173 3143 353 3206 ἀποδιδόναι
376 3143 499 3227 ἑκάστῳ
523 3146 706 3228 τιῦνρέργων
730 3145 834 3209 αὐτοῦ.
883 3148 911 3210 7.
937 3143 991 3205 ἐὰν
1015 3140 1069 3206 οὖν
1091 3143 1272 3227 ποιήσωμεν
1295 3145 1347 3225 τὴν

175 3246 372 3331 δικαιοσύνην
395 3248 532 3311 ἐναντίον
555 3258 610 3311 τοῦ
634 3252 722 3327 θεοῦ,
746 3249 909 3332 είσήξομεν
933 3249 976 3324 είς
998 3250 1054 3331 τὴν
1078 3247 1238 3332 βασιλείαν
1255 3250 1347 3312 αὐτοῦ

245 3388 376 3454 1μου>
395 3386 420 3438 Η
436 3388 440 3455 Ι
457 3388 473 3440 3
491 3384 697 3460 ἁμαρτημάτων
716 3387 864 3460 ΗΙόγάρ
884 3386 992 3443 Δὸιόὲ
1009 3385 1036 3438 Η
1052 3389 1055 3453 Ι
1072 3389 1087 3440 1
1106 3387 1347 3459 προρρημίνοιΑι

174 3472 388 3544 προαιρούμενοι
407 3471 432 3534 S,
451 3474 663 3546 προαιρούμεθα
681 3475 707 3527 Η
728 3477 732 3543 Ι
754 3475 907 3533 ἀπόλαυσιν
925 3475 989 3528 AS:
1004 3473 1158 3531 ἀνάπαυσιν
1176 3474 1203 3527 Η
1225 3476 1228 3543 Ι
1252 3473 1347 3530 &civri-

173 3578 273 3625 παυσις
291 3558 316 3610 Η
342 3559 345 3628 Ι
373 3561 405 3613 14
423 3561 456 3615 τό
474 3560 645 3618 ΗὸιτουΑ
670 3564 673 3631 Ι
701 3564 731 3616 17
751 3563 833 3620 πάλαι
854 3562 1032 3618 Ηθιπα...
1051 3562 1076 3612 Α
1100 3561 1104 3630 Ι
1128 3561 1289 3631 ἠκούσαμεν
1306 3561 1347 3612 A:

174 3646 311 3716 ἠκούομεν
328 3646 373 3701 HS
389 3649 393 3715 Ι
410 3648 442 3701 21
460 3649 532 3717 μετὰ
551 3659 638 3706 ταῦτα
656 3650 699 3704 As
713 3670 719 3703 z
732 3647 792 3707 εἶτα
811 3651 837 3703 Η
853 3652 857 3720 Ι
873 3655 1000 3721 σταφυλὴ
1018 3649 1060 3703 As
1075 3667 1081 3700 z
1094 3649 1215 3722 βλαστὸς
1232 3648 1259 3701 Η

208 3767 241 3832 X,
262 3771 285 3822 1.
312 3771 528 3843 προοδοιπόρον]
571 3771 613 3825 ef.
640 3771 694 3828 Iac.
725 3776 746 3836 1,
759 3799 762 3863 γ
775 3774 897 3827 nondum
916 3771 1014 3840 scripti
1034 3773 1130 3832 erant,
1159 3769 1261 3824 folium
1279 3772 1347 3825 exci-

177 3855 215 3907 14.
238 3856 277 3907 15.
759 3858 850 3937 Ιόίειε
863 3858 907 3912 vel
926 3860 963 3914 ob
976 3857 1100 3926 Sibyllae
1118 3859 1291 3914 mentionem
1305 3876 1347 3913 ex·

209 3940 232 3993 3.
252 3939 351 4014 εὑρεῖν]
371 3960 407 3996 sc.
427 3943 541 4016 είριΙνην.
580 3946 623 4000 cf.
641 3944 684 3998 Ps.
705 3945 746 4008 33,
760 3966 763 4023 γ
775 3951 880 4001 sectam
899 3962 961 4000 esse
987 3950 1108 4015 putans,
1136 3945 1190 3998 hoc
1211 3945 1275 4001 loeo
1294 3946 1347 4001 duo

176 4025 284 4081 10-15.
309 4060 343 4067 —-
367 4026 527 4102 ἄνθρωπον,
547 4028 656 4101 οἵτινες]
677 4032 747 4087 Con·
760 4050 762 4109 γ
775 4035 936 4102 fragmenta
956 4032 1131 4087 Clementina
1148 4031 1257 4098 inserit,
1277 4051 1348 4102 quae

56 4186 61 4195 γ
174 4114 291 4167 structio
312 4116 385 4169 haud
403 4134 474 4170 rara„
512 4118 553 4172 Cf.
573 4119 625 4172 les.
644 4120 686 4179 51,
708 4119 747 4172 12.
774 4121 892 4174 Ioannes
911 4122 991 4175 Dani.
1012 4121 1098 4175 Sacra
1116 4118 1219 4173 Parnll.
1240 4121 1281 4175 ed.
1301 4120 1348 4174 Ιιε·

175 4197 353 4270 Hilgenfeld,
381 4210 447 4273 post
473 4223 570 4260 vocem
593 4202 761 4291 ἄνθρωπονΙ
775 4208 859 4273 quien
877 4207 919 4271 ΙΙ,
938 4208 1007 4272 287,
1034 4207 1082 4262 PG
1100 4207 1150 4270 96,
1178 4207 1246 4270 538,
1274 4207 1347 4269 flou,

173 4285 233 4340 iam
251 4303 283 4342 eo
303 4291 436 4360 tempore,
457 4309 512 4359 quo
532 4293 643 4346 codices
655 4293 745 4347 nostri
758 4296 761 4361 Ι
774 4294 936 4364 Γναρνιεκίο
953 4312 981 4363 μ.
996 4293 1034 4358 13,
1054 4296 1083 4348 εί
1100 4291 1348 4348 Pseudo-Iustinus
