2834 5018
194 339 359 407 cmlv
632 334 915 392 raonncounnn

193 515 288 580 tertio
311 515 466 580 addidisse
489 514 556 579 Vis.
572 514 620 578 IV
642 513 692 578 vel
723 514 879 597 redegisse
902 513 969 578 Vis.
986 512 1107 588 1-1V;
1141 519 1210 579 tum
1233 537 1366 600 compo·

193 620 293 684 suisse
308 619 375 684 Vis.
392 619 423 683 V
435 655 476 663 —
490 618 564 683 Sim.
581 618 669 697 V111,
693 619 803 683 deinde
825 619 908 683 hanc
923 619 1112 702 scripturam
1134 619 1184 683 vel
1200 618 1366 685 Pastorem

193 746 265 787 cum
286 723 368 788 libro
391 723 557 789 Visionum
580 724 777 789 coniunxisse
801 729 832 788 et
848 723 922 788 Sim.
940 722 986 788 IX
1009 723 1205 799 adiunxisse;
1230 723 1366 805 denique

192 827 253 891 hoc
275 849 356 911 opus
378 827 590 893 Similitudine
606 826 637 890 X
666 831 793 890 auctum
822 826 963 890 edidisse.
1010 824 1217 910 Argumenta,
1251 827 1366 910 quibus

192 932 279 997 nisus
303 939 359 1009 est,
383 933 462 998 mihi
483 955 546 997 non
567 936 799 1016 persuaserrmt.
843 931 1001 1014 Equidem
1022 952 1085 995 non
1107 930 1206 1007 video,
1231 952 1286 995 cur
1305 931 1366 994 Vi·

192 1037 295 1101 siones
318 1059 381 1102 non
404 1059 441 1101 eo
464 1036 581 1113 ordine,
607 1058 669 1119 quo
691 1036 825 1100 traditae
848 1038 931 1113 sunt,
955 1036 1092 1120 scriptae
1108 1035 1233 1099 fuerint.
1270 1034 1367 1099 Haud

193 1141 319 1223 quidem
340 1164 468 1227 prorsus
490 1141 681 1226 negaverim,
705 1140 895 1224 scripturam
916 1140 1089 1204 successive
1112 1142 1265 1215 exortam,
1289 1163 1365 1224 par-

192 1248 256 1310 tem
279 1246 448 1310 secundam
470 1245 623 1328 inprimis,
647 1244 697 1308 vel
720 1243 880 1309 Visionem
904 1245 934 1308 V
956 1250 987 1308 et
1010 1243 1162 1308 Mandata
1184 1266 1220 1307 ac
1244 1243 1365 1309 Simili-

191 1350 326 1428 tudines,
351 1350 514 1434 aliquanto
536 1354 610 1433 post
624 1349 760 1433 primam
783 1348 958 1413 confectam
973 1347 1112 1424 fuissc¹;
1137 1352 1276 1413 attamen
1298 1370 1365 1412 rem

192 1475 255 1517 non
278 1475 345 1517 esse
370 1459 489 1519 certam
511 1453 636 1517 silentio
659 1454 831 1537 praeterire
853 1475 983 1538 nequeo.

281 1557 477 1623 Sententiam
498 1580 627 1643 prorsus
649 1581 764 1623 novam
793 1558 972 1642 nuperrime
995 1556 1045 1621 Fr.
1070 1552 1200 1640 Spitte²
1221 1577 1365 1640 pronun-

191 1664 292 1727 tiarit.
338 1661 597 1729 Animadvertere
621 1664 682 1728 sibi
703 1664 789 1727 visus
805 1668 861 1740 est,
886 1662 1003 1726 librum
1018 1661 1150 1727 Claudio
1174 1662 1364 1744 imperatore

193 1765 347 1848 (ll-54)
371 1767 421 1830 vel
452 1772 545 1831 antea
572 1766 728 1830 aludeeo
759 1766 984 1850 compositum,
1009 1788 1027 1829 a
1051 1763 1229 1829 Christiano
1259 1769 1366 1829 autem

192 1892 217 1934 c.
242 1894 270 1935 a.
297 1870 359 1934 130
390 1870 499 1934 multis
529 1871 608 1935 locis
637 1870 863 1954 interpolatum
894 1870 1008 1946 fuisse,
1039 1869 1130 1953 eique
1160 1870 1233 1953 plus
1261 1870 1365 1934 minus

192 1975 312 2038 assensi
343 1979 417 2037 sunt
439 1971 482 2036 D.
507 1973 640 2039 Volter³
663 1978 695 2038 et
717 1974 757 2038 H.
782 1972 905 2037 A.-ran
928 1973 1029 2037 Bakel
1038 1970 1059 2037 ⁴.
1105 1972 1282 2057 Equidem⁶
1314 1995 1364 2037 ar·

192 2065 351 2162 rgumenta,
376 2099 456 2161 quae
472 2077 578 2162 Spitta
592 2078 735 2162 protulit,
759 2078 927 2162 diligenter
942 2078 1126 2156 examinavi,
1148 2079 1276 2143 minime
1291 2100 1364 2142 vero

192 2205 230 2246 ea
250 2181 356 2246 valida
380 2204 447 2247 esse
478 2184 622 2267 cognovi.
669 2181 832 2247 Sententia
863 2182 949 2246 haud
971 2183 1064 2246 dubie
1094 2183 1221 2247 omnino
1253 2204 1363 2267 repro·

191 2287 297 2350 banda
320 2286 399 2350 esu.

278 2390 302 2454 l.
333 2390 376 2455 M.
408 2388 554 2455 Ootterill
585 2389 711 2455 Cebetis
745 2389 900 2455 Tabulam
932 2391 1103 2475 imaginem
1134 2413 1202 2455 esse
1233 2393 1364 2467 censuit,

193 2516 288 2578 quam
304 2493 438 2558 Hermas
453 2495 594 2558 imitatus
611 2494 715 2558 fuerit.
761 2494 971 2560 Paucissimos
986 2495 1071 2560 locos
1088 2496 1167 2560 dixit
1188 2496 1221 2560 in
1233 2496 1365 2562 Pastore

192 2621 270 2675 esse,
294 2599 326 2662 in
343 2599 457 2683 quibus
480 2603 589 2663 auctor
602 2619 666 2662 non
688 2598 761 2682 plus
775 2600 878 2662 minus
901 2599 990 2663 illam
1007 2601 1195 2682 scripturam
1210 2601 1244 2664 in
1260 2605 1366 2664 mente

191 2704 347 2779 habuerIt
372 2708 403 2767 et
425 2701 458 2767 0.
484 2703 602 2787 Taylor
610 2705 631 2780 ⁷,
655 2725 749 2787 quem
771 2704 809 2767 de
831 2704 891 2768 hac
912 2726 946 2767 re
969 2704 1134 2768 certiorem
1156 2704 1241 2782 fecit,
1266 2706 1365 2789 scrip·

191 2808 271 2873 turis
294 2808 416 2872 duabus
440 2807 631 2890 comparatis
647 2807 894 2871 animadvertere
917 2808 978 2872 sibi
993 2808 1079 2871 visus
1102 2812 1159 2884 est,
1182 2809 1216 2872 in
1232 2808 1365 2873 Pastore

190 2912 277 2976 locos
299 2934 383 2988 esse,
416 2911 469 2994 qui
491 2910 618 2974 nonnisi
641 2931 679 2973 ex
702 2909 826 2974 Tabula
857 2911 1008 2994 explicari
1029 2911 1161 2994 possint.
1207 2912 1280 2996 Ego
1302 2933 1366 2976 non

191 3038 261 3080 eam
283 3017 438 3080 rationem
459 3017 543 3080 inter
558 3015 729 3097 scripturas
753 3014 943 3078 intercedere
959 3015 1125 3098 perspicio,
1148 3018 1184 3078 ut
1208 3014 1309 3081 altera
1325 3016 1364 3080 ab

192 3119 292 3182 altera
323 3120 496 3203 dependere
525 3118 667 3203 putanda
698 3119 747 3182 sit.
794 3118 881 3195 Quae
903 3119 936 3182 iu
958 3119 1003 3182 eis
1035 3119 1151 3184 similia
1179 3126 1269 3199 sunt,
1301 3142 1365 3184 non

191 3226 257 3286 tam
278 3222 373 3287 alicui
401 3224 522 3287 auctori
542 3223 671 3307 propria
689 3245 785 3306 quam
807 3224 964 3288 veteribus
988 3224 1167 3288 communia
1191 3225 1289 3289 fuisse
1315 3226 1363 3289 ri-

192 3327 313 3391 dentur.

266 3498 278 3551 1
299 3496 341 3550 01.
361 3497 465 3566 Baljon
483 3497 512 3550 in
534 3497 718 3566 Ilurolops'scte
736 3496 849 3551 Studien
868 3496 933 3552 1901
953 3514 979 3566 p.
1001 3497 1145 3553 102-113.

262 3586 278 3638 2
295 3584 354 3637 Zur
374 3583 526 3638 Gescdm
542 3584 600 3637 uad
616 3584 767 3639 Iouerum
784 3585 829 3639 des
846 3584 1068 3640 Urctristenluma
1085 3583 1111 3636 ΙΙ
1131 3584 1205 3640 1896.

262 3672 278 3725 3
296 3670 351 3725 Die
374 3670 498 3724 Vs'ss'onea
515 3670 559 3725 des
580 3671 708 3737 Heroas,
735 3672 778 3726 die
795 3671 896 3740 sisyra
912 3672 970 3725 und
989 3672 1108 3726 clausas
1125 3688 1176 3725 oon
1196 3672 1266 3726 Rom
1287 3671 1361 3727 1900.

261 3758 279 3810 4
295 3756 340 3811 De
362 3757 518 3826 Compositis
535 3774 589 3811 aaa
606 3758 657 3812 dea
674 3758 775 3812 Pastor
793 3757 908 3811 Hermae
928 3758 1001 3812 1900.

263 3843 486 3913 sinemurus
504 3843 715 3912 Qrunckctrift
735 3844 800 3897 1899
818 3861 845 3912 p.
865 3844 1009 3899 321-360.
1047 3844 1088 3898 cf.
1109 3843 1229 3908 aevila,
1257 3843 1304 3899 La
1320 3861 1363 3899 ea·

193 3930 250 3982 leur
268 3930 304 3982 du
331 3932 494 4000 tensoipncpe
519 3932 579 3985 teat.
605 3931 642 3984 du
662 3931 778 3985 Pateor
795 3930 940 3985 d’Hermca
961 3932 1041 3991 1900;
1069 3932 1160 3987 Revue
1177 3932 1209 3985 dc
1236 3932 1365 3986 Ptistos're

193 4014 237 4068 dee
254 4015 379 4082 reir'qioas
399 4016 465 4070 1897
483 4035 511 4086 p.
532 4016 677 4071 117-122.
879 4011 880 4014 ¹

210 4102 278 4239 9006
300 4102 551 4242 Ogssgla'tterariscte
568 4104 734 4159 Ruadsrhuu
754 4103 820 4159 1900
838 4122 864 4173 p.
878 4107 943 4168 335;
965 4106 1087 4175 Ilurolop.
1107 4105 1365 4174 Litteaturseitunq

278 4204 306 4255 p.
378 4228 384 4240 .

267 4276 282 4327 7
304 4273 358 4327 rue
375 4274 493 4329 Jouaar
510 4276 544 4344 of
560 4277 701 4347 ramea
718 4276 821 4332 xxvn
839 4279 937 4350 (1901),
956 4279 1101 4334 aro-ms.
