2834 5018
170 333 234 398 214
593 327 734 386 IGNATII
751 328 928 385 EPISTULA

169 504 331 590 κέκτησθε
355 505 444 586 φύσει
465 505 571 589 δικαίᾳ
593 507 676 568 κατὰ
697 505 799 569 πίστιν
821 508 875 568 καί
892 507 1016 591 ἀγάπην
1040 507 1072 570 ἐν
1088 505 1215 590 Χριστῷ
1231 505 1347 592 Ἰησοῦ,

169 617 213 693 τῷ
237 621 352 694 σωτῆρι
367 609 471 694 ἡμῶν·
497 612 623 695 μιμηταί
647 612 733 685 ὄντες
750 612 838 689 θεοῦ,
863 611 1162 695 ἀναζυπυρὴσαντες
1186 611 1219 675 ἐν
1240 613 1347 696 αἵματι

169 717 248 781 θεοῦ
271 716 307 777 τό
332 716 515 799 συγγενικὸν
539 716 629 799 ἔργον
652 714 777 790 τελείως
793 715 1000 799 ἀπηρτίσατε·
1024 720 1055 781 2.
1079 716 1272 791 ἀκούσαντες
1287 719 1348 801 γὰρ

169 818 332 903 δεδεμένον
356 821 418 882 ἀπό
440 819 554 902 Συρίας
576 820 652 901 ὑπὲρ
675 828 730 883 τοῦ
752 830 858 884 κοινοῦ
890 820 1040 904 ὀνόματος
1063 823 1116 883 καί
1140 820 1275 902 ἐλπίδος,
1299 820 1348 884 ἐλ-

142 923 299 1002 νπίζοντα
321 934 360 1009 τῇ
381 934 540 1008 προσευχῇ
563 925 650 1008 ὑμῶν
673 924 828 1007 ἐπιτυχεῖν
851 925 884 988 ἐν
901 923 1007 1009 Ῥώμη
1030 928 1276 1010 θηριομαχῆσαι,
1296 928 1348 989 ἵνα

168 1028 220 1091 διὰ
253 1037 307 1092 τοῦ
342 1027 498 1111 ἐπιτυχεῖν
533 1030 662 1114 δυνηθῶ
696 1032 842 1114 μαθητὴς
875 1029 971 1111 είναι,
1007 1031 1080 1096 ἰδεῖν
1115 1031 1345 1095 ἐσπουδάσατε·

169 1136 199 1199 3.
223 1132 289 1195 ἐπεί
314 1131 367 1197 οὖν
390 1136 446 1216 τὴν
468 1134 691 1219 πολυπληθίαν
713 1135 799 1217 ὑμῶν
822 1134 855 1198 ἐν
878 1136 1005 1219 ὀνόματι
1029 1139 1107 1202 θεοῦ
1131 1135 1291 1220 ἀπείληφα
1315 1135 1347 1200 ἐν

168 1236 344 1322 Ὀνησίμῳ,
376 1247 419 1321 τῷ
443 1238 476 1302 ἐν
499 1239 607 1323 ἀγάπη
630 1238 803 1324 ἀδιηγήτῳ,
836 1240 923 1322 ὑμῶν
945 1240 980 1303 δέ
1002 1240 1035 1304 ἐν
1058 1242 1150 1322 σαρκί
1174 1240 1346 1324 ἑπισνιόπῳ,

169 1342 204 1406 όν
227 1344 357 1425 εὔχομαι
380 1345 463 1406 κατὰ
486 1342 608 1426 Ἰησοῦν
631 1343 767 1426 Χριστόν
789 1343 869 1426 ὑμᾶς
894 1345 1020 1428 ἀγαπᾶν
1043 1347 1097 1407 καί
1120 1345 1239 1420 πάντας
1267 1345 1348 1428 ὑμᾶς

129 1470 155 1508 ιο
169 1446 253 1528 αὐτῷ
271 1445 303 1510 ἐν
327 1447 482 1532 ὁμοιότητι
499 1446 586 1512 είναι.
631 1448 799 1533 εὐλογητὸς
815 1452 876 1532 γὰρ
900 1450 1141 1533 όχαρισοίμενος
1164 1451 1234 1533 ὑμῖν
1251 1449 1348 1527 ἀξίοις

169 1546 237 1612 οὖσι
260 1559 399 1615 τοιοῦτον
422 1551 592 1617 ἐπίσκοπον
615 1556 803 1637 κεκτῆσθαι.

255 1657 295 1721 IL
320 1655 394 1738 Περὶ
417 1657 452 1720 δέ
475 1668 529 1721 τοῦ
553 1657 724 1721 συνδούλου
746 1679 805 1741 μου
822 1657 974 1740 Βοὺρρου,
997 1669 1051 1722 τοῦ
1075 1661 1158 1721 κατὰ
1181 1659 1259 1724 θεὸν
1283 1659 1347 1722 δια-

168 1759 262 1823 κόνου
286 1760 372 1843 ὑμῶν
395 1761 428 1825 ἐν
451 1772 546 1826 πᾶσιν
569 1762 796 1847 εὐλογημένου,
821 1766 952 1847 εὔχομαι
974 1773 1162 1846 παραμεῖναι
1185 1763 1280 1827 αὐτόν
1305 1763 1347 1837 εἰς

167 1866 257 1947 τιμὴν
280 1865 366 1948 ὑμῶν
389 1868 442 1930 καί
465 1876 520 1930 τοῦ
543 1867 732 1931 ἐπισκόπου·
756 1870 809 1931 καί
834 1867 959 1951 Κρόνιος
982 1868 1025 1947 δέ,
1050 1869 1066 1930 ό
1090 1870 1168 1933 θεοῦ
1192 1866 1277 1944 ἄξιος
1293 1868 1346 1929 καί

128 1991 154 2029 ιι
168 1967 265 2051 ὑμῶν,
289 1970 324 2033 ὃν
347 1969 550 2054 ἐξεμπλάριον
572 1982 627 2056 της
649 1970 705 2054 ἀφ’
729 1972 815 2055 ὑμῶν
827 1973 952 2057 ἀγοίπης
975 1971 1142 2057 ἀπέλαβον,
1167 1974 1250 2034 κατὰ
1266 1971 1346 2034 πάν-

167 2092 207 2134 τα
228 2094 267 2156 με
289 2073 474 2156 ἀνέπαυσεν,
499 2075 541 2150 ὡς
557 2077 610 2138 νιαί
635 2077 727 2139 αὐτόν
751 2077 768 2138 ό
791 2080 894 2160 πατὴρ
909 2077 1013 2162 Ἰησοῦ
1029 2076 1166 2159 Χριστοῦ
1190 2076 1346 2159 ἀναψῦξαι

169 2179 235 2260 ἀμα
259 2177 417 2264 Ὀνησίμῳ
439 2183 492 2244 καί
515 2180 644 2264 Βοόρρῳ
667 2183 720 2244 καί
736 2180 854 2265 Εὔπλῳ
878 2183 931 2243 καί
954 2180 1124 2263 Φρόντῳνι,
1148 2180 1188 2245 δι’
1212 2179 1255 2245 ὧν
1271 2182 1348 2244 ποίν-

167 2301 224 2356 τας
246 2283 325 2366 ὑμᾶς
347 2286 430 2347 κατὰ
452 2285 577 2370 ἀγάπην
600 2283 691 2349 εἶδον.
736 2290 766 2353 2.
790 2286 920 2371 ὀναίμην
945 2287 1031 2370 ὑμῶν
1055 2287 1106 2349 διὰ
1128 2286 1253 2366 παντός,
1278 2286 1348 2349 ἐάν-

167 2408 225 2469 περ
248 2387 332 2465 ἀξιος
355 2388 390 2454 ὦ.
440 2390 557 2472 πρέπον
589 2387 643 2454 οὖν
673 2389 773 2470 ἐστίν,
808 2394 890 2454 κατα
925 2391 1029 2455 ποίντα
1062 2390 1174 2473 τρόπον
1206 2389 1347 2469 δοξάζειν

130 2509 156 2546 2⁰
171 2488 292 2574 Ἰησοῦν
316 2490 451 2575 Χριστόν
475 2496 528 2558 τὸν
550 2493 726 2571 δοξάσαντα
748 2496 838 2578 ὑμᾶς,
861 2497 912 2559 ἵνα
935 2494 968 2559 ἐν
991 2505 1046 2580 μιᾷ
1067 2496 1211 2579 ὑποταγῇ
1233 2516 1348 2580 κατηρ-

168 2594 314 2679 τισμένοι,
338 2598 585 2682 ὑποτασσόμενοι
608 2607 651 2683 τῷ
675 2598 836 2683 ἐπισκόπῳ
863 2601 983 2682 καὶτῷ
1007 2599 1233 2685 πρεσβυτερίῳ,
1264 2601 1348 2662 κατὰ

166 2699 269 2763 πάντα
291 2698 346 2786 νΙτε
368 2701 560 2787 ἡγιασμένοι.

239 2866 251 2918 1
273 2862 353 2936 φύσει
366 2862 400 2932 -Ι-
413 2857 443 2918 ἐν
461 2859 559 2933 γνώμη
578 2861 652 2935 ὀρθῇ
669 2865 716 2918 καί
727 2861 770 2916 SA
783 2861 889 2930 Light-f.
906 2862 910 2930 Ι
927 2865 1042 2936 Χριστιξ
1061 2859 1153 2932 Ἰησοῦ
1166 2859 1208 2929 Lg
1220 2878 1227 2912 ι
1241 2862 1273 2916 Ἰ.
1294 2862 1347 2932 Χρ.

169 2950 238 3006 GSA
254 2951 258 3019 Ι
274 2952 291 3003 2
310 2952 388 3020 ἡμῶν
399 2948 434 3020 -Ι-
447 2948 605 3017 glorificato
618 2948 710 3002 [esum
723 2949 867 3004 Christum
879 2949 962 3003 deum
976 2949 1003 3011 L,
1023 2949 1109 3002 verba
1122 2950 1219 3017 glossa
1236 2946 1349 3000 librarii

167 3055 229 3092 esse
247 3038 379 3091 videntur
394 3037 398 3106 Ι
415 3042 486 3093 θεοῦ
499 3036 532 3105 -Ι-
544 3040 590 3093 καί
610 3036 630 3089 L
655 3037 659 3106 Ι
685 3039 701 3091 3
719 3035 891 3110 ἀπαρτίσατε
909 3036 933 3090 G
958 3037 962 3106 Ι
987 3037 1003 3090 6
1022 3034 1160 3107 ἐπιτυχεῖν
1179 3033 1245 3089 Lsn
1258 3053 1264 3087 ι
1277 3055 1348 3107 μαρ-

166 3129 262 3199 τυρίου
281 3143 306 3194 g,
325 3126 480 3196 μαρτυρίου
497 3121 670 3195 ἐπιτυχεῖνθ
686 3125 690 3195 Ι
705 3129 834 3196 μαθητὴς
852 3120 920 3181 εἶναι
933 3123 955 3177 L
968 3142 974 3175 :
989 3130 1021 3187 -Ι-
1035 3124 1082 3178 dei
1101 3123 1151 3187 sn
1166 3124 1202 3190 -Ι-
1214 3131 1265 3179 τοῦ
1277 3119 1347 3194 ὑπὲρ

166 3216 245 3284 ἡμῶν
262 3209 363 3269 ἑαυτὸν
380 3209 581 3284 ἀνενεγκόντος
599 3216 659 3287 θεῷ
681 3212 848 3286 προσφορὰν
865 3216 911 3269 καί
936 3214 1038 3269 θυσίαν
1056 3211 1100 3280 Gg
1118 3228 1152 3265 ex
1169 3209 1239 3279 Epis
1258 3211 1283 3269 5,
1303 3209 1320 3261 2
1342 3208 1346 3275 Ι

167 3299 234 3357 ἰδεῖν
252 3298 406 3370 (ἱστορῆσαι
424 3297 530 3368 Lightf.
550 3299 585 3352 ef.
606 3299 762 3366 Ga1.1‚18)
782 3297 972 3356 ἐσπουδάσατε
984 3317 991 3349 :
1003 3300 1038 3364 >
1051 3298 1096 3367 Gg
1111 3297 1115 3367 Ι
1132 3299 1147 3350 ’1
1166 3295 1326 3362 ἐπε1>ἷιΑ
1343 3295 1346 3365 Ι

168 3381 303 3460 οὗνιγὰρ
322 3386 351 3447 L,
370 3385 400 3442 δέ
419 3386 437 3439 S
453 3386 456 3455 Ι
473 3385 489 3438 8
508 3386 638 3453 δέ>8Α
653 3387 657 3456 Ι
674 3384 704 3442 ἐν
721 3391 802 3460 σαρκί
821 3385 868 3440 GL
881 3405 888 3438 ι
901 3388 936 3453 >
949 3386 1012 3454 sng
1027 3385 1032 3454 Ι
1050 3384 1081 3437 13
1100 3381 1283 3454 ὑμῶν-Ι-καί
1303 3384 1349 3452 Ag

168 3473 273 3544 Lightf.
296 3473 300 3542 Ι
324 3472 356 3527 18
375 3471 499 3544 ὠναίμην
517 3472 541 3527 G
560 3474 619 3527 fere
638 3490 748 3543 semper
770 3475 774 3543 Ι
796 3473 873 3539 2οΙ21
893 3471 1108 3545 κατηρτισμένοι
1125 3470 1164 3524 L:
1178 3467 1228 3540 ἦτε
1245 3489 1348 3541 κατηρ-

166 3558 290 3628 τισμένοι
309 3561 349 3633 τῷ
366 3557 442 3634 αότῳ·
461 3559 508 3616 νοῒ
521 3563 567 3616 καί
585 3563 620 3630 τῇ
637 3559 707 3630 αὐτῇ
725 3558 823 3632 γνώμη
839 3564 885 3616 καὶ
903 3559 936 3615 τό
955 3557 1024 3615 αὐτὸ
1042 3557 1139 3630 λέγητε
1161 3556 1265 3624 πάντες
1283 3561 1349 3630 περί

166 3654 216 3702 τοῦ
234 3645 328 3710 αὐτοῦ,
343 3642 391 3701 ‘iva
409 3645 453 3716 Gg
473 3663 506 3700 ex
524 3647 537 3700 I
556 3647 617 3701 Cor.
638 3647 661 3712 1,
683 3647 714 3701 10
731 3650 735 3717 Ι
751 3648 784 3702 21
804 3646 1017 3716 ἐπιτασσόμενα
1037 3646 1062 3700 G

165 3765 241 3820 idem
254 3767 396 3837 signifieat
409 3784 441 3822 sc
453 3772 582 3840 ποθητοί,
602 3768 742 3822 desidera·
754 3779 757 3869 Ι
767 3773 883 3840 μιμηταί
901 3799 936 3808 -
954 3766 1146 3825 ἐσπουδάσατε
1170 3765 1200 3818 in
1217 3782 1242 3818 v.
1262 3767 1279 3819 2
1296 3782 1348 3835 pa-

164 3854 242 3910 biles.
267 3856 742 3928 Ps.-Ignatiuspronotveyeinnrov
768 3856 913 3910 renthesin
934 3857 1025 3924 putes.
1053 3884 1088 3893 -
1114 3853 1349 3924 ἀναζωπυρήσαν-

165 3942 261 4011 posuit
287 3945 495 4014 πολυπόθητον.
523 3974 558 3983 -
584 3946 677 4000 πίστιν
695 3947 741 3999 καὶ
768 3943 823 4011 τες]
851 3942 912 3996 Ηου
937 3942 1055 3995 verbum
1081 3939 1165 3995 modo
1196 3940 1348 3995 transitive

165 4026 284 4100 ἀγάπην]
304 4029 363 4082 Hes
381 4030 499 4084 virtutes
511 4029 637 4101 ignatius
656 4045 755 4098 saepe
768 4031 806 4100 (II
825 4030 896 4083 Tim.
918 4031 939 4091 1,
953 4031 981 4098 6)
998 4029 1082 4083 modo
1102 4027 1283 4082 intransitive
1301 4031 1348 4083 vel

166 4115 325 4185 coniungit,
354 4116 388 4169 cs.
408 4116 478 4186 nph.
498 4117 521 4178 9,
543 4120 571 4179 1;
603 4117 646 4180 14,
667 4118 689 4170 1
709 4117 739 4179 2;
768 4116 898 4171 absolute
917 4116 995 4187 (Gen.
1015 4117 1057 4179 45,
1072 4117 1112 4169 27.
1133 4114 1290 4169 [Maceab
1304 4117 1347 4179 l3

165 4200 257 4265 20,1;
285 4201 380 4272 Magn.
401 4205 472 4267 1,2;
503 4206 547 4266 13,
569 4206 598 4265 l;
630 4202 1216 4337 ΡὴίΙιιό..Ι7.101ειιι.27,3))1.υυυτμυ,υι

167 4289 248 4353 11‚2;
267 4288 320 4343 θυι
331 4290 428 4352 inscr.;
449 4291 513 4354 1,1;
531 4292 554 4354 6,
571 4293 597 4354 1;
619 4290 658 4353 13,
670 4291 695 4343 2.
706 4321 740 4330 -
802 4290 826 4342 2
856 4291 993 4362 μαθητὴς]
1025 4290 1085 4344 Ηου
1116 4288 1184 4344 dicit
1215 4290 1350 4359 Ignatius
