2834 5018
439 693 505 749 vis.
524 693 544 758 1,
563 693 588 758 4,
607 690 741 748 a-vrs.
760 690 794 754 n,
806 721 841 730 -
853 690 877 753 a,
897 690 920 744 a
1201 690 1265 756 425

89 881 156 940 tem
178 874 326 958 gentibus
352 894 388 936 ac
408 872 539 956 refugis.
586 872 616 935 3.
641 869 720 934 (lum
742 870 924 952 loqueretur
945 889 1081 944 mecum,
1106 867 1167 931 duo
1194 868 1265 952 qui-

90 980 163 1044 dam
185 979 244 1042 riri
276 980 491 1062 apparuerunt
509 980 541 1039 et
570 974 767 1040 sustulerunt
789 995 858 1037 eam
886 972 1031 1037 manibus
1054 976 1087 1036 et
1109 972 1264 1049 abierunt,

89 1084 145 1147 ubi
167 1087 198 1146 et
221 1082 380 1157 cathedra,
405 1081 444 1145 ad
467 1080 627 1144 orientem.
675 1078 796 1142 Hilaris
820 1083 925 1142 autern
941 1077 1029 1154 abiit,
1053 1080 1086 1141 et
1109 1099 1180 1141 oum
1194 1077 1263 1154 iret,

90 1188 136 1251 ait
157 1187 251 1250 mihi:
276 1185 472 1263 confortare,
496 1184 625 1248 Herma.

602 1357 693 1422 Visio
716 1356 756 1421 ΙΙ.
1278 1374 1291 1412 a

181 1495 216 1563 1.
242 1497 321 1562 Cum
337 1496 453 1561 (inmas
475 1496 689 1580 proficiscerer
712 1517 749 1559 eo
764 1500 915 1578 tempore,
940 1517 1003 1580 quo
1025 1498 1057 1559 et
1073 1498 1175 1570 antea,
1197 1516 1265 1558 am-

89 1603 204 1668 bulans
227 1602 408 1666 recordatus
431 1623 501 1665 sum
523 1600 639 1685 prioris
662 1599 801 1676 visionis,
826 1600 995 1663 etiterum
1016 1620 1067 1663 me
1089 1599 1175 1663 tollit
1197 1600 1264 1683 spi-

89 1708 169 1771 ritus
192 1711 224 1771 et
247 1707 351 1772 aufert
373 1707 405 1770 in
429 1705 562 1770 eundem
585 1705 699 1781 locum,
724 1727 787 1789 quo
810 1709 842 1768 et
865 1709 966 1769 antea.
1012 1708 1041 1768 2.
1066 1704 1145 1769 Cum
1166 1705 1267 1789 igitur

88 1813 122 1875 in
153 1812 258 1876 locum
289 1812 461 1888 venissem,
494 1832 578 1895 pono
611 1832 716 1896 genua
747 1832 784 1874 ac
814 1810 903 1893 coepi
931 1832 1021 1874 orare
1050 1809 1211 1874 dominum
1234 1813 1266 1874 et

87 1920 280 1996 ploriltcare
303 1936 421 1980 nomen
438 1922 520 1995 eiua,
544 1915 693 1998 quoniam
717 1915 848 2000 dignum
864 1936 914 1978 me
930 1915 1019 1978 duxit
1036 1936 1072 1978 ac
1094 1914 1304 1979 notamihi1⁰

88 2022 164 2085 fecit
186 2025 317 2104 peecata
346 2043 417 2085 mea
438 2021 554 2103 priora.
601 2022 631 2084 3.
656 2018 735 2083 Cum
765 2024 872 2083 autem
901 2019 1104 2083 surrexissem
1128 2019 1168 2083 ab
1191 2040 1263 2083 ora·

87 2126 182 2201 tione,
215 2126 306 2189 video
330 2147 434 2189 coram
457 2147 507 2189 me
531 2148 644 2201 snum,
681 2146 777 2208 quam
799 2128 831 2188 et
854 2127 948 2188 antea
968 2123 1126 2198 videram,
1151 2124 1263 2187 ambu-

87 2228 205 2291 lantem
229 2234 261 2292 et
283 2229 442 2313 legentem
458 2228 612 2293 libellum.
657 2228 702 2292 Et
725 2227 802 2291 dicit
816 2226 912 2291 mihi:
936 2227 1031 2292 Potes
1053 2228 1133 2291 haec
1155 2226 1264 2291 electis

88 2333 137 2396 dei
161 2334 374 2397 annuntiare?
407 2333 488 2398 Dico
511 2334 558 2397 ei:
592 2332 747 2409 Domina,
781 2337 872 2397 tanta
892 2333 926 2396 in
957 2332 1109 2397 memoria
1129 2333 1264 2397 retinere

86 2457 148 2500 non
171 2458 320 2521 possnm3
346 2438 385 2501 da
408 2443 513 2502 autem
536 2438 682 2502 libellum
703 2437 791 2515 mihi,
814 2442 851 2501 ut
873 2436 1046 2501 describam
1069 2459 1150 2500 eum.
1197 2435 1303 2500 iic-1⁶

86 2542 165 2624 cipe,
189 2542 303 2625 inquit,
328 2546 360 2604 et
383 2543 493 2607 reddes
515 2542 603 2606 mihi.
649 2544 679 2606 4.
704 2541 824 2626 Accepi
847 2564 907 2626 ego
930 2546 962 2607 et
983 2543 1017 2605 in
1040 2542 1144 2606 locum
1164 2563 1263 2625 quen-

86 2646 157 2708 dam
181 2646 251 2728 agri
274 2647 421 2711 recedens
448 2647 599 2730 descripsi
621 2647 728 2711 omnia
743 2647 782 2710 ad
798 2647 954 2721 litteram3
977 2668 1041 2710 non
1064 2646 1263 2710 inveniebam

85 2750 168 2813 enim
192 2750 342 2832 syllabas.
390 2749 470 2814 Cum
493 2773 569 2836 ergo
592 2751 715 2816 litteras
737 2751 840 2816 libelli
861 2751 1071 2834 perfecissem,
1096 2751 1202 2817 subito
1226 2752 1263 2815 de

84 2875 182 2917 mann
205 2876 276 2918 mea
299 2860 411 2939 raptus
436 2859 484 2919 est
507 2855 651 2932 libellus3
677 2878 773 2940 aquo
797 2861 913 2933 antem,
936 2878 1000 2920 non
1021 2856 1095 2919 vidi.

173 2954 210 3021 2.
236 2958 315 3023 Post
338 2960 516 3044 quindecim
539 2966 646 3025 autem
669 2962 734 3025 dies
758 2984 828 3026 cum
850 2962 1038 3025 ieiunassem
1065 2960 1264 3046 multumque
1277 2976 1302 3015 2⁰

84 3061 246 3127 dominum
269 3084 444 3147 rogassem,
469 3065 608 3129 revelata
631 3071 679 3129 est
694 3065 773 3129 mihi
796 3066 938 3150 cognitio
954 3066 1136 3148 scripturae.
1161 3065 1263 3129 Erant

84 3169 190 3229 autern
223 3168 342 3250 scripta
372 3168 467 3233 haec:
505 3172 535 3232 2.
561 3169 673 3234 Samen
703 3174 810 3247 tuum,
842 3170 976 3247 Herma,
1010 3169 1208 3253 deliquerunt
1229 3170 1263 3233 in

84 3271 178 3333 deum
200 3277 232 3335 et
254 3271 555 3356 blasphemaverunt
587 3275 620 3337 in
644 3275 805 3338 dominum
828 3280 860 3338 et
886 3274 1093 3359 prodiderunt
1114 3277 1262 3357 parentes

84 3396 158 3438 suos
185 3375 218 3439 in
248 3377 393 3460 nequitia
422 3398 538 3461 magna
569 3382 601 3441 et
625 3378 792 3442 andiermrt
822 3378 999 3461 proditores
1028 3377 1208 3461 parentium
1230 3381 1262 3441 et

156 3545 188 3599 10
206 3546 252 3599 Ps.
272 3544 314 3610 85,
333 3547 360 3600 9.
382 3549 428 3611 12;
446 3548 498 3601 Ies.
518 3547 560 3611 24,
581 3548 626 3607 15;
646 3548 688 3609 66,
707 3547 737 3610 5;
757 3547 782 3600 Il
800 3547 896 3602 Thess.
918 3551 940 3612 1,
961 3548 1000 3600 12.

119 3684 143 3736 3.
162 3681 298 3757 ἀνδρὶζου]
318 3684 359 3738 Cf.
379 3685 461 3740 Mart.
480 3687 572 3756 Polyc.
592 3687 786 3789 9141111116
815 3691 911 3752 erant,
940 3691 1080 3757 perpetua
1102 3687 1262 3741 litterarum

117 3768 158 3831 11,
181 3771 208 3833 1,
230 3772 252 3824 1.
283 3772 366 3828 πάλιν
388 3774 458 3843 κτλ]
489 3773 531 3829 cf.
557 3772 614 3826 Vis.
639 3773 659 3836 1,
671 3792 674 3889 p
688 3775 759 3916 ser2ie
777 3773 856 3827 nulla
868 3791 969 3828 vocum
981 3775 1163 3829 distinctione
1175 3774 1261 3828 faeta.

85 3855 108 3918 1,
132 3855 156 3908 3.

118 3942 142 3994 2.
162 3944 284 4013 δοξάζειν
301 3947 371 4016 xib]
390 3947 507 4002 Praeter
521 3947 598 4001 locos
616 3964 659 3999 su·
688 3950 759 4011 1.3;
787 3949 876 4011 Zahn‚
903 3948 961 4003 Dar
980 3950 1043 4005 Hirt
1060 3966 1088 4018 p.
1108 3949 1260 4011 344-3493

82 4046 135 4098 pra
146 4027 276 4086 laudatos
289 4033 348 4087 fere
361 4033 466 4101 ubique
485 4034 515 4086 in
528 4033 553 4087 S.
567 4033 658 4102 Sorip·
686 4036 854 4090 Jubrbrtclaer
878 4037 900 4103 f.
927 4037 1051 4091 mecm
1078 4038 1165 4092 llrcol.
1194 4036 1261 4090 1870

82 4120 147 4169 tura
175 4117 292 4188 legimus
318 4120 405 4177 αἰνεῖν
432 4123 465 4178 τὸ
493 4117 582 4191 ὄνομα
609 4130 659 4178 τοῦ
685 4140 712 4192 p.
731 4122 783 4176 205
801 4139 841 4189 sq.
878 4123 991 4191 Lipsius
1014 4122 1044 4175 in
1066 4124 1223 4191 Zcitscbrn'lt
1238 4127 1260 4192 f.

81 4208 187 4276 κυρίου,
206 4205 241 4259 cf.
261 4206 304 4260 Ps.
324 4208 364 4271 68,
378 4210 427 4272 31;
445 4208 487 4271 99,
505 4209 536 4270 4;
556 4207 658 4270 112,1;
685 4211 756 4264 wisa.
778 4211 863 4264 fluor
886 4209 952 4265 1869
969 4228 996 4280 p.
1016 4209 1161 4265 301-311.

84 4289 247 4353 134,1etc.
721 4296 745 4349 2.
763 4297 935 4369 προέδωκαν]
967 4295 1140 4361 Quomodo?
1176 4296 1260 4352 Forte

119 4380 143 4432 3.
163 4378 245 4433 Hunc
263 4397 375 4434 versum
396 4386 425 4436 et
437 4382 599 4448 sequentem
617 4397 659 4434 re·
685 4388 818 4452 parentes
838 4384 914 4453 apud
931 4384 1114 4454 magistratus
1132 4401 1260 4456 paganos

82 4464 177 4532 spexit
204 4465 332 4520 Clemens
359 4468 401 4521 Al.
428 4468 528 4523 Strom.
547 4468 593 4529 VI,
619 4471 658 4531 15.
686 4469 893 4525 denuntiantes.
914 4470 957 4525 cf.
973 4470 1144 4540 Hilgenfeld,
1163 4473 1258 4541 Δροσί.

83 4550 132 4605 131
151 4569 178 4620 p.
198 4551 257 4607 806.
692 4557 772 4611 thcr
789 4575 815 4626 p.
837 4558 886 4612 127
905 4575 946 4625 sq.
983 4557 1095 4612 Zahnl.
1115 4575 1138 4612 c.
1165 4577 1192 4628 p.
1212 4560 1259 4621 813

116 4640 141 4694 4.
171 4641 321 4714 συλλαβάς]
361 4641 438 4695 Libri
473 4642 659 4698 vetustissimi
686 4644 744 4699 Vis.
763 4644 834 4708 113,
849 4648 872 4700 1.
890 4676 925 4685 —
943 4644 1073 4716 ἤκουσαν]
1092 4645 1110 4700 i.
1129 4661 1152 4699 e.
1171 4645 1259 4700 nomi-

742 3901 748 3913 .
768 3862 809 3916 cf.
824 3861 859 3914 ad
871 3862 925 3915 hoc
938 3862 1094 3931 capitulum
1110 3861 1204 3914 Mand.
1215 3859 1261 3923 IV,
