2834 5018
162 346 181 410 6
650 337 839 393 υοσινιιιιι

157 520 206 602 μὴ
229 518 381 582 ἀπαίτει·
405 526 480 579 πᾶσι
503 518 565 599 γὰρ
588 513 679 581 θέλει
695 514 839 578 δίδοσθαι
862 513 878 575 ὁ
902 516 1005 596 πατὴρ
1029 512 1067 576 ἐκ
1082 521 1143 576 τῶν
1167 510 1250 575 ἰδίων
1275 532 1336 594 χα·

160 621 328 705 ρισμοίτιυν.
375 621 529 704 μακάριος
545 621 562 683 ὁ
579 620 682 695 διδοὺς
704 621 788 683 κατὰ
802 622 858 702 τὴν
875 617 1016 701 ἐντολήν·
1042 618 1150 692 ἀθῶος
1165 618 1226 700 γάρ
1244 617 1335 682 ἐστιν.

160 727 231 790 οὐαί
253 734 297 810 τῷ
313 725 517 811 λαμβάνοντι·
541 726 568 789 εἰ
591 727 723 809 μὲνγὰρ
747 723 855 807 χρείαν
873 725 955 806 ἔχων
978 721 1129 807 λαμβάνει
1148 743 1203 801 τις,
1227 721 1337 796 &douc

161 831 262 893 ἔσται·
286 831 303 893 δ
327 829 362 893 δὲ
385 833 428 914 μὴ
452 830 560 914 χρείαν
583 831 665 913 ἔχων
689 828 782 893 δώσει
805 828 904 913 δίκην,
929 828 1007 891 ίναιί
1029 827 1123 914 ἔλαβε
1147 829 1202 890 καί
1225 828 1267 901 εἰς
1291 827 1337 890 τί·

134 935 193 998 ιὲν
216 945 335 1020 συνοχῇ
358 934 393 998 δὲ
415 936 582 1020 γενόμενος
605 934 849 1018 ἐξετασθήσεται
870 934 941 1015 περί
964 934 1007 996 ὢν
1031 930 1161 1013 ἔπραξε,
1194 933 1249 995 καί
1274 934 1338 995 οὐκ

160 1038 371 1120 ἐξελεύσεται
394 1039 538 1119 ἐκεῖθεν,
560 1041 676 1125 μέχρις
693 1041 733 1105 οδ
756 1039 876 1122 ἀποδῷ
892 1039 952 1103 τὸν
975 1039 1120 1119 ἔσχατον
1135 1035 1337 1121 κοδράντην.

161 1148 189 1212 6.
214 1142 298 1206 ἀλλὰ
321 1145 375 1207 καί
397 1144 467 1224 περὶ
494 1142 605 1206 τούτου
628 1142 664 1206 δὲ
686 1145 820 1227 εἴρηται·
854 1141 1048 1227 Ἰὁρωσάτω
1072 1145 1094 1224 η
1124 1141 1338 1226 ἐλεημοσύνη

161 1271 224 1314 σου
247 1249 294 1328 είς
316 1249 376 1328 τὰς
398 1249 511 1333 χεῖράς
535 1268 607 1327 σον,
629 1248 745 1333 μέχρις
768 1250 812 1312 ἂν
834 1254 933 1330 γνῷς,
957 1251 1022 1312 τίνι
1046 1246 1122 1331 δῷς.

248 1354 289 1418 ll.
313 1351 450 1435 Δευτέρα
479 1352 514 1415 δὲ
541 1351 651 1435 ἐντολὴ
682 1361 737 1435 τῆς
769 1351 917 1434 διδαχῆς·
959 1356 987 1417 2.
1013 1354 1052 1414 οὐ
1075 1353 1273 1434 φονεύσεις,
1298 1355 1339 1415 οὐ

123 1477 148 1514 1⁰
160 1460 360 1539 μοιχεύσεις,
384 1458 421 1521 οὐ
451 1456 727 1541 παιδοφθορίησεις,
758 1458 795 1519 οὐ
825 1456 1014 1538 πορνεὺσεις,
1043 1459 1084 1521 οδ
1114 1456 1268 1536 κλέψεις,
1302 1458 1339 1520 οιί

232 1631 246 1682 7
266 1630 295 1687 δέ
308 1651 313 1681 :
327 1635 359 1701 δι)
377 1628 593 1704 Βι]1δρωσοίτιο
612 1647 656 1684 em
675 1632 713 1684 Br
725 1650 731 1684 ι
744 1629 889 1703 ίδριυτάτιυ
909 1631 962 1684 aod
978 1631 982 1700 Ι
999 1631 1032 1684 10
1050 1628 1083 1686 οὐ
1100 1629 1247 1702 κλέψεις)
1265 1630 1286 1683 L

163 1772 238 1842 gitur
265 1771 329 1824 Luc.
347 1770 372 1832 6,
392 1770 442 1832 30,
470 1770 520 1823 ubi
547 1773 642 1823 autem
669 1785 735 1839 pars
763 1768 864 1821 Matth.
885 1770 908 1830 5,
928 1769 978 1830 25;
1006 1767 1070 1821 Luc.
1092 1768 1136 1830 12,
1156 1767 1198 1822 58.
1226 1798 1259 1807 -
1288 1769 1339 1825 οὐκ

162 1860 253 1913 altera
271 1859 313 1913 ita
336 1856 511 1926 amplificata
535 1859 590 1910 est:
616 1860 662 1913 καὶ
681 1854 737 1912 ἀπὸ
763 1856 932 1926 ἐξελεύσεται
950 1858 1019 1927 κτλ]
1038 1857 1138 1909 Matth.
1158 1858 1181 1918 5,
1200 1854 1241 1909 26.

162 1955 213 2005 τοῦ
224 1943 353 2018 αἴροντος
372 1946 406 2003 τὰ
420 1945 457 2002 σὰ
474 1950 513 2015 μι)
525 1943 641 2001 ἀπαίτει.
665 1920 752 1997 Mat-³
799 1947 823 1998 6.
840 1942 954 2017 είρηται]
965 1963 1001 1998 sc.
1012 1945 1040 1997 in
1052 1944 1203 2012 Scriptura.
1212 1942 1255 1997 cf.
1268 1943 1338 2003 lar.

161 2034 263 2089 thaeus
284 2035 308 2095 5,
327 2034 362 2086 42
386 2049 438 2087 neo
458 2033 609 2086 secundam
627 2034 738 2101 partem
766 2032 843 2096 Quae
862 2031 900 2086 ait
911 2031 1063 2100 Scriptura,
1084 2048 1169 2098 ιμιιιιιι
1182 2036 1280 2084 auctor
1298 2050 1339 2085 re·

162 2138 215 2175 nec
232 2137 330 2175 vocem
347 2124 432 2176 παντὶ
449 2118 544 2177 habet.
581 2118 662 2172 Hunc
680 2135 738 2172 ver·
766 2119 866 2189 spexit,
885 2119 1033 2182 nescimus,
1047 2135 1110 2172 oum
1120 2118 1154 2171 de
1164 2119 1257 2172 verbis
1271 2119 1339 2173 Gen

164 2225 225 2260 sum
253 2210 281 2260 et
299 2207 359 2263 4.7
389 2205 537 2274 exscripsit
564 2206 681 2259 Hennes
709 2205 739 2259 in
765 2206 789 2270 8,
811 2207 843 2261 19
863 2222 919 2260 σου
939 2206 977 2259 sit
999 2204 1189 2275 cogitandum,
1228 2204 1341 2259 Dictum

163 2293 298 2346 Mandato
317 2292 355 2354 ll,
379 2293 456 2347 4-6.
486 2322 515 2333 -
541 2293 679 2365 μακάριος
705 2325 739 2332 -
766 2310 832 2347 vero
850 2292 968 2345 laudant
987 2293 1161 2362 Augustinus
1179 2292 1209 2345 in
1230 2293 1274 2346 Ps.
1292 2293 1342 2346 102

163 2379 290 2451 ἐντολὴν]
320 2378 362 2433 Os.
391 2378 492 2433 Matth.
512 2380 536 2439 5,
556 2378 586 2442 7,
614 2378 662 2431 ubi
689 2380 739 2432 mi·
766 2400 792 2433 n.
813 2381 858 2440 12;
886 2379 929 2432 Ps.
951 2381 1000 2434 146
1019 2398 1046 2432 u.
1066 2381 1097 2433 17
1121 2379 1245 2449 (Phar,
1266 2380 1341 2435 1826.

164 2468 317 2523 sericordcs
329 2466 410 2520 beati
422 2465 632 2535 praedicantur.
659 2464 740 2519 Hunc
768 2468 853 2536 1910),
874 2466 1026 2535 Gregorius
1040 2467 1075 2519 Μ.
1088 2465 1198 2536 Regula
1209 2470 1282 2537 past.
1295 2469 1342 2530 lll,

162 2557 255 2609 locum
279 2555 378 2608 auctor
403 2552 524 2607 sortasse
549 2555 614 2608 ante
642 2553 739 2606 oculos
767 2555 800 2607 20
818 2554 882 2623 (PL.
902 2554 942 2616 77,
961 2554 1019 2621 84),
1040 2552 1221 2608 Cassiodorus
1240 2553 1343 2623 Expos.

162 2644 270 2699 habuit.
306 2641 495 2696 Verisimilius
509 2644 603 2695 autem
621 2641 740 2694 esteum
767 2643 796 2694 in
814 2640 857 2694 l's.
875 2640 911 2693 40
935 2641 996 2710 (PL.
1016 2640 1057 2703 70,
1076 2641 1153 2710 295),
1183 2642 1343 2695 Bernardus

163 2731 329 2785 mandatum
355 2728 528 2799 respexisse,
557 2728 632 2794 quod
657 2744 740 2780 versu
768 2726 983 2782 claravallensis
996 2726 1047 2795 Ep.
1060 2729 1094 2781 95
1113 2727 1176 2797 (PL.
1192 2727 1248 2791 182,
1270 2728 1341 2798 228).

163 2819 279 2873 ineunte
305 2817 430 2886 legitur,
461 2832 498 2869 sc.
526 2818 609 2871 παντί
637 2821 676 2888 τῷ
702 2810 740 2869 αί-
767 2816 867 2869 Petrus
888 2814 1032 2869 comestor
1043 2814 1116 2868 Hist
1130 2814 1343 2871 Deuteronomii

164 2910 259 2964 totiaci
277 2924 310 2963 σε
328 2907 413 2961 δίδου.
450 2901 549 2957 Siraoh
567 2901 654 2964 29,11
675 2900 740 2953 acri·
769 2903 827 2955 c.5
854 2901 915 2969 (PL.
937 2904 992 2965 198,
1014 2903 1099 2970 1251).
1128 2934 1162 2942 -
1189 2903 1287 2976 μέχρις
1309 2901 1344 2960 ἂν

163 2993 220 3047 bit:
250 2992 300 3059 θὲς
319 2992 370 3048 τὸν
387 2990 532 3061 θησαυρόν
550 3007 602 3045 σου
619 2985 681 3044 κατ’
700 2985 741 3043 ἐν
768 2998 840 3063 γνῷς
858 3010 881 3045 τ.
901 2990 935 3058 δ.]
961 2989 1011 3042 His
1031 2989 1123 3043 verbis
1150 2994 1248 3044 auctor
1266 3007 1343 3045 man·

163 3079 248 3146 τολάς
272 3077 410 3150 ὑψίστου,
437 3080 483 3134 καὶ
510 3079 677 3146 λυσιτελήσει
697 3093 740 3132 σοι
768 3076 865 3129 datum
885 3075 1030 3139 diminuit,
1050 3076 1127 3143 quod
1145 3093 1231 3146 supra
1248 3077 1344 3131 verbis

163 3172 272 3234 μᾶλλον
298 3166 314 3235 ἢ
342 3166 374 3222 τὸ
398 3167 513 3237 χρυσίον
552 3191 585 3202 -
617 3160 678 3218 οἶαί
702 3170 741 3236 τῷ
768 3166 850 3218 παντὶ
870 3171 909 3236 τῷ
927 3162 1052 3220 αἰτοῦντί
1063 3184 1094 3219 σε
1113 3166 1187 3220 δίδου
1201 3170 1259 3220 κτλ.
1280 3182 1344 3233 pro-

165 3252 335 3326 λαμβάνοντι
360 3250 433 3319 κτλ]
463 3247 625 3302 Didascalia
651 3249 741 3316 apost.
768 3252 911 3318 posuerat.
947 3250 1082 3303 Attamen
1105 3267 1161 3304 non
1185 3251 1269 3319 plane
1289 3251 1344 3305 sibi

165 3338 207 3392 ed.
228 3337 334 3391 Hauler
351 3355 377 3406 p.
398 3337 439 3401 53,
459 3340 610 3405 postquam
628 3335 741 3388 beatum
768 3340 916 3406 repugnat.
953 3336 1016 3391 Non
1033 3336 1165 3390 distincte
1182 3337 1285 3391 saltem
1304 3339 1345 3391 di·

164 3425 340 3495 praadicavit
360 3440 435 3486 curn,
465 3423 515 3490 qui
533 3424 628 3491 potest
647 3438 677 3474 so
701 3421 740 3474 iu·
769 3424 808 3477 cit
826 3422 968 3476 nonnullis
981 3424 1055 3477 forte
1068 3424 1276 3492 eleemosynam
1288 3442 1346 3478 non

164 3528 245 3575 vare,
265 3512 306 3565 ita
324 3512 431 3565 utnon
450 3510 568 3563 tribulet
585 3508 679 3562 locum
699 3527 740 3563 or·
769 3526 830 3564 esse
851 3509 980 3564 dandam.
1018 3510 1168 3564 Praeterea
1181 3510 1269 3564 verba
1282 3528 1345 3564 cum

165 3597 267 3667 pharii,
294 3596 439 3667 peregrini
459 3599 487 3649 ct
505 3595 615 3658 viduae,
634 3598 741 3668 pergit:
769 3597 885 3651 alterius
899 3597 1029 3655 sintuon
1041 3597 1171 3657 auctoris,
1191 3614 1248 3650 non
1260 3598 1345 3651 nimis

164 3683 224 3738 Vae
242 3688 338 3739 autam
356 3683 415 3747 his,
440 3682 489 3749 qui
507 3682 615 3735 habant
633 3686 661 3736 et
680 3699 741 3736 curu
769 3684 895 3754 urgenda
914 3685 986 3735 sunt.

165 3771 230 3825 dolo
257 3771 401 3840 accipiunt
430 3769 480 3822 aut
508 3768 558 3835 qui
574 3772 693 3837 possunt
712 3787 742 3823 ee
804 3770 837 3827 Π.
869 3773 890 3824 1.
929 3768 1046 3823 Plurimi
1071 3769 1203 3841 δευτέραν
1230 3769 1347 3843 ἐντολὴν

165 3855 261 3910 iuvare
272 3859 301 3910 et
308 3856 466 3927 accipiunt;
477 3856 670 3922 unusquisque
676 3873 742 3910 vero
770 3869 818 3926 τῆς
835 3862 944 3927 διδαχῆς
961 3856 995 3910 de
1009 3857 1142 3909 mandato
1163 3859 1287 3912 secundo
1300 3859 1347 3913 vel

167 3942 202 3995 de
220 3943 426 4011 accipientibus
438 3942 519 3996 dabit
537 3942 675 3995 rationem
688 3942 742 3996 Do·
770 3943 804 3995 de
814 3943 947 3996 mandato
958 3942 1061 3996 amoris
1070 3942 1192 4012 proximi
1199 3943 1346 3999 intellexe-

165 4028 242 4082 mino
261 4029 320 4083 Deo
339 4030 368 4082 in
387 4029 434 4082 dic
453 4027 562 4090 iudicii,
592 4043 679 4094 quare
698 4044 741 4080 ac·
769 4030 842 4080 runt.
881 4027 951 4082 Cum
969 4033 1064 4083 autem
1082 4030 1111 4083 in
1130 4033 1213 4097 parte.
1231 4048 1346 4100 praece·

167 4114 281 4183 ceperit.
319 4114 396 4178 Quae
410 4114 535 4168 scribens
553 4116 653 4168 auctor
664 4113 741 4167 haud
769 4114 854 4168 dente
865 4132 923 4168 non
941 4116 1124 4170 demandato
1144 4117 1235 4184 primo
1248 4119 1293 4172 vel
1311 4120 1346 4173 de

167 4199 251 4255 dubie
269 4200 373 4253 iterum
391 4200 556 4255 Doctrinam
584 4203 651 4254 ante
676 4216 740 4253 oou·
769 4203 903 4256 mandato
922 4203 1024 4257 auroris
1044 4202 1096 4257 Doi
1115 4207 1233 4274 agatur,
1259 4204 1347 4259 verba

165 4288 208 4343 los
221 4287 329 4342 habuit.
343 4318 376 4327 -
390 4284 420 4343 ἐν
432 4287 545 4359 συνοχῇ]
565 4287 604 4353 είς
616 4292 741 4359 φυλακην
769 4288 853 4342 aliter
877 4290 1054 4358 explananda
1078 4293 1153 4344 sunt.
1189 4292 1297 4345 Auctor
1316 4293 1346 4345 in
