2834 5018
191 321 256 386 294
614 311 754 368 IGNA'I'II
772 310 949 366 EPISTULA

190 514 277 575 τερος
301 491 450 576 ἐγενόμην
481 491 512 553 ἐν
536 489 701 573 ἀμεριμνίᾳ
723 492 818 567 θεοῦ,
850 487 963 569 ἐάνπερ
987 487 1037 550 διὰ
1060 495 1115 549 τοῦ
1147 490 1266 553 παθεῖν
1291 488 1369 551 θεοῦ

190 596 345 680 ἐπιτύχω,
376 596 418 672 εἰς
440 598 475 658 τὸ
506 594 673 679 εὑρεθῆναί
697 615 735 677 με
767 592 799 656 ἐν
822 603 860 676 τη
890 593 1058 656 ἀναστάσει
1090 593 1176 676 ὑμῶν
1208 590 1368 676 μαθητήν.

190 705 220 768 2.
244 700 363 782 πρέπει,
388 698 577 781 Πολὺκαρπε
594 698 912 781 θεομακαριοτάτατε,
936 697 1123 782 συμβούλιον
1146 699 1278 781 ἀγαγεῖν
1296 699 1368 763 θεο-

189 804 402 887 πρεπέστατον
431 805 484 865 καί
507 801 723 887 χειροτονησαί
746 823 831 880 τινα,
860 803 894 865 ὃν
919 803 1079 886 ἀγαπητὸν
1108 800 1177 864 λίαν
1200 801 1293 883 ἔχετε
1316 801 1367 863 καί

163 912 324 989 υᾶοκνον,
348 909 382 983 ὃς
405 907 569 990 δυνήσεται
601 906 772 990 θεοδράμος
802 906 989 972 καλεῖσθαι·
1022 915 1131 970 τοῦτον
1161 906 1367 984 καταξιῶσαι,

188 1016 240 1077 ίνα
260 1013 426 1094 πορευθείς
456 1012 498 1087 εἰς
527 1009 641 1092 Συρίαν
673 1009 789 1094 δοξάση
819 1011 904 1094 ὑμῶν
934 1013 990 1093 τὴν
1023 1013 1136 1074 ἄοκνον
1167 1011 1296 1094 ἀγάπην
1326 1011 1367 1085 εἰς

189 1117 282 1195 δόξαν
306 1120 394 1183 θεοῦ.
441 1119 470 1182 3.
495 1115 681 1197 Χριστιανὸς
704 1115 816 1178 ἑαυτοῦ
840 1115 981 1193 ἐξουσίαν
1005 1117 1063 1178 οὐκ
1085 1117 1166 1198 ἔχει,
1190 1115 1276 1179 ἀλλὰ
1301 1117 1366 1198 θεῷ

191 1220 349 1305 σχολάζει.
395 1222 545 1285 τοῦτοτί
569 1220 659 1303 ἔργον
683 1221 761 1284 θεοῦ
785 1218 867 1282 ἐστιν
889 1220 942 1281 καί
958 1219 1054 1302 ὑμῶν,
1078 1222 1152 1282 ὅταν
1168 1221 1245 1282 αὐτὸ
1268 1221 1366 1303 ἀπαρ·

192 1325 307 1408 τίσητε.
353 1325 488 1388 πιστείιω
510 1325 572 1407 γὰρ
593 1331 631 1405 τῇ
646 1322 758 1404 χάριτι,
783 1324 828 1385 ὅτι
851 1322 967 1407 ἕτοιμοί
983 1323 1053 1388 ἐστε
1076 1325 1118 1400 είς
1141 1325 1283 1388 εὐποιίαν
1300 1327 1365 1407 θεῷ

153 1451 178 1487 ιο
193 1428 381 1512 ἀνήκουσαν.
428 1428 516 1503 εἰδὼς
545 1428 631 1510 ὑμῶν
660 1428 696 1489 τὸ
727 1426 873 1491 σύντονον
902 1438 956 1512 της
986 1428 1155 1513 ἀληθείας,
1187 1429 1228 1493 δι’
1252 1428 1365 1514 ὀλίγων

190 1533 270 1616 ὑμᾶς
292 1534 481 1617 γραμμάτων
504 1531 715 1613 παρεκάλεσα.

274 1639 362 1705 VIII.
387 1636 474 1700 Ἐπεί
499 1639 552 1700 οῦν
582 1637 697 1711 πάσαις
721 1644 788 1711 ταῖς
812 1635 992 1720 ἐκκλησίαις
1022 1638 1081 1699 οὐκ
1102 1637 1266 1723 ἡδονή-θην
1289 1640 1364 1724 γρά-

188 1742 243 1825 ψαι
266 1743 375 1806 διὰτὸ
398 1742 542 1826 ἐξαίφνης
565 1741 654 1804 πλεῖν
678 1762 716 1825 με
738 1741 801 1804 ἀπὸ
826 1738 973 1822 Τρωάδος
996 1742 1039 1816 εἰς
1062 1741 1240 1821 Νεάπολιν,
1265 1744 1309 1820 ὡς
1331 1746 1365 1807 τέ

188 1845 315 1931 θέλημα
338 1846 537 1928 προστάσσει,
560 1846 689 1928 γράψεις
712 1855 780 1920 ταῖς
803 1846 981 1928 ἔμπροσθεν
1005 1845 1195 1930 ἐκκλησίαις,
1220 1848 1264 1924 ὡς
1288 1853 1364 1915 θεοῦ

148 1974 174 2010 ιι
187 1951 313 2035 γνώμην
336 1951 541 2036 κεκτημένος,
574 1951 617 2026 είς
639 1953 675 2013 τὸ
696 1952 749 2013 καί
779 1952 890 2026 αὐτοὺς
912 1953 947 2013 τὸ
971 1952 1046 2014 αὐτὸ
1078 1961 1225 2034 ποιησαι,
1259 1952 1290 2015 οί
1312 1954 1364 2036 μὲν

186 2055 349 2138 δυνάμενοι
372 2057 485 2135 πεζοὺς
508 2055 644 2140 πέμψαι,
668 2055 696 2118 οἱ
720 2055 753 2118 δέ
777 2054 942 2130 ἐπιστολάς
965 2056 1016 2118 διά
1038 2063 1100 2119 τῶν
1123 2056 1184 2119 ὑπὸ
1208 2077 1265 2119 σου
1290 2078 1364 2140 πεμ·

186 2159 346 2242 πομὲνων,
377 2163 429 2224 ἵνα
451 2160 629 2250 δοξασθητε
660 2159 775 2243 αἰωνίῳ
798 2160 895 2243 ἔργῳ,
926 2159 968 2234 ὡς
992 2158 1075 2236 άξιος
1106 2160 1160 2225 ὢν.
1208 2165 1238 2226 2.
1264 2162 1363 2224 ἀσπά-

186 2263 278 2346 ζομαι
301 2264 420 2338 πάντας
447 2263 480 2340 ἐξ
506 2264 657 2348 ὀνόματος
684 2266 736 2327 καί
760 2266 814 2347 την
847 2275 902 2326 τοῦ
926 2263 1111 2345 Ἐπιτρίπου
1141 2268 1198 2329 σὺν
1227 2265 1293 2350 ὅλῳ
1322 2273 1363 2348 τῷ

186 2369 263 2450 οἴκῳ
287 2369 457 2452 αὐτῆςναί
480 2378 542 2433 τῶν
570 2369 697 2433 τέκνων.
743 2370 922 2451 ἀσπάζομαι
946 2368 1101 2431 Ἀτταλον
1125 2370 1178 2431 τὸν
1202 2369 1363 2455 ἀγαπητὸν

146 2491 173 2529 ω
186 2491 256 2553 μου.
302 2472 480 2556 ἀσπάζομαι
503 2476 555 2537 τὸν
587 2473 741 2557 μέλλοντα
769 2472 998 2550 καταξιοῦσθαι
1021 2482 1075 2535 τοῦ
1104 2473 1147 2547 εἰς
1170 2471 1288 2555 Συρίαν
1310 2495 1363 2536 πο-

187 2575 345 2656 ρεῦεσθαι.
392 2578 478 2640 ἔσται
500 2578 521 2661 η
542 2579 633 2662 χάρις
656 2576 724 2660 μετ’
746 2578 841 2639 αὐτοῦ
865 2576 915 2638 διὰ
937 2577 1052 2651 παντὸς
1074 2577 1128 2638 καί
1152 2587 1208 2639 τοῦ
1231 2577 1362 2662 πέμπον-

186 2699 237 2753 τος
262 2681 355 2743 αὐτὸν
387 2679 607 2764 Πολυκάρπου.
654 2687 682 2748 3.
707 2681 866 2763 ἐρρῶσθαι
895 2682 974 2763 ὑμᾶς
1005 2680 1055 2743 διὰ
1084 2682 1201 2756 παντὸς
1233 2683 1267 2746 ἐν
1299 2685 1363 2765 θεῷ

184 2782 272 2866 ἡμῶν
305 2782 409 2869 Ἰησοῦ
431 2784 558 2870 Χριστῷ
582 2790 731 2869 εὔχομαι,
765 2785 797 2847 ἐν
822 2783 846 2868 ᾧ
869 2784 1043 2868 διαμείνητε
1074 2784 1105 2847 ἐν
1135 2784 1258 2870 ἐνάτητι
1287 2789 1363 2852 θεοῦ

184 2890 238 2950 καί
261 2888 425 2973 ἐπισκοπῇ.
472 2891 651 2973 ἀσπάζομαι
674 2888 814 2974 Ἀλκην,
849 2890 885 2951 τὸ
917 2889 1058 2972 ποθητόν
1081 2902 1132 2971 μοι
1162 2891 1273 2973 ὄνομα.
1319 2892 1364 2972 ἐρ-

146 3013 172 3051 ιι
186 2995 295 3073 ρωσθε
318 2992 351 3056 ἐν
375 2993 482 3076 κυρίῳ.

256 3165 272 3216 2
290 3162 440 3219 ἀναστάσει
459 3163 505 3217 Gh
518 3181 524 3214 z
538 3162 642 3233 αἰτήσει
662 3163 737 3231 ςίΑ)
756 3162 860 3231 Lightf.
882 3163 885 3231 Ι
901 3167 1030 3233 μαθητὴν
1049 3162 1127 3230 LAg
1147 3170 1300 3236 ῑπαθητην
1318 3165 1341 3218 G
1361 3176 1364 3234 j

185 3250 429 3318 5κοιταξιᾰ>σαιοι
457 3250 546 3318 (πῦσε)
566 3267 584 3318 g
603 3268 609 3302 ι
628 3254 830 3316 καταξιοῦσθαι
850 3248 927 3316 LISI)
952 3248 956 3318 Ι
983 3248 997 3300 7
1019 3255 1088 3306 θεοῦ
1107 3250 1196 3320 Ιιὸίς
1216 3271 1222 3304 :
1243 3256 1368 3324 Χριστοῦ

185 3334 297 3402 G‚>A
323 3337 326 3404 Ι
351 3336 367 3389 8
385 3336 454 3392 αὐτὸ
473 3335 678 3404 θίΑςιαύτὼ
697 3335 728 3397 G,
749 3335 804 3403 ipsi
823 3335 844 3388 L
868 3338 872 3402 Ι
900 3335 932 3388 10
951 3333 1029 3401 εἰδὼς
1047 3333 1229 3405 Ιιςε-ί-οὖν
1248 3338 1281 3401 G,
1302 3355 1366 3392 nam

184 3423 247 3477 etA
264 3423 267 3492 ί
283 3423 419 3479 σύντονον
428 3422 452 3476 G
465 3441 471 3473 :
484 3423 625 3492 σύντομον
644 3423 700 3490 gL,
721 3419 834 3491 ἕτοιμον
845 3422 919 3488 (?)A
935 3423 939 3491 ί
957 3424 988 3474 12
1007 3418 1056 3478 οὖν
1073 3422 1365 3494 LgtnamA,>G,³

185 3509 219 3560 14
246 3518 305 3575 ταῖς
331 3504 494 3581 ἔμπροσθεν
513 3510 536 3563 G
554 3526 573 3576 g
590 3510 636 3577 (A)
656 3527 662 3560 ι
681 3507 745 3561 aliis
766 3508 786 3561 L
812 3512 815 3575 1
844 3509 874 3560 17
892 3509 1072 3578 δοξασθῇςίι
1098 3512 1101 3578 Ι
1129 3510 1162 3562 18
1184 3514 1300 3568 συνόλω
1318 3512 1342 3567 G
1363 3522 1366 3569 ἶ

184 3596 218 3648 20
237 3599 358 3668 Συρίαντ
372 3597 543 3667 Ἀντιόχειαν
560 3596 578 3649 S
603 3595 607 3663 ί
632 3598 665 3649 23
685 3600 809 3668 Χριστοῦ
828 3595 850 3648 G
878 3598 882 3664 Ι
907 3595 941 3647 24
959 3592 1113 3652 ἐπισκόπου
1132 3600 1157 3650 Α
1182 3614 1186 3666 γ
1209 3596 1299 3670 ἄλκην
1318 3600 1342 3654 G
1363 3632 1366 3667 γ

183 3703 232 3751 μοι
246 3701 252 3733 :
264 3704 320 3752 μου
339 3684 361 3737 G
379 3684 432 3753 125
450 3687 535 3758 κυρίῳ
549 3701 554 3735 :
569 3683 736 3752 subscripsit
754 3683 826 3756 πρὸς
845 3682 1030 3753 Πολύκαρπυν
1051 3682 1074 3736 G

219 3823 280 3887 VII,
302 3826 323 3877 1.
351 3822 510 3894 ἀναστάσει]
538 3824 556 3877 i.
577 3842 598 3878 e.
623 3841 756 3879 resurrec-
787 3829 858 3896 ιη’σει
872 3822 948 3893 ὑμῶν
967 3822 1001 3875 cf.
1016 3822 1101 3876 verba
1120 3822 1150 3879 ἐν
1171 3829 1205 3894 τῇ
1224 3830 1370 3898 προσευχῇ

185 3908 262 3962 tione
281 3910 366 3973 facta,
386 3929 448 3964 cum
466 3912 601 3965 Dominus
618 3930 669 3967 nos
687 3913 757 3966 iudi·
786 3910 878 3979 ὑμῶν,
908 3927 980 3976 quae
1007 3911 1142 3979 leguntur
1169 3910 1243 3981 Eph.
1263 3916 1315 3975 ⁶20,
1339 3917 1368 3976 l;

185 3994 269 4049 cubit.
306 3995 347 4049 cf.
368 3996 445 4051 Rom.
465 3999 489 4057 4,
503 3998 533 4060 2;
553 3999 576 4060 5,
595 3998 618 4060 3,
636 3999 684 4051 ubi
703 3998 757 4052 dis·
785 3997 893 4050 Philad.
913 3999 937 4061 8,
957 3999 985 4058 2;
1005 3997 1061 4050 Sm.
1081 3999 1120 4059 ll,
1142 4002 1163 4053 1.

185 4081 309 4150 cipulum
328 4100 357 4136 se
377 4084 502 4137 futurum
522 4101 581 4138 esse
598 4085 675 4146 dicit,
695 4102 757 4138 cum
820 4085 895 4139 2—3.
916 4086 1026 4154 Fragm.
1053 4103 1105 4154 syr.
1126 4085 1222 4139 Curet.
1242 4087 1297 4142 200
1317 4105 1367 4156 σιμ,

184 4169 311 4237 martyrii
338 4171 479 4240 particeps
508 4170 599 4224 fuerin
636 4172 680 4224 Ad
704 4171 757 4224 lec·
785 4171 836 4224 236
844 4173 881 4241 (—
896 4170 1312 4245 ιῖπαρτίσητε).-πρέπεικτλ]
1323 4176 1368 4229 Ad

184 4255 292 4310 tionem
310 4258 429 4311 alteram
447 4256 492 4310 vel
511 4256 595 4311 verba
620 4255 650 4313 ἐν
668 4260 701 4328 τῇ
718 4254 758 4313 αἰ·
770 4248 773 4314 Ι
784 4258 855 4310 haec
865 4257 981 4325 respicit
988 4256 1158 4327 Polycarpus
1170 4259 1288 4314 adPhil.
1300 4264 1367 4326 13,1.

668 4416 876 4426 ———
