2834 5018
422 685 471 739 AD
490 684 665 741 EPHESIOS
684 686 757 749 ΧΙΠ,
778 686 889 751 l-XV‚
910 689 934 743 3.
1206 691 1269 757 225

176 861 263 926 XIII.
288 863 373 927 Date
395 863 503 946 itaque
526 886 674 947 operam,
707 869 743 928 ut
767 865 938 930 crebriores
971 867 1207 951 congregemini
1229 867 1270 933 ad

81 969 210 1052 gratias
227 968 284 1031 deo
308 968 447 1052 agendas
463 973 496 1031 et
511 969 551 1032 ad
566 990 638 1032 eum
661 968 863 1033 laudandum.
911 967 1044 1045 Quando
1061 969 1145 1034 enim
1168 971 1269 1036 crebri

82 1073 116 1136 in
143 1073 278 1136 eundem
302 1072 408 1136 locum
424 1072 606 1150 convenitis,
631 1073 868 1137 labefactentur
889 1074 972 1138 vires
992 1078 1122 1138 satanae
1146 1078 1177 1139 et
1192 1097 1268 1139 con·

80 1177 197 1241 cordia
218 1181 342 1241 vestrae
364 1177 439 1241 fidei
461 1177 594 1241 solvitur
617 1179 757 1255 exitium,
783 1180 867 1263 quod
890 1179 945 1243 ille
971 1179 1076 1245 infert.
1123 1181 1152 1243 2.
1177 1179 1269 1244 Nihil

81 1282 302 1365 praestantius
324 1304 403 1367 pace
426 1287 484 1359 est,
509 1305 571 1366 qua
594 1283 740 1348 aboletur
762 1305 855 1348 omne
884 1283 1007 1348 bellum
1029 1284 1214 1349 caelestium
1236 1288 1294 1349 ets

80 1390 290 1452 terrenorum.

174 1491 260 1557 XIV.
285 1492 426 1570 Quorum
441 1493 521 1557 nihil
536 1515 591 1557 vos
614 1493 701 1570 latet,
719 1493 747 1556 si
769 1492 909 1576 perfecte
928 1493 1103 1558 habueritis
1118 1492 1267 1559 inlesum

77 1594 248 1661 Christum
269 1598 364 1662 fidem
387 1601 419 1661 et
441 1597 624 1675 ceritatem,
657 1620 738 1682 quae
761 1598 886 1662 initium
909 1599 994 1663 vitae
1017 1604 1049 1663 et
1079 1599 1150 1663 finis
1174 1604 1265 1664 sunt:

79 1700 276 1784 principium
309 1701 436 1786 quidem
457 1701 552 1780 fides,
586 1701 658 1765 finis
680 1724 755 1766 vero
789 1703 913 1767 ceritas.
961 1704 1051 1768 Haec
1076 1708 1182 1768 autem
1205 1705 1266 1768 duo

79 1804 112 1868 in
138 1827 238 1868 unum
267 1807 413 1869 coeuntia
436 1807 513 1870 deus
535 1809 624 1883 sunt,
658 1807 766 1870 omnia
798 1828 873 1871 vero
905 1807 968 1872 alie
1002 1810 1042 1873 nd
1075 1809 1266 1893 probitatem
1280 1827 1305 1864 1⁰

78 1909 277 1992 pertinentia
300 1915 506 1975 consectanea
529 1916 612 1974 sunt.
660 1913 688 1974 2.
715 1909 832 1974 Nullus
855 1911 951 1975 fidem
967 1913 1120 1995 profitens
1142 1917 1263 1997 peccat,

77 2035 184 2097 neque
203 2014 366 2078 caritatem
388 2015 553 2098 possidens
569 2014 645 2078 odit.
690 2017 874 2094 Maatfeatc
899 2024 950 2079 est
967 2019 1070 2081 arbor
1092 2038 1136 2081 es
1147 2020 1264 2097 fructu

76 2138 161 2198 arco;
193 2118 338 2183 simiIIter
360 2119 415 2203 qui
437 2120 627 2203 profitentur
649 2141 683 2183 se
707 2117 825 2183 Christi
847 2141 928 2196 esse,
960 2142 999 2184 ex
1020 2121 1074 2199 iis,
1108 2144 1189 2204 quae
1212 2123 1262 2187 fa-

76 2223 175 2299 ciunt,
204 2228 380 2287 cernentur.
426 2222 501 2286 Non
524 2223 606 2287 enim
628 2244 712 2287 nunc
733 2223 939 2306 professionis
963 2246 1045 2308 opus
1069 2229 1134 2302 est,
1158 2228 1214 2291 sed
1235 2227 1263 2290 si

76 2328 151 2411 quis
178 2327 211 2389 in
234 2328 350 2392 virtute
371 2328 446 2392 fidei
467 2327 646 2391 invenietur
670 2348 769 2408 usque
793 2328 959 2393 adfinem.
1043 2402 1049 2407 ,
1277 2353 1302 2391 ra

168 2431 238 2495 XV.
263 2431 379 2496 Melius
402 2436 450 2495 est
471 2437 576 2496 tacere
599 2438 631 2496 et
653 2454 736 2508 esse,
771 2455 867 2517 quam
889 2434 1075 2519 loquentem
1097 2458 1161 2500 non
1183 2458 1261 2501 esse.

75 2535 204 2600 Bonum
228 2540 276 2600 est
305 2537 431 2612 docere,
465 2536 501 2613 si,
526 2537 581 2620 qui
613 2536 705 2613 dicit,
738 2537 845 2603 faciet.
894 2538 986 2605 Unus
1019 2541 1119 2625 igitur
1142 2543 1261 2619 doctor,

75 2640 133 2724 qui
158 2642 257 2720 (lircil,
280 2649 315 2704 et
332 2643 463 2720 sactum
487 2650 556 2721 eat;
585 2643 693 2708 sedet
717 2665 797 2726 quae
821 2644 917 2709 silens
942 2646 1027 2721 fecit,
1053 2646 1149 2730 digna
1171 2651 1262 2730 petre

74 2749 161 2809 sunt.
212 2746 241 2808 2.
267 2744 329 2822 Qui
356 2746 488 2810 verbum
517 2745 587 2810 lesu
619 2748 777 2830 possidet,
810 2770 882 2813 vere
904 2754 1013 2833 potest
1045 2754 1078 2814 et
1100 2750 1263 2815 silentium

75 2850 180 2935 ipsius
204 2851 327 2929 audire,
361 2856 396 2914 ut
418 2850 578 2934 perfectus
601 2851 658 2929 sit,
683 2855 719 2915 ut
739 2873 798 2935 per
821 2874 867 2931 ea,
896 2875 977 2937 quae
999 2854 1158 2937 loquitur,
1183 2875 1260 2939 ope·
1275 2871 1300 2909 ²⁰

75 2960 168 3020 retur
192 2961 224 3020 et
244 2977 302 3039 per
324 2955 485 3019 silentium
508 2976 600 3019 suum
623 2961 844 3039 cognoscetur.
892 2959 921 3022 3.
949 2957 1042 3022 Nihil
1056 2958 1136 3023 latet
1158 2960 1260 3023 domi-

72 3082 171 3136 num,
206 3061 260 3124 sed
291 3066 322 3125 et
346 3082 462 3124 arcena
488 3064 598 3124 nostra
620 3080 720 3143 prope
751 3060 856 3144 ipsum
884 3065 966 3125 sunt.
1015 3059 1131 3125 Omnia
1153 3062 1261 3146 itaque

74 3165 234 3229 faciamus
260 3166 349 3249 quasi
371 3166 441 3249 ipso
463 3165 496 3228 in
518 3164 611 3228 nobis
633 3163 816 3243 habitante,
847 3170 883 3229 ut
906 3165 994 3228 illius
1020 3166 1118 3230 simus
1140 3165 1261 3249 templa

151 3359 181 3412 11
201 3357 302 3410 Matth.
324 3357 363 3420 12,
384 3357 425 3411 33.
444 3388 478 3398 -
499 3356 530 3411 17
549 3356 593 3410 Ps.
613 3358 653 3422 32,
673 3359 703 3421 9;
724 3358 780 3420 148,
801 3359 831 3420 5;
850 3356 947 3411 Iudith
968 3356 1007 3421 16,
1029 3357 1068 3410 14.

73 3512 109 3574 Π,
129 3512 194 3574 785;
214 3511 277 3567 Holl
295 3530 322 3581 p.
344 3512 383 3566 19.
664 3511 748 3591 11502
766 3528 808 3577 sq.
826 3511 871 3579 (-
890 3509 966 3585 αὐτῷ
983 3509 1061 3568 ἐστιν
1079 3529 1104 3565 v.
1123 3510 1159 3579 3).

113 3602 135 3654 1.
156 3603 249 3657 πίστιν
274 3599 343 3668 κτλ]
372 3599 414 3653 cf.
443 3597 497 3652 Sm.
517 3599 546 3662 6,
568 3601 590 3653 1.
618 3594 666 3669 -Ι
716 3601 737 3652 1.
757 3598 867 3667 Fragm.
889 3616 942 3666 syr.
963 3598 1060 3653 Curet.
1077 3600 1134 3659 197,
1150 3599 1258 3669 292(-

71 3685 147 3760 dom
164 3687 235 3756 mh]
255 3687 296 3742 Cf.
316 3687 399 3740 Bam.
421 3688 443 3749 l,
462 3686 494 3748 6;
512 3684 607 3738 ITim.
629 3688 650 3749 1,
663 3684 764 3795 {Midi-
782 3717 817 3726 -
835 3681 914 3755 εἶναι]
934 3702 971 3739 ac.
988 3686 1095 3741 Christi
1108 3687 1161 3755 (14,
1171 3688 1198 3749 2)
1212 3687 1257 3742 vel

72 3777 100 3830 4.
119 3776 144 3827 5.
163 3804 199 3813 -
216 3775 284 3840 θεὸς
301 3771 385 3843 ἐστιν]
405 3773 423 3826 ι’.
443 3788 466 3825 c.
486 3770 575 3826 Deum
587 3788 651 3840 pos·
663 3802 666 3855 ἶ
680 3772 879 3827 Christianum.
892 3804 927 3813 -
939 3775 1026 3831 καλὸν
1040 3775 1110 3845 κτλ]
1124 3774 1165 3828 of.
1178 3772 1258 3831 Paul.

73 3862 159 3924 sidet,
178 3860 226 3927 qui
244 3859 329 3913 fidem
348 3862 377 3913 et
390 3858 538 3913 caritatem
556 3857 650 3914 habet.
679 3861 757 3914 Rom.
777 3860 801 3924 2,
821 3862 862 3915 21.
890 3892 926 3901 -
954 3857 1080 3934 ἃσιγῶν
1096 3862 1166 3931 xvh]
1193 3861 1256 3916 ie.

70 3948 118 4004 cf.
140 3951 180 4013 17,
200 3951 229 4010 2;
250 3949 343 4016 Magn.
365 3949 409 4009 15;
429 3945 512 4000 Trall.
533 3949 572 4009 11,
591 3946 615 4000 2.
679 3962 753 4012 quae
767 3947 894 4001 Christus
913 3946 949 4000 ab
969 3947 1047 4001 omni
1066 3947 1256 4004 ostentatione

110 4037 134 4089 2.
155 4035 286 4090 Antioch.
305 4036 379 4089 Mon.
394 4036 474 4089 H0m.
487 4036 528 4098 57,
548 4034 595 4091 PG
607 4035 649 4098 89,
679 4032 788 4088 alienus
806 4033 933 4103 perfecit

73 4123 144 4177 1606
162 4125 208 4192 (-
223 4121 418 4195 caupona).
437 4152 471 4162 -
489 4121 523 4179 oo
534 4121 589 4196 γὰρ
602 4130 651 4178 νῦν
712 4119 736 4173 2.
755 4123 789 4177 a·
807 4114 848 4178 ov
865 4127 944 4178 aare
959 4122 1031 4191 nn]
1063 4119 1198 4176 similiter
1216 4122 1256 4176 ui-

69 4210 145 4279 m]
164 4211 182 4263 i.
198 4228 220 4264 e.
240 4211 293 4264 hoc
305 4209 510 4279 persecutionis
522 4215 651 4278 tempore
678 4206 716 4261 cit
728 4206 914 4277 Hieronymus
925 4207 975 4277 Ep.
987 4209 1021 4262 24
1032 4209 1081 4261 (1.5
1098 4207 1132 4261 de
1145 4208 1254 4263 Asello:

70 4314 130 4351 non
143 4297 238 4352 onmia
256 4296 316 4351 sola
327 4296 502 4366 professione
520 4295 586 4351 fidei
603 4296 649 4349 ad·
678 4310 769 4349 sermo
788 4295 872 4349 silens
901 4299 930 4348 et
955 4292 1101 4348 silentium
1129 4296 1253 4363 loquens.

71 4384 293 4453 impletarum,
323 4383 372 4438 sed
391 4384 421 4436 id
446 4383 555 4452 agitur,
584 4400 651 4437 num
712 4384 737 4439 9.
756 4383 866 4451 Fragm
886 4400 940 4451 syr.
961 4383 1055 4437 Curet.
1067 4383 1126 4446 201,
1148 4384 1206 4439 236.
1220 4415 1254 4423 -

68 4472 137 4540 quis
154 4472 185 4525 in
209 4472 315 4526 virtute
333 4471 398 4525 fidei
426 4471 586 4525 invenietur
605 4488 649 4524 us·
677 4467 760 4542 ἐγγὺς
776 4469 847 4538 ast]
868 4470 908 4524 Cf.
929 4470 943 4523 I
961 4469 1046 4524 Glem.
1067 4471 1109 4534 27,
1128 4472 1152 4525 3.
1170 4502 1206 4511 —
1223 4469 1254 4528 ἐν

64 4575 127 4628 que
147 4559 185 4612 ad
202 4560 295 4613 finem.
676 4558 741 4627 ἡμῖν
757 4556 829 4626 κατ.]
849 4556 891 4611 cf.
912 4559 998 4626 apoc.
1018 4558 1059 4621 21,
1079 4556 1109 4621 3,
1127 4557 1209 4612 Barn.
1227 4559 1252 4621 6,

106 4646 166 4703 XV.
185 4646 317 4702 Antioch
328 4646 402 4700 Mon
411 4646 491 4700 Hom
498 4646 541 4711 22,
549 4644 597 4701 PG
606 4644 648 4711 89,
678 4645 717 4699 14.
739 4645 786 4707 15;
807 4645 846 4709 16,
862 4647 951 4714 laqq.
969 4675 1004 4685 -
1022 4645 1097 4716 moll
1114 4643 1255 4700 thttor,

124 4753 230 4803 Frank,
244 4752 324 4794 Patren
338 4758 412 4802 apost.
428 4752 464 4793 ed.
479 4753 513 4794 11.
1010 4738 1059 4802 hb
