2834 5018
145 235 208 301 628
576 221 730 278 fluam
748 220 889 275 PASTOR

143 414 198 468 τοῦ
223 401 363 488 [redibo
386 398 512 484 ἠρμένοι
536 402 590 463 καὶ
606 397 782 481 τεθειμένον
805 397 848 472 εἰς
870 400 927 479 τὴν
943 397 1128 481 οἰκοδομὴν
1154 408 1217 461 τοῦ
1241 397 1347 481 πύργοι

146 510 213 572 ἀντὶ
229 516 291 570 τῶν
306 504 582 592 ἀποβεβλημένων,
605 504 637 566 αἱ
652 504 734 588 ῥίζαι
757 503 815 566 εἰσί
830 512 885 565 τοῦ
901 505 995 585 ὄρους
1010 512 1074 565 τοῦ
1091 500 1221 565 λευκοῦ
1238 503 1346 567 τούτω.

146 617 177 679 2.
202 612 269 674 ἐπεὶ
302 612 355 674 οὖν
389 611 418 674 οἱ
451 608 671 682 πιστεύσαντες
705 606 743 669 ἐκ
772 615 826 669 τοῦ
859 608 949 687 ὄρους
980 616 1040 668 τοῦ
1079 605 1212 669 λευκοῦ
1247 608 1347 682 aare

147 719 262 778 ἄνοικοι
286 715 472 799 εὑρέθησαν,
488 711 652 776 ἐκέλευσεν
676 711 693 774 ὁ
715 711 821 793 κύριος
843 720 897 772 τοῦ
913 709 1038 794 πύργου
1063 711 1209 786 τούτους
1225 711 1264 774 ἐκ
1286 715 1346 793 [τῶν

122 819 253 904 apator]
276 830 332 883 τοῦ
356 822 446 902 ὄρους
468 817 578 881 τούτου
602 814 759 901 βληθῆναι
782 815 825 889 εἰς
847 815 903 896 τὴν
927 814 1106 897 οἰκοδομὴν
1132 826 1197 879 τοῦ
1221 817 1345 900 vappae

148 925 229 1008 ἔγνω
257 924 337 1008 γάρ,
368 925 431 1001 ὅτι,
463 922 518 985 ἐὰν
547 919 731 987 ἀπέλθωσιν
764 920 807 995 εἰς
836 921 891 1002 τὴν
910 918 1101 1002 ,οἰκοδομὴν
1140 929 1205 983 τοῦ
1240 922 1346 1006 πύργον

149 1028 178 1092 οἱ
200 1026 286 1094 λίθοι
309 1026 410 1106 οὗτοι,
440 1027 617 1108 διαμενοῦσι
649 1023 784 1106 λαμπροὶ
806 1024 859 1086 καὶ
890 1022 991 1096 οὐδεὶς
1023 1024 1139 1086 αὐτῶν
1174 1024 1346 1109 pataviae„

150 1135 180 1198 3.
205 1133 323 1210 Quodsi
347 1134 384 1197 de
407 1133 520 1197 ceteris
543 1131 704 1196 montibus
728 1131 900 1206 adiecisset,
925 1150 1058 1193 necesse
1083 1131 1265 1198 habuisset
1285 1157 1345 1198 rur-

150 1260 203 1301 sus
226 1238 355 1301 visitare
378 1257 449 1300 eam
471 1241 591 1300 turrem
614 1240 710 1318 atque
731 1256 878 1319 purgare.
926 1233 971 1297 Hi
994 1240 1112 1299 autem
1139 1259 1259 1302 omnes
1281 1263 1345 1304 can·

113 1362 138 1397 10
152 1342 215 1406 didi
238 1342 356 1407 inventi
373 1346 454 1417 sunt,
480 1342 534 1425 qui
550 1340 747 1405 crediderunt
770 1343 801 1403 et
816 1339 869 1422 qui
884 1338 1037 1402 credituri
1060 1344 1161 1413 sunt;
1189 1365 1232 1406 ex
1247 1344 1347 1407 eodem

151 1445 233 1508 enim
256 1467 370 1530 genere
386 1451 467 1510 sunt.
498 1445 587 1509 Felix
603 1444 663 1508 hoc
678 1464 786 1528 genus,
812 1443 886 1527 quia
900 1442 1080 1506 innocuum
1098 1449 1163 1509 est.
1216 1451 1248 1511 4.
1272 1448 1346 1513 Audi

150 1571 234 1613 nunc
256 1555 288 1614 et
310 1551 348 1615 de
371 1550 435 1614 illis
457 1550 600 1615 rotundis
623 1548 782 1631 lapidibus
806 1551 837 1610 et
860 1545 1048 1630 splendidis.
1102 1549 1152 1614 Hi
1179 1574 1290 1617 omnes
1315 1555 1346 1617 de

150 1653 212 1717 hoc
235 1654 368 1718 candido
390 1659 496 1719 monte
519 1659 602 1718 sunt.
651 1652 735 1717 Audi
758 1657 878 1727 autem,
912 1673 1011 1734 quare
1034 1657 1181 1721 rotundi
1207 1667 1282 1724 sunt
1303 1682 1346 1724 re·

151 1757 243 1841 perti.
289 1757 428 1822 Divitiae
451 1779 525 1823 suae
556 1779 609 1821 eos
631 1756 783 1839 pusillum
814 1756 1067 1821 obscuraverunt
1093 1783 1114 1823 a
1141 1764 1284 1828 veritate
1305 1772 1346 1828 st·

115 1879 139 1918 υ
153 1883 214 1945 que
237 1861 494 1939 obfuscaverunt,
518 1863 617 1927 adeo
640 1883 713 1925 vero
739 1883 899 1945 nunquam
921 1871 1141 1940 recesseramt,
1170 1890 1235 1933 nec
1258 1869 1346 1934 ullum

152 1966 282 2030 verbum
304 1966 424 2030 malum
452 1967 606 2051 processit
629 1967 666 2030 de
689 1988 742 2030 ore
773 1988 894 2041 eorum,
930 1965 986 2029 sed
1009 1969 1123 2033 omnis
1150 1973 1302 2055 aequitas
1321 1982 1346 2036 et

152 2070 251 2134 virtus
273 2070 424 2135 veritatis.
472 2073 501 2134 5.
525 2069 649 2134 Horum
671 2091 747 2154 ergo
769 2073 905 2134 mentem
929 2091 1002 2149 cum
1026 2071 1173 2138 vidisset
1200 2077 1345 2142 dominus

152 2196 244 2258 posse
267 2196 320 2238 eos
343 2175 468 2239 veritati
491 2175 612 2253 favere,
643 2176 743 2239 bonos
766 2195 890 2258 quoque
912 2196 1119 2257 permanere,
1155 2181 1259 2246 iussit
1281 2203 1345 2266 opes

153 2299 260 2342 eorum
282 2279 476 2355 circumcidi,
509 2279 678 2342 nonenim
699 2279 733 2342 in
764 2283 866 2342 totum
896 2299 1006 2342 eorum
1029 2281 1130 2359 tolli,
1167 2290 1208 2349 ut
1232 2288 1345 2371 possint

113 2400 139 2438 νο
154 2381 273 2465 aliquid
296 2383 372 2446 boni
394 2384 498 2448 facere
522 2383 559 2446 de
582 2405 628 2459 eo,
654 2383 738 2466 quod
760 2382 804 2446 eis
827 2382 972 2446 relictum
996 2388 1056 2458 est,
1087 2393 1124 2450 et
1148 2390 1267 2455 vivent
1288 2392 1344 2454 deo.

154 2485 302 2568 quoniam
331 2509 368 2550 ex
392 2489 475 2552 bono
508 2507 621 2570 genere
652 2491 734 2550 sunt.
780 2485 853 2550 Ideo
876 2507 951 2569 ergo
973 2488 1146 2570 pusillum
1178 2495 1347 2561 circumcisi

153 2594 226 2654 sunt
248 2594 280 2653 et
302 2592 399 2676 positi
422 2591 549 2656 suntin
573 2595 762 2655 structuram
785 2592 879 2654 turris
901 2591 1006 2655 huius,

241 2690 304 2759 31.
335 2694 438 2760 Ceteri
469 2717 559 2772 vero,
599 2696 653 2779 qui
684 2695 786 2759 adhuc
821 2695 945 2759 rotundi
978 2710 1225 2769 remanserunt
1258 2726 1348 2790 neque

153 2799 254 2883 aptati
277 2805 351 2864 sunt
374 2801 406 2864 in
435 2822 505 2864 eam
527 2804 734 2876 structuram,
768 2800 842 2884 quia
863 2799 1004 2863 nondum
1030 2815 1245 2890 acceperunt
1269 2811 1349 2895 sigil-

115 2921 140 2960 υ
154 2902 234 2977 lum,
267 2905 397 2988 repositi
420 2909 494 2968 sunt
523 2925 580 2968 suo
603 2905 691 2980 loco;
724 2905 815 2969 valde
845 2905 928 2968 enim
950 2907 1086 2970 rotundi
1121 2917 1253 2996 reperti
1276 2925 1349 2980 sunt

154 3008 182 3071 2.
209 3006 341 3091 Oportet
364 3013 470 3072 autem
498 3009 678 3073 circumcidi
699 3009 759 3073 hoc
781 3007 940 3072 saeculum
971 3008 1012 3072 ab
1038 3009 1112 3076 illis
1138 3021 1175 3080 et
1200 3021 1351 3084 vanitates

154 3133 249 3194 opum
272 3133 416 3186 suarum,
448 3116 576 3177 ettunc
600 3113 783 3178 convenient
805 3112 910 3175 iudei
933 3131 1082 3194 regnum.
1139 3119 1291 3188 Necesse
1311 3129 1351 3186 est

222 3300 266 3363 4s5
286 3306 342 3354 τῶν
360 3299 443 3370 ῥιζῶν
462 3300 530 3369 1111)
543 3319 549 3352 :
563 3300 633 3365 >G
649 3304 653 3366 Ι
670 3303 684 3355 7
703 3305 849 3372 μελανὴσει
862 3319 869 3352 :
881 3302 1023 3367 μελανίσει
1045 3302 1071 3357 G
1094 3307 1200 3364 adhuc
1220 3313 1352 3366 exhibens

154 3406 207 3442 e..
227 3385 256 3441 δὲ
275 3390 303 3439 et
322 3385 351 3438 in
372 3385 417 3438 his
436 3385 538 3440 litteris
560 3387 698 3440 desinens.
726 3388 826 3441 Versio
844 3386 941 3447 latina,
962 3403 1039 3453 quae
1063 3390 1137 3447 inde
1161 3398 1202 3450 ab
1222 3399 1352 3454 hocloco

154 3489 241 3540 usque
259 3474 294 3526 ad
314 3472 395 3525 linem
424 3473 485 3527 loco
504 3477 598 3528 textus
626 3474 720 3544 graeei
739 3475 902 3531 exhibetur,
930 3476 973 3525 est
992 3475 1124 3545 vulgate.
1153 3500 1236 3550 quae
1255 3486 1352 3541 dieitur

154 3559 219 3626 (1⁴¹),
238 3576 255 3612 a
274 3559 418 3613 Geblmrdt
437 3559 571 3614 adhibitis
584 3578 631 3614 sex
651 3561 793 3616 codicibus
807 3559 963 3615 emendata
1003 3562 1063 3618 Ubi
1076 3573 1210 3636 mutavi,
1232 3575 1264 3628 in
1283 3575 1350 3629 notis

154 3645 290 3700 rationem
315 3646 431 3700 reddidi.
469 3648 567 3702 Altera
590 3649 681 3703 versio
699 3652 742 3703 est
767 3648 940 3717 aethiopica,
969 3646 1006 3700 ab
1027 3653 1169 3712 Antonio
1198 3662 1352 3717 d'Abbadie

153 3731 241 3784 latine
259 3731 377 3786 reddita.
415 3733 562 3788 Lectiones
582 3735 718 3789 versionis
731 3735 877 3790 Palatinae
894 3734 949 3804 (U)
970 3752 987 3787 a
1006 3741 1153 3798 versione
1174 3749 1302 3819 vulgata
1319 3748 1354 3801 di·

154 3824 312 3887 vergentes.
343 3821 457 3887 siquae
477 3822 591 3877 fuerunt
618 3822 732 3877 maioris
752 3822 895 3882 momenti,
923 3822 953 3874 in
972 3824 1054 3877 notis
1076 3835 1231 3904 exscripsi
1252 3848 1256 3899 ζ
1277 3838 1295 3892 8
1313 3837 1353 3890 ad-

154 3903 374 3974 iecisset.:†iri
393 3912 563 3961 structuram
589 3909 674 3963 turris
694 3909 728 3962 L‘
752 3913 756 3978 1
785 3911 859 3973 10111
880 3925 913 3961 ex
932 3939 968 3948 -
987 3915 1135 3971 sunttex
1165 3923 1259 3979 corde
1286 3925 1352 3978 enim

155 3992 269 4047 onulunt
283 3994 315 4047 L*
331 4000 335 4064 Ι
355 3996 430 4049 14‘15
444 4011 460 4047 a
474 4011 529 4048 ver.
543 3997 628 4062 atque
642 3994 905 4063 obfuscaverunt>
918 3995 951 4048 L*

190 4163 241 4221 lto,
263 4167 283 4219 1.
317 4187 338 4221 t.
367 4172 465 4223 λεν-κοῦ
493 4168 526 4237 π]
555 4185 592 4221 sc.
623 4168 921 4237 montiaduodecimi,
941 4169 1022 4224 cuius
1047 4176 1089 4231 ad
1103 4182 1230 4240 radices
1249 4187 1353 4258 lgpidffi
