2834 5018
286 685 510 742 MARTYRIUM
532 686 559 741 S.
577 686 784 743 POLYCARPI
800 687 848 752 IX,
867 687 979 753 3-XII,
1001 688 1022 743 1.
1185 693 1247 758 327

66 867 104 944 ei,
130 888 188 931 nec
210 888 260 930 me
291 865 359 929 ulla
382 865 489 929 affecit
518 866 650 941 iniuria:
683 871 715 931 et
738 868 895 950 quomodo
918 867 1038 950 possim
1061 867 1247 934 maledicere

67 972 135 1055 regi
160 992 240 1045 meo,
265 971 320 1053 qui
343 970 466 1034 salvum
491 991 540 1033 me
564 969 664 1034 fecit?

154 1076 193 1140 X.
219 1076 364 1159 Urgente
388 1097 496 1139 rursus
520 1075 577 1139 illo
600 1079 631 1139 et
654 1075 792 1139 dicente:
816 1076 889 1140 Iura
911 1097 968 1159 per
989 1076 1150 1141 fortunam
1167 1076 1245 1141 Gae-

66 1181 156 1259 saris,
180 1181 359 1263 respondit:
395 1178 430 1244 si
450 1202 566 1244 vanam
590 1201 628 1243 ex
651 1201 687 1243 eo
710 1180 836 1263 quaeris
865 1179 1015 1264 gloriam,
1048 1185 1085 1244 ut
1107 1202 1167 1265 ego
1189 1203 1248 1265 per

67 1284 213 1349 Caesaris
244 1285 423 1362 fortunam,
457 1289 492 1348 ut
514 1289 551 1348 tu
581 1285 642 1363 ais,
672 1285 790 1363 iurem,
825 1285 955 1350 simulas
988 1290 1094 1350 autem
1114 1287 1272 1364 nescire,⁶

67 1390 139 1473 quis
162 1389 239 1466 sim,
273 1389 382 1473 palam
405 1389 497 1452 audi:
534 1387 731 1453 Christianus
763 1412 841 1454 sum.
889 1388 923 1454 Si
949 1412 1023 1455 vero
1056 1390 1247 1455 christianae

67 1495 228 1558 doctrinae
251 1494 407 1557 rationem
429 1493 477 1556 vis
502 1493 629 1570 discere,
655 1494 694 1558 da
717 1494 779 1558 diei
794 1495 934 1579 spatium
956 1501 987 1560 et
1003 1495 1086 1560 audi.
1111 1497 1140 1559 2.
1158 1495 1247 1561 Dixit

65 1599 254 1682 proconsul:
278 1598 438 1662 Persuade
460 1597 589 1681 popule.
636 1598 832 1682 Polycarpus
847 1600 1027 1683 respondit:
1051 1601 1097 1664 'Pe
1120 1601 1247 1684 quidem

66 1724 211 1767 sermone
234 1703 366 1788 dignum
388 1702 516 1784 putavi:
549 1702 653 1766 edocti
675 1703 758 1767 enim
780 1725 889 1768 sumus
911 1704 1109 1788 principibus
1132 1711 1164 1770 et
1186 1727 1245 1789 po·

66 1810 239 1874 testatibus
262 1832 281 1872 e
305 1810 362 1873 deo
387 1808 540 1871 ordinatis
563 1807 713 1872 honorem
736 1808 828 1873 nobis
850 1829 915 1872 non
937 1813 1122 1886 nocentem,
1151 1814 1248 1893 prout
1261 1819 1286 1856 ¹⁰

66 1915 175 1990 decet,
215 1914 360 1986 deferre:
405 1911 478 1976 illos
511 1933 584 1975 vero
622 1912 770 1996 indignos
807 1916 902 1995 puto,
941 1912 1056 1994 quibus
1094 1913 1248 1978 rationem

72 2019 210 2083 reddam.
400 2063 401 2067 ,

155 2121 210 2186 XI.
235 2121 281 2186 At
309 2120 480 2205 proconsul
515 2121 611 2185 dixit:
646 2120 771 2186 Bestias
802 2121 923 2197 habeo:
957 2121 1007 2184 his
1039 2126 1071 2185 te
1102 2122 1246 2199 obiciam,

65 2227 129 2291 nisi
152 2227 353 2290 convertaris.
400 2225 473 2309 Ipse
495 2246 569 2288 vero
597 2226 778 2308 respondit:
813 2224 946 2290 Arcesse
970 2246 1038 2301 eas,
1073 2247 1130 2289 nos
1162 2226 1246 2290 enim

66 2332 186 2396 mutari
217 2354 282 2395 non
313 2353 480 2414 possumus
513 2329 756 2394 conversiouea
787 2328 969 2394 melioribus
1002 2330 1041 2393 ad
1071 2330 1245 2404 deteriora:
1261 2348 1286 2386 1⁶

65 2439 185 2501 bonum
210 2441 316 2500 autem
339 2440 397 2512 est,
423 2433 556 2498 amalis
579 2435 620 2498 ad
641 2434 726 2498 iusta
740 2435 883 2498 transire.
930 2434 960 2497 2.
984 2433 1106 2498 Rursus
1128 2434 1188 2498 iste
1209 2436 1249 2499 ad

67 2541 300 2626 Polycarpum:
325 2539 587 2623 Quandoquidem
602 2538 720 2602 bestias
736 2538 867 2621 spernis,
891 2538 1007 2622 ignite
1030 2539 1154 2602 tradam
1165 2560 1246 2603 con·

66 2647 263 2724 sumendum,
288 2646 349 2710 nisi
364 2645 555 2709 sententiam
569 2649 681 2709 mutes.
729 2642 787 2708 cui
802 2643 998 2726 Polycarpus
1015 2643 1111 2707 dixit:
1135 2642 1248 2728 Ignem

66 2751 207 2828 minaris,
233 2751 288 2834 qui
311 2751 351 2814 ad
373 2750 470 2814 horae
486 2749 625 2831 spatium
647 2749 735 2811 ardet
759 2769 796 2811 aa
810 2746 907 2830 paulo
929 2752 1003 2831 post
1018 2748 1247 2834 exstinguitur;

66 2855 196 2939 ignoras
220 2855 306 2919 enim
327 2855 418 2918 illum
441 2853 544 2917 futuri
558 2852 666 2917 iudicii
689 2857 721 2917 et
744 2858 890 2917 aeternae
912 2874 1034 2936 poenae
1049 2854 1167 2938 ignem,
1193 2853 1248 2938 qui
1261 2874 1287 2912 ro

66 2961 174 3043 impiis
205 2964 392 3024 reservatur.
438 2956 558 3021 Verum
582 2957 658 3040 quid
686 2958 845 3021 moraris?
878 2957 1005 3035 Profer,
1038 2958 1248 3041 quodcunque

66 3064 213 3129 volueris.
402 3062 407 3071 ’

155 3167 226 3232 ΧΠ.
251 3167 339 3232 Haec
366 3190 441 3233 vero
471 3173 567 3253 atque
589 3168 653 3234 alia
686 3168 780 3253 plura
804 3191 882 3233 cum
912 3168 1046 3242 diceret,
1080 3168 1194 3233 fiducia
1217 3172 1249 3232 et

68 3273 185 3358 gaudio
208 3271 392 3355 replebatur
422 3275 454 3335 et
475 3272 581 3337 vultus
610 3273 677 3337 eius
698 3273 812 3357 plenus
842 3273 963 3356 gratiae
986 3276 1071 3348 erat,
1108 3273 1186 3336 adeo
1209 3276 1246 3337 ut

66 3400 131 3441 non
155 3376 258 3440 solum
277 3396 341 3438 non
364 3375 541 3439 concideret
563 3376 601 3439 iis
625 3378 842 3454 conturbatus,
867 3398 947 3460 quae
970 3376 1032 3460 ipsi
1056 3376 1141 3440 dicta
1162 3380 1244 3453 suut,
1260 3395 1286 3434 ee

67 3529 206 3566 annorum
224 3511 342 3566 Romam
360 3512 505 3581 profectus
524 3528 584 3566 esse
603 3513 643 3567 iu·
655 3514 659 3564 t
671 3513 728 3568 fiat.
764 3514 807 3567 De
831 3511 1046 3569 mansuetudine
1072 3510 1247 3581 proconsulis

67 3600 205 3654 dicandus
226 3607 296 3653 erat.
672 3601 706 3654 cf.
726 3601 750 3664 9,
764 3599 795 3663 2;
817 3602 857 3664 12,
875 3603 897 3655 1.
911 3631 946 3639 -
958 3604 1009 3670 τὴν
1019 3602 1058 3669 μὴ
1069 3599 1248 3671 βλάπτουσαν

103 3686 136 3745 X,
157 3688 180 3739 1.
200 3683 306 3755 ὄμοσον
324 3706 348 3742 τ.
360 3707 384 3742 κ.
398 3686 491 3758 τύχην]
510 3685 646 3740 Similiter
671 3686 752 3758 ἡμᾶς]
782 3686 823 3742 Cf.
843 3688 924 3741 Mart.
942 3685 1002 3756 lgn
1028 3685 1121 3740 Vatic.
1141 3686 1164 3749 6,
1184 3685 1200 3738 6
1220 3688 1248 3740 et

66 3777 141 3828 Acta
168 3773 313 3842 Apollonii
341 3774 400 3827 cd
427 3773 456 3827 in
481 3773 561 3827 Anal
581 3772 644 3827 Bol·
673 3788 745 3840 quac
763 3773 804 3827 ibi
823 3773 956 3829 adnotavi
976 3773 1041 3841 (vol.
1061 3771 1093 3836 ll,
1114 3771 1166 3826 230
1185 3774 1246 3843 sq.).

66 3859 143 3913 land.
157 3859 222 3913 XIV
235 3860 334 3929 (1895),
348 3860 406 3916 287.
426 3891 460 3899 —
479 3860 646 3934 Χριστιανός
706 3859 754 3922 xl,
776 3861 798 3914 1.
817 3858 991 3930 ἀμετάθετος
1013 3860 1083 3930 κτλ]
1112 3857 1247 3912 Similiter

65 3947 133 4017 εἰμι]
160 3947 201 4001 cf.
221 3946 271 4015 ΕΡ.
290 3945 388 4001 Vienn
409 3950 438 4001 et
455 3945 545 4017 Lugd.
571 3945 646 4014 apud
671 3946 756 4000 Mart.
783 3946 842 4017 Ign
871 3947 962 4001 Vatic.
990 3947 1019 4011 0,
1041 3946 1069 4009 1;
1107 3946 1247 4000 Macarius

65 4034 133 4089 Eue.
154 4034 228 4088 ΗΕ.
241 4034 273 4098 V,
295 4038 318 4090 1.
339 4035 430 4090 1019.
450 4036 491 4089 20.
503 4035 553 4095 26;
572 4036 646 4087 Acta
671 4033 741 4102 Aeg.
760 4033 830 4103 Epp.
851 4034 892 4087 ed.
914 4033 993 4088 Floss
1014 4033 1081 4087 1850
1099 4050 1126 4101 p.
1146 4033 1205 4086 200.

64 4122 169 4177 Iustini
189 4140 211 4176 c.
225 4122 295 4175 2-4
314 4121 451 4191 (Ruinart,
471 4122 544 4175 Acta
561 4124 644 4175 mart.
707 4122 731 4174 2.
751 4119 830 4192 φέρει
849 4115 865 4177 8
882 4120 983 4193 βούλει]
1002 4117 1098 4173 Verba
1115 4120 1146 4173 in
1168 4117 1246 4173 Actis

65 4210 110 4264 ed.
131 4209 237 4264 Galura
255 4209 274 4272 l,
296 4208 459 4275 131-133);
489 4208 563 4261 Acta
580 4206 645 4261 Per·
672 4205 849 4260 creberrima
888 4205 929 4259 cf.
957 4205 1019 4260 Act.
1047 4205 1145 4259 lustin.
1175 4221 1197 4258 c.
1215 4205 1247 4265 4;

64 4300 124 4367 pet.
135 4300 164 4351 et
173 4297 257 4352 Felic.
271 4314 292 4351 c.
304 4294 441 4364 scubia
452 4295 473 4357 I,
482 4293 644 4362 204-209);
671 4291 793 4347 Tarachi
811 4295 864 4346 etc.
883 4307 905 4344 c.
927 4294 948 4346 1.
971 4293 995 4346 3.
1015 4295 1039 4349 7.
1058 4291 1083 4344 8.
1104 4290 1246 4360 (Ruinart-

65 4387 140 4438 Acta
158 4384 243 4454 Carpi
261 4386 285 4438 5.
303 4383 336 4436 34
355 4383 448 4451 (Teste
465 4381 524 4434 uad
539 4381 644 4436 Umers.
672 4380 777 4435 Galura
794 4379 814 4443 1,
838 4378 901 4441 133;
930 4377 977 4441 Ill,
999 4379 1040 4435 13.
1070 4380 1109 4433 19.
1138 4380 1179 4434 20.
1205 4380 1246 4434 37.

65 4472 114 4534 ΙΙΙ,
134 4472 204 4525 3-4
221 4490 249 4542 p.
267 4472 327 4525 442.
346 4470 416 4538 449).
671 4469 713 4521 41.
731 4467 785 4537 43).

101 4561 128 4613 2.
146 4568 245 4616 πεῖσον
263 4580 286 4614 τ.
306 4557 379 4628 dnn]
407 4572 444 4609 sc.
472 4557 505 4607 ut
530 4553 585 4609 tibi
604 4553 643 4608 di·
706 4553 764 4618 ΧΠ,
784 4557 805 4609 1.
824 4554 985 4623 συμπεσεῖν]
1006 4553 1049 4608 Cf.
1062 4553 1131 4609 Gen.
1140 4553 1164 4618 4,
1181 4554 1246 4614 5.6;

64 4644 151 4700 cendi
169 4647 198 4698 et
223 4644 294 4699 mihi
311 4649 341 4700 te
367 4641 507 4698 liberandi
533 4641 644 4696 occasio
671 4640 684 4694 1
702 4642 788 4695 Clam.
807 4640 832 4703 4,
851 4641 875 4695 3.
894 4639 919 4693 4.
