2834 5018
183 343 225 406 22
676 337 866 395 DOCTRINA

182 513 380 597 κλάσματος·
414 513 666 599 Εὐχαριστοῦμέν
690 537 749 594 σοι,
772 516 871 598 ποίτερ
892 516 992 599 ἡμῶν,
1022 516 1099 598 ὑπὲρ
1122 526 1176 600 τῆς
1199 514 1284 598 ζωης
1306 516 1360 576 καί

181 618 343 703 γνώσεως,
374 617 410 703 ης
439 618 608 703 ἐγνώρισας
636 619 708 703 ημῖν
737 620 788 682 διὰ
812 619 916 705 Ἰησοῦ
944 632 999 685 τοῦ
1026 620 1135 695 παιδός
1157 641 1232 683 σου·
1268 621 1317 682 σοί
1341 618 1362 701 η

182 722 257 800 δόξα
280 723 322 797 εἰς
345 726 416 798 τοὺς
438 723 563 799 αἰῶνας.
608 728 638 790 4.
675 725 779 806 ὥσπερ
810 723 848 810 ἦν
879 736 970 788 τοῦτο
1000 728 1036 788 τό
1064 724 1192 807 κλοίσμα
1221 724 1362 804 διεσκορ

182 827 329 911 πισμένον
352 828 458 892 ἐπάνω
481 838 543 893 τῶν
566 828 663 911 δρέων
692 830 745 891 καί
769 831 929 912 συναχθὲν
959 829 1081 914 ἐγένετο
1104 830 1154 908 ἐν,
1185 830 1266 891 οὕτω
1290 849 1362 891 συν·

156 934 317 1018 οαχθητω
340 955 397 997 σου
419 933 440 1017 ἡ
463 932 616 1019 ἐκκλησία
638 935 701 997 ἀπδ
723 943 786 999 τῶν
808 935 950 1017 περάτων
981 945 1037 1019 της
1065 945 1122 1019 γῆς
1151 933 1194 1008 είς
1223 937 1279 1017 τὴν
1303 937 1361 1016 σὴν

182 1037 360 1122 βασιλείαν·
384 1040 430 1102 ότι
455 1048 512 1101 σοῦ
536 1037 618 1101 ἐστιν
640 1038 661 1122 η
683 1039 758 1116 δόξα
780 1042 833 1103 καί
857 1039 1019 1124 ηδόναμις
1035 1040 1086 1103 διὰ
1100 1038 1203 1124 Ἰησοῦ
1220 1038 1361 1121 Χριστοῦ

181 1141 224 1216 εἰς
247 1145 317 1217 τοὺς
341 1142 465 1217 αἰῶνας.
512 1146 541 1209 5.
575 1143 680 1228 μηδείς
710 1144 744 1207 δὲ
772 1143 899 1228 φαγέτω
929 1145 1007 1228 μηδὲ
1029 1144 1124 1208 πιέτω
1147 1145 1210 1207 ἀπὸ
1232 1153 1286 1227 τῆς
1310 1143 1360 1206 εὐ-

181 1244 341 1329 χαριστίας
364 1247 460 1330 ὑμῶν,
491 1245 561 1310 ἀλλ’
583 1247 612 1311 οἱ
635 1247 859 1333 βαπτισθέντες
882 1249 925 1324 είς
948 1251 1046 1332 ὄνομα
1068 1248 1194 1331 κυρίου·
1222 1249 1276 1309 καί
1298 1249 1361 1330 γὰρ

181 1351 249 1431 περί
272 1351 382 1414 τούτου
406 1353 526 1434 είρηκεν
549 1352 566 1414 ό
588 1352 711 1435 κίιριος·
750 1352 812 1437 Μὴ
835 1352 922 1418 δῶτε
944 1355 982 1417 τὸ
1006 1355 1103 1437 ἅγιον
1126 1359 1194 1434 τοῖς
1218 1355 1305 1417 κυσί.

143 1475 167 1511 1⁰
269 1456 306 1520 X.
342 1453 430 1517 Μετὰ
453 1454 488 1517 δέ
510 1456 545 1517 τδ
568 1454 788 1541 ἐμπλησθῆναι
812 1460 911 1532 οὕτως
933 1457 1196 1540 εὐχαριστήσατε·
1242 1461 1272 1521 2.
1298 1455 1360 1518 Eo-

181 1557 386 1641 χαριστοῦμὲν
410 1579 474 1637 σοι,
507 1560 605 1641 ποὶτερ
634 1562 719 1644 ἅγιε,
750 1561 827 1644 ὑπὲρ
850 1570 904 1624 τοῦ
928 1560 1018 1645 ἁγίου
1042 1561 1192 1644 ὀνόματός
1214 1583 1288 1642 σου,
1324 1562 1360 1626 οό

181 1663 425 1746 κατεσκήνωσας
448 1663 481 1727 ἐν
504 1673 571 1740 ταῖς
593 1665 733 1748 καρδίαις
755 1666 854 1749 ἡμῶν,
878 1668 931 1729 καί
954 1666 1031 1748 ὑπὲρ
1060 1676 1114 1750 τῆς
1136 1664 1283 1749 γνώσεως
1306 1669 1360 1729 καί

180 1765 313 1842 πίστεως
335 1769 388 1830 καί
412 1769 601 1846 ἀθανασίας,
624 1767 661 1853 ἧς
684 1767 853 1853 ἐγνιίιρισας
876 1769 948 1853 ημῖν
971 1769 1022 1832 διὰ
1046 1768 1149 1854 Ἰησοῦ
1172 1780 1227 1833 τοῦ
1250 1771 1360 1846 παιδός

180 1893 254 1934 σου·
286 1873 333 1934 σοί
356 1872 376 1955 η
400 1872 475 1950 δόξα
498 1873 541 1948 εἰς
564 1877 635 1949 τοὺς
658 1874 781 1949 αἰῶνας.
828 1878 858 1940 3.
894 1874 949 1954 σύ,
972 1873 1109 1937 δέσποτα
1131 1875 1358 1958 παντοκράτορ,

142 1999 167 2038 ω
180 1977 314 2058 ἔκτισας
337 1979 379 2041 τὰ
402 1979 516 2042 πάντα
539 1979 644 2042 ἕνεκεν
667 1988 721 2041 τοῦ
745 1979 895 2062 ὀνόματός
918 2000 985 2059 σου,
1008 1977 1124 2061 τροφήν
1143 1999 1177 2041 τε
1193 1982 1246 2042 καί
1263 1981 1359 2042 ποτδν

179 2080 300 2156 ἐδωκας
330 2090 393 2156 τοῖς
420 2081 600 2164 ἀνθρώποις
632 2082 674 2158 είς
704 2083 893 2163 ἀπόλαυσιν,
927 2084 979 2146 ἵνα
1010 2104 1058 2146 σοι
1082 2083 1358 2166 εὐχαριστὴσωσιν,

178 2184 250 2268 ἡμῖν
273 2185 308 2248 δέ
331 2185 467 2268 ἐχαρίσω
490 2188 700 2270 πνευματικὴν
723 2189 839 2270 τροφὴν
862 2189 915 2250 καί
938 2189 1033 2251 ποτὸν
1056 2189 1109 2251 καί
1132 2189 1216 2271 ζωὴν
1233 2187 1358 2252 αἰώνιον

178 2289 230 2352 διὰ
240 2298 295 2351 τοῦ
307 2289 416 2364 παιδός
431 2311 497 2355 σου.
523 2295 552 2356 4.
570 2292 628 2373 πρδ
640 2290 765 2354 ποίντων
777 2289 1019 2375 εὐχαριστοῦμέν
1032 2313 1090 2371 σοι,
1104 2293 1150 2354 ότι
1168 2292 1299 2368 δυνατός
1312 2291 1338 2355 εί
1351 2313 1358 2326 ·

248 2426 264 2479 3
282 2435 366 2484 τοῦτο
385 2428 418 2484 τό
437 2444 483 2481 em
496 2447 502 2480 ι
516 2437 600 2485 τοῦτο
620 2427 673 2482 cod
689 2428 692 2498 ]
711 2428 743 2481 12
761 2431 840 2498 ἡμῶν
858 2443 903 2481 em
915 2447 922 2480 ι
935 2425 1013 2496 ὑμῶν
1031 2428 1084 2483 cod

214 2548 237 2601 3.
256 2548 424 2619 κλάσματος]
445 2551 462 2603 i.
483 2568 504 2604 c.
524 2552 608 2621 panis
628 2550 752 2606 cuchari·
781 2550 870 2603 stinus
895 2550 975 2620 Apol.
996 2551 1021 2615 Ι,
1041 2552 1092 2604 66:
1119 2564 1167 2622 τῆς
1185 2551 1359 2626 εὐχαριστίας

178 2636 242 2690 stici
261 2653 310 2689 scu
336 2638 461 2707 corporis
481 2638 586 2693 Christi
609 2654 706 2691 revera
723 2638 753 2691 in
781 2637 871 2694 οὐδενί
894 2633 968 2714 ἄλλῳ
992 2647 1141 2710 μετασχεῖν
1164 2636 1229 2707 ἐξόν
1247 2636 1359 2709 ἐστινῆ

178 2742 273 2789 cruce,
302 2725 395 2795 typicc
422 2725 451 2778 in
470 2725 642 2779 eucharistia
659 2726 752 2781 fracti.
781 2734 820 2800 τῷ
838 2726 996 2783 πιστεύοντι
1009 2725 1101 2796 ἀληθῆ
1113 2724 1182 2782 εἴναι
1193 2725 1228 2781 τὰ
1239 2731 1358 2798 δεδιδαγ-

179 2813 221 2868 cf.
240 2815 302 2867 Act.
321 2812 345 2875 2,
357 2812 405 2874 42;
426 2812 438 2864 Ι
459 2813 521 2867 Cor.
538 2813 577 2877 10,
594 2815 638 2875 16ι
659 2815 698 2875 11,
710 2814 751 2867 24.
779 2811 850 2880 μένα
862 2811 909 2883 ὑφ’
920 2816 1052 2884 ἡμῶνκαὶ
1067 2812 1230 2888 λουσαμένῳ
1243 2814 1276 2870 τό
1290 2810 1358 2885 into

179 2930 209 2940 —
230 2904 299 2970 ζωῆς
317 2905 362 2956 καί
383 2899 521 2973 γνώσεως]
542 2900 597 2954 cfr.
617 2901 752 2964 infra10,
779 2898 906 2970 ἀφέσεως
917 2898 1061 2973 ἁμαρτιῶν
1069 2905 1114 2957 καί
1126 2900 1165 2967 εἰς
1177 2898 1358 2972 ἀναγέννησιν

178 2986 208 3048 2;
227 2985 307 3048 11,2;
327 2987 529 3050 lclem.36‚2;
549 2987 752 3052 nonnata.
780 2988 899 3058 λουτρόν
926 3018 959 3025 -
977 2994 1059 3059 βαπτ.
1082 2987 1122 3055 εἰς
1140 2984 1230 3054 δ’νομα
1250 2987 1357 3060 κυρίου]

212 3074 236 3125 4.
255 3074 365 3142 κλάσμα
385 3115 409 3127 ..
429 3069 469 3144 ἕν]
490 3075 531 3128 Cf.
551 3075 752 3138 lcor.10‚17;
781 3072 915 3127 Similiter
938 3076 998 3128 Aet
1021 3076 1060 3137 19,
1080 3076 1096 3128 5
1114 3074 1249 3143 legimus,
1277 3073 1357 3128 disci·

177 3159 237 3230 Igu.
259 3159 328 3228 Eph.
342 3163 383 3221 20,
403 3163 425 3214 2.
446 3193 481 3200 -
498 3167 665 3234 αυναχθητω
682 3162 751 3232 κτλ]
765 3224 767 3233 Ι
779 3160 860 3230 pulos
875 3160 988 3214 Ioannis
1002 3158 1107 3228 Ephesi
1119 3158 1282 3228 baptizatos
1298 3178 1357 3215 esse

179 3248 221 3303 cf.
234 3248 274 3310 10,
286 3249 309 3300 5.
323 3248 424 3302 Matth.
435 3250 477 3312 24,
488 3249 529 3304 31.
549 3282 583 3288 -
602 3250 752 3323 βασιλείαν]
765 3246 767 3265 '
780 3247 810 3299 in
823 3247 935 3301 nominc¹
950 3245 1063 3300 Domini
1076 3245 1145 3298 Iesu.
1166 3246 1250 3300 'Peste
1262 3248 1357 3300 autem

178 3335 256 3388 Haec
267 3351 321 3387 vox
334 3351 397 3386 oum
408 3334 470 3387 voci
480 3333 608 3405 ἐκκλησία
621 3332 768 3405 opposita?
781 3334 916 3388 Doctrina
935 3333 999 3386 inde
1013 3348 1194 3399 nequaquam
1208 3334 1267 3386 iam
1281 3333 1357 3387 colli·

178 3421 223 3484 sit,
244 3437 360 3489 regnum
375 3419 478 3474 Christi
489 3422 613 3476 futurum
627 3422 751 3476 denotat
780 3424 903 3493 gendum
921 3423 971 3484 est,
991 3421 1020 3474 in
1040 3423 1217 3474 sacramento
1238 3421 1356 3474 admini-

177 3510 283 3562 Auctor
294 3507 381 3577 igitur
393 3507 422 3560 in
432 3509 559 3562 oratione
567 3509 754 3563 eucharistica
780 3510 896 3564 strando
914 3508 1027 3562 nonnisi
1044 3509 1130 3561 verba
1148 3507 1187 3574 είς
1204 3504 1296 3579 ὄνομα
1313 3531 1357 3566 κν

177 3613 221 3649 rcs
240 3600 381 3649 extremas
400 3597 428 3649 in
448 3598 610 3651 memorium
629 3600 752 3658 revocat,
765 3552 768 3643 i
780 3601 842 3669 ρίου
860 3597 927 3651 olim
945 3595 1074 3649 adhibita
1095 3611 1162 3648 csse.
1192 3595 1284 3664 Supra
1296 3597 1319 3655 7.
1335 3597 1355 3649 1.

177 3686 209 3736 ut
233 3682 369 3737 Dominus
396 3685 456 3753 ipsc
481 3685 581 3738 Matth.
604 3685 652 3747 26,
672 3686 707 3738 29
724 3689 753 3738 ct
781 3686 797 3737 3
827 3684 901 3736 enim
928 3683 1065 3737 Doctrina
1092 3682 1234 3737 distinctis
1264 3683 1356 3737 verbis

177 3768 279 3824 Paulus
301 3770 444 3839 apostolus
463 3770 475 3823 l
495 3772 555 3826 Gor.
571 3773 610 3834 ll,
630 3772 672 3824 26.
701 3771 752 3825 Ειι·
779 3769 926 3839 praecipit,
947 3774 978 3823 ut
996 3771 1079 3823 homo
1098 3769 1127 3822 in
1146 3769 1261 3824 nomine
1279 3770 1356 3825 trini·

177 3856 241 3910 dom
259 3858 319 3911 fcre
338 3858 494 3928 gratiarum
513 3859 596 3921 actio,
615 3877 688 3927 quae
706 3861 753 3914 hic
781 3859 847 3912 tatis
867 3858 1037 3927 baptizetur.

178 3940 209 3995 fit
226 3959 278 4011 pro
297 3948 413 4013 accepto
432 3962 506 4014 pane
526 3946 721 4010 eucharistico,
736 3964 753 3998 a
815 3946 847 3998 X.
869 3949 890 4000 1.
919 3943 1121 4016 ἐμπλησθῆναι]
1151 3944 1192 3998 Οί.
1213 3945 1312 3999 lounn.
1332 3947 1354 4008 6,

178 4027 676 4104 Pseudo-AthanasioDcvirginitatc
687 4051 709 4087 c.
719 4035 751 4088 13
781 4034 820 4094 1⁴2,
839 4032 889 4085 ubi
905 4048 960 4085 vox
980 4030 1014 4083 de
1034 4031 1158 4096 quinquo
1175 4030 1290 4085 milibus
1309 4032 1355 4085 ho-

178 4116 333 4181 etquidem
350 4134 402 4186 pro
420 4137 494 4187 pane
514 4121 654 4174 communi
666 4138 751 4173 cnun·
779 4119 882 4171 minum
910 4136 927 4171 a
945 4117 1065 4170 Domino
1090 4117 1260 4171 satiatorum
1278 4116 1355 4170 adhi-

177 4200 439 4258 tiundaexhibetur.
454 4205 750 4276 (Migneffloaaaoo.)
778 4205 867 4258 betur.
904 4205 966 4260 Vox
983 4206 1103 4270 indicat,
1128 4210 1258 4276 tempore
1277 4210 1355 4262 ortus

212 4289 235 4341 5.
265 4295 358 4360 μηδείς
374 4292 445 4361 κτλ]
465 4292 601 4349 Similiter
620 4292 689 4347 dicit
706 4292 931 4359 Ιιι-,Βοοόιίιιυο
964 4309 1026 4346 cum
1058 4309 1138 4346 sacra
1169 4310 1240 4348 cena
1270 4295 1354 4349 ctiam
