2834 5018
80 4398 133 4416 -ι

159 340 262 405 CXVI
606 335 887 391 Paomeonnnn

159 517 232 580 cet¹
258 521 290 580 et
312 516 353 579 H.
371 513 480 580 Kihn²
504 516 672 600 epistulam
694 516 743 579 illi
767 517 888 580 auctori
910 516 1145 580 attribuendam
1168 537 1235 580 esse
1260 537 1336 579 cen·

158 627 304 697 suerunt,
338 626 370 685 et
403 625 575 705 postquam
603 619 753 685 Aristidis
784 619 945 704 Apologia
975 620 1096 703 syriace
1125 641 1217 683 versa
1245 618 1336 683 tota3

158 726 286 789 inventa
308 729 365 801 est,
390 723 425 789 G.
451 725 578 809 Krdger
600 724 732 787 eandem
758 724 948 788 sententiam
973 723 1130 801 defendit,
1162 724 1216 788 sed
1238 724 1338 787 etiam

158 831 346 894 revocavit⁴.
383 830 505 894 Revera
527 833 636 892 auctor
651 828 807 912 epistulae
830 829 952 892 definiri
966 829 1077 912 nequit
1086 828 1108 903 ⁶,
1133 833 1165 892 et
1180 828 1338 893 Iustinum

158 935 303 1019 inprimis
327 957 397 999 eam
419 956 483 998 non
506 933 669 1016 scripsisse
690 954 773 997 nunc
795 932 861 996 fere
884 954 992 996 omnes
1015 933 1232 1009 consentiunt,
1265 955 1338 997 cunr

158 1044 256 1104 testes
280 1038 433 1103 luculenti
462 1038 565 1102 desint
587 1042 619 1101 et
645 1038 801 1121 scriptura
835 1041 938 1122 quoad
966 1039 1075 1103 stilum
1099 1062 1135 1103 ac
1163 1040 1336 1103 sententias

159 1148 200 1211 ab
231 1145 378 1229 operibus
409 1143 496 1207 illins
528 1141 629 1226 patris
664 1142 808 1226 genuinis
842 1143 978 1206 maxime
1012 1144 1164 1228 divergat.
1223 1144 1338 1227 Neque

158 1254 284 1332 tempus
317 1247 472 1331 epistulae
503 1246 672 1310 artioribus
703 1246 819 1311 finibus
854 1252 937 1311 certe
972 1248 1184 1313 circumscribi
1219 1252 1335 1333 potest.

159 1354 234 1419 Non
257 1352 387 1416 dubium
403 1351 529 1434 quidem
551 1355 608 1426 est,
633 1372 702 1413 earn
718 1355 821 1415 aetate
843 1352 1069 1434 persecutionis
1086 1350 1337 1417 Christianorum

161 1462 304 1522 exortam
327 1477 404 1520 esse.
452 1454 615 1519 Sententia
637 1453 890 1535 Ouerbeckiana‚
922 1458 956 1521 ni
979 1457 1092 1531 fallor,
1127 1458 1167 1522 ab
1190 1460 1337 1523 omnibus

159 1564 356 1647 reprobatur.
403 1560 515 1625 Altera
538 1582 576 1624 ex
598 1566 689 1644 parte
712 1561 850 1644 epistula
873 1563 912 1624 ad
934 1568 1060 1644 partem
1082 1562 1200 1626 saeculi
1222 1562 1254 1626 II
1269 1563 1336 1645 pn'·

159 1690 247 1733 orem
269 1688 364 1751 aegre
387 1665 551 1730 referenda
573 1670 630 1729 est.
677 1664 822 1729 Scribens
848 1667 878 1743 6,
895 1666 932 1741 93
956 1667 984 1743 7,
1003 1668 1031 1743 8,
1055 1689 1221 1730 numerum
1244 1665 1336 1730 chri-

164 1772 339 1837 stianorum
354 1771 571 1854 persecutione
587 1770 706 1854 augeri,
730 1775 840 1833 auctor
854 1770 995 1854 spatium
1018 1770 1130 1834 aetatis
1146 1771 1337 1835 christianae

159 1877 259 1941 maius
282 1876 437 1960 respicere
458 1874 590 1937 videtur.
636 1872 722 1936 Idem
738 1873 851 1937 saltem
874 1874 955 1937 inter
978 1878 1119 1938 auctores
1143 1875 1233 1937 nobis
1257 1895 1334 1957 cog-

158 1981 243 2045 nItos
266 1979 481 2044 Tertullianus
509 1978 631 2061 prImus
661 1977 890 2041 animadvertit.
937 1976 1048 2061 Itaque
1078 1977 1228 2062 colligere
1251 1978 1335 2047 licet.

161 2084 330 2169 epistulam
361 2084 413 2146 vix
443 2085 516 2145 ante
545 2082 704 2145 saeculum
727 2081 758 2145 II
790 2082 944 2158 medium.
977 2082 1111 2147 fortasse
1140 2083 1267 2148 saeculo
1291 2082 1337 2146 Ill

161 2189 373 2272 conscriptam
395 2209 471 2251 esse.
518 2187 724 2270 Argumenta,
750 2186 864 2269 quibus
887 2187 1065 2270 nuperrime
1085 2186 1334 2251 Heinzelmann⁶

161 2297 192 2356 et
214 2289 352 2376 Ba1j0n⁷
376 2291 565 2374 scripturam
581 2291 670 2354 annis
692 2292 863 2355 135-150
887 2291 936 2355 vel
960 2292 1085 2355 saeculo
1101 2290 1132 2354 Π
1154 2292 1257 2355 medio
1281 2314 1337 2355 ex·

161 2401 263 2461 ortam
285 2417 352 2460 esse
376 2396 589 2459 demonstrare
612 2395 816 2471 conabantur,
839 2417 903 2459 non
926 2400 1000 2458 sunt
1021 2396 1143 2459 idonea.

248 2499 299 2564 Ad
322 2501 516 2584 Diognetum
540 2499 694 2582 quendam
717 2500 888 2583 epistulam
911 2500 1061 2583 scriptam
1084 2499 1181 2563 fuisse
1204 2523 1243 2564 ex
1266 2522 1293 2564 c.
1320 2505 1335 2565 1

163 2610 312 2691 apparet,
344 2611 376 2669 et
398 2605 512 2668 Petrus
542 2602 694 2668 Hafloix⁸
716 2626 780 2668 non
810 2605 942 2687 paucisl
967 2605 1217 2687 approbantibus
1246 2605 1339 2670 illum

162 2711 295 2775 eundern
327 2709 426 2773 fuisse
459 2708 600 2791 putavit,
636 2729 698 2791 quo
731 2709 886 2791 magistro
920 2731 996 2772 usus
1032 2715 1079 2774 est
1107 2708 1151 2773 M.
1176 2709 1337 2774 Aurelius.

162 2812 334 2877 Kestner¹⁰
359 2812 455 2875 etiam
478 2811 657 2894 suspicatus
679 2816 735 2888 est,
760 2811 955 2895 Diognetum
978 2813 1056 2877 aM.
1074 2813 1204 2878 Aurelio
1226 2815 1339 2879 iuvene

161 2917 332 3002 impulsum
356 2916 469 2993 fuisse,
501 2919 537 2978 ut
560 2914 716 2980 lustinum
738 2914 845 3000 (quem
868 2939 926 3000 pro
950 2922 1077 2982 auctore
1099 2918 1256 3002 epistulae
1278 2919 1339 2983 ha·

189 3026 208 3030 -
227 3026 243 3122 'l
266 3070 355 3124 Bevus
374 3071 421 3124 dee
439 3071 574 3139 questore
592 3071 754 3139 historiques
775 3069 841 3123 1880
859 3067 984 3131 XXVIII,
1004 3069 1149 3123 601-612.

232 3158 248 3209 2
266 3156 326 3210 Der
348 3156 490 3225 Urspmap
507 3155 554 3209 des
572 3156 679 3222 Briescs
697 3174 734 3210 an
752 3155 872 3226 Diopaet
892 3155 967 3209 1889.

232 3243 248 3296 3
266 3242 337 3297 Edd.
357 3241 388 3300 ll.
408 3243 507 3295 Harris
528 3242 593 3296 etl
613 3244 644 3296 A
664 3241 808 3296 Robinson
826 3242 856 3295 in
878 3243 957 3297 Teate
975 3245 1031 3297 aad
1049 3242 1188 3297 Studr‘esl
1210 3244 1285 3298 1891.

230 3330 423 3396 IZcitscbrisl
447 3331 497 3396 fair
522 3330 726 3397 wtsseruscbaftl.
755 3329 893 3399 Ilwolopie
911 3328 1041 3383 XXXVII
1060 3331 1160 3399 (1894),
1180 3331 1339 3392 roo—22&

163 3415 280 3470 XXXIX
296 3415 394 3485 (1896),
414 3416 559 3471 169-174.

231 3504 247 3557 5
267 3503 309 3558 cf.
329 3519 402 3570 quae
414 3503 558 3572 disputavi
571 3504 600 3556 in
614 3504 807 3558 Litterambe
820 3503 991 3558 Ruadscbaa
1002 3502 1068 3557 VIII
1080 3503 1177 3573 (1882),
1190 3503 1271 3557 641-
1279 3505 1340 3560 647.

232 3590 325 3644 6Der
342 3591 426 3657 Bricf
448 3608 486 3645 on
504 3590 639 3659 nuptae,
668 3591 712 3645 dic
731 3590 808 3644 Perle
833 3591 880 3645 des
906 3592 1007 3645 cliristl.
1032 3592 1189 3657 Abertams,
1208 3593 1340 3646 aborreret

162 3678 221 3730 arrd
236 3678 384 3747 peretrdipt
403 3677 478 3735 1896.

232 3767 248 3819 'l
269 3764 455 3835 Theolopiscte
474 3763 588 3818 Studien
608 3764 674 3819 1990
692 3782 719 3833 p.
738 3764 850 3817 43-64.

232 3850 372 3905 8Illustr.
392 3852 488 3906 eccles.
508 3851 607 3907 orient.
628 3852 754 3921 scriptor.
774 3850 806 3913 11,
827 3850 886 3906 281.

231 3935 308 3990 anx
335 3954 431 3992 eorum
457 3954 572 3992 numero
601 3941 666 3990 sunt
684 3936 775 4000 Cave,
804 3937 905 4006 Script.
926 3938 1024 3992 eccles.
1043 3937 1108 3993 hist.
1127 3937 1255 3991 literaria
1272 3938 1339 3991 1694

162 4041 190 4092 p.
209 4023 255 4084 28;
275 4022 350 4077 Rem.
371 4024 490 4087 ceillier,
510 4026 634 4079 Hirtoire
649 4025 771 4093 generale
787 4031 835 4079 etc.
853 4024 886 4087 IL
905 4024 939 4077 39
958 4042 1013 4093 sq.;
1043 4025 1120 4092 Otto,
1139 4024 1181 4078 De
1200 4025 1282 4095 epist.
1304 4027 1340 4079 ad

163 4109 265 4178 Diogn.
284 4129 312 4180 p.
331 4111 448 4175 73-83;
474 4111 564 4181 Ilpist.
584 4112 621 4165 ad
640 4112 740 4181 Diogn.
765 4112 807 4165 ed.
827 4111 852 4163 lI
876 4129 904 4181 p.
922 4111 1042 4175 48-56;
1071 4112 1212 4167 Draeseke
1233 4112 1249 4164 l.
1270 4131 1291 4167 e.
1312 4132 1339 4183 p.

166 4195 310 4251 130-132.

218 4284 250 4336 10
268 4284 322 4340 Die
341 4287 435 4354 Apupc
452 4286 517 4340 oder
532 4286 581 4340 der
596 4287 711 4355 potetate
735 4286 879 4340 wodemo
897 4287 946 4342 der
966 4286 1090 4342 &rauca
1104 4288 1172 4342 1819
1189 4305 1217 4356 p.
1231 4289 1284 4343 394
1298 4306 1338 4356 sq.
