2834 5018
542 673 611 729 stu.
630 674 676 738 un
696 674 737 739 aa,
755 675 849 739 a-aa
870 678 893 731 1.
1238 682 1300 747 619

124 854 233 919 stulta.
286 854 430 919 Laudant
459 860 559 920 semet
588 855 674 939 ipsos
703 853 791 919 velut
825 856 996 939 prudentes
1027 860 1059 920 et
1089 857 1200 921 volunt
1233 876 1302 920 esse

123 959 287 1045 magistri,
320 981 391 1024 cum
419 959 484 1023 sint
513 959 706 1043 insipientes.
753 960 783 1023 3.
807 959 942 1045 Propter
972 960 1054 1024 hanc
1086 982 1162 1046 ergo
1191 982 1300 1026 eorum

123 1065 306 1150 superbiam
328 1063 421 1128 multi
443 1064 552 1127 inanes
575 1062 655 1126 facti
670 1065 744 1126 sunt
766 1068 866 1128 semet
887 1064 973 1148 ipsos
990 1063 1182 1140 exaltantem
1206 1085 1299 1148 mag·

122 1192 201 1235 num
223 1168 308 1234 enim
331 1168 530 1233 daemonium
552 1171 602 1231 est
623 1166 755 1230 audacia
777 1170 809 1230 et
831 1167 933 1231 inanis
956 1167 1161 1243 confidentia;
1190 1190 1228 1233 ex
1250 1168 1300 1233 his

122 1274 225 1360 igitur
247 1273 339 1337 multi
362 1272 475 1338 abiecti
497 1276 581 1348 sunt,
605 1270 734 1352 quidam
755 1291 828 1335 vero
852 1272 961 1355 agnito
980 1293 1086 1337 errore
1107 1294 1165 1337 suo
1187 1273 1326 1357 paeni-a

122 1379 256 1442 tentiam
288 1380 422 1462 egerunt
443 1381 476 1440 et
504 1375 706 1440 subiecerunt
726 1396 760 1439 se
782 1375 973 1440 habentibus
1001 1397 1137 1441 sensum.
1184 1378 1214 1442 4.
1239 1375 1302 1442 Sed

123 1487 157 1547 et
179 1482 290 1546 ceteris
322 1480 476 1545 eiusmodi
504 1479 701 1564 paenitentia
730 1480 894 1564 proposita
925 1484 988 1558 est3
1019 1502 1084 1546 non
1113 1481 1195 1546 enim
1224 1480 1301 1546 mali

122 1588 262 1664 fuerunt,
286 1588 341 1653 sed
364 1585 455 1652 stulti
476 1586 583 1669 potius
606 1589 639 1649 et
660 1585 852 1670 insipientes.
899 1584 944 1649 Hi
966 1586 1066 1669 igitur
1087 1586 1115 1649 si
1133 1585 1300 1670 paeniten-

73 1693 76 1697 ’
122 1693 202 1757 tiam
225 1693 357 1778 egerint,
381 1691 487 1755 virent
510 1691 583 1765 deo;
609 1691 733 1756 sivero
755 1691 984 1776 paenitentiam
1005 1713 1069 1755 non
1085 1690 1216 1776 egerint,
1240 1691 1299 1755 ha-

122 1798 272 1862 bitabunt
296 1819 367 1861 cum
389 1795 582 1872 mulieribus,
606 1817 687 1880 quae
709 1796 884 1881 nequitiam
907 1799 1053 1860 exercent
1074 1795 1107 1860 in
1129 1817 1191 1860 eos.
1314 1814 1339 1851 1⁰

211 1895 275 1966 23.
300 1900 362 1978 Qui
384 1922 459 1965 vero
481 1901 680 1966 crediderunt
702 1903 741 1967 de
761 1906 852 1967 sexto
874 1906 998 1977 monte,
1022 1900 1077 1984 qui
1099 1901 1197 1967 habet
1219 1903 1298 1967 scis-

122 2027 213 2070 suras
236 2027 370 2089 magnas
392 2009 425 2069 et
445 2027 561 2090 parvas
585 2007 670 2076 etin
693 2007 836 2071 scissuris
859 2006 974 2071 herbas
997 2006 1162 2083 arefactas,
1187 2007 1298 2071 huius-

121 2110 210 2174 modi
232 2113 323 2174 sunt:
357 2111 387 2173 2.
411 2109 564 2175 scissuras
593 2133 706 2194 parvas
729 2112 898 2189 habentes,
931 2112 966 2176 hi
988 2115 1062 2176 sunt
1084 2112 1140 2196 qui
1160 2111 1244 2175 inter
1265 2132 1299 2175 se

121 2213 244 2297 aliquid
266 2215 394 2291 habent,
418 2220 451 2278 et
473 2214 720 2280 detractionibus
742 2216 807 2280 suis
831 2215 963 2280 arefacti
985 2220 1059 2280 sunt
1080 2216 1114 2280 in
1135 2214 1213 2290 fide;
1243 2215 1300 2279 sed

120 2318 216 2382 multi
245 2340 283 2383 ex
312 2319 362 2383 his
393 2319 623 2403 paenitentiam
657 2325 799 2405 egerunt.
851 2320 896 2386 Et
926 2320 1041 2405 reliqui
1071 2320 1299 2405 paenitentiam
1313 2334 1337 2372 1⁶

120 2428 229 2508 agent,
253 2424 281 2488 si
303 2424 460 2489 audierint
482 2425 633 2489 mandata
653 2446 740 2501 mea3
769 2445 886 2509 parvae
909 2425 993 2489 euim
1015 2429 1090 2489 sunt
1112 2446 1221 2489 eorum
1243 2423 1299 2487 de-

119 2527 293 2592 tractiones
325 2532 357 2592 et
389 2529 451 2594 cito
480 2530 708 2613 paenitentiam
741 2533 845 2615 agent.
898 2531 927 2594 3.
964 2528 1026 2606 Qui
1056 2550 1130 2594 vero
1164 2549 1298 2613 magnas

119 2633 274 2697 scissuras
303 2634 438 2712 habent,
469 2634 504 2698 hi
525 2635 702 2719 pertinaces
733 2639 807 2700 sunt
835 2635 868 2699 in
898 2634 1146 2699 detractionibus
1177 2633 1298 2697 suiset

118 2757 275 2801 memores
304 2738 496 2803 offensarum
525 2740 586 2805 sibi
615 2739 750 2805 invicem
778 2741 963 2816 irascentem
987 2740 1022 2804 hi
1050 2739 1191 2824 igitura
1218 2736 1298 2801 turri

118 2840 214 2905 eiecti
236 2846 310 2906 sunt
332 2846 365 2906 et
386 2843 547 2926 reprobati
569 2845 610 2909 ab
633 2845 700 2908 eius
715 2850 884 2909 structura.
931 2843 1025 2909 Tales
1047 2844 1147 2929 igitur
1169 2840 1297 2906 difficile
1311 2855 1336 2893 2⁰

117 2945 236 3009 vivent.
283 2946 312 3010 4.
338 2944 373 3010 si
395 2946 472 3011 deus
495 2969 531 3012 ae
555 2947 699 3013 dominus
721 2953 844 3026 noster,
875 2949 930 3034 qui
953 2949 1095 3013 omnium
1117 2948 1297 3012 dominatur

118 3053 153 3114 et
176 3050 274 3114 habet
294 3054 487 3134 potestatem
509 3052 673 3116 universae
696 3058 856 3117 creaturae
879 3075 971 3130 suae,
994 3073 1059 3116 non
1080 3052 1224 3116 meminit
1245 3052 1296 3114 iu-

117 3154 220 3218 iuriae
243 3175 360 3231 eorum,
385 3155 440 3240 qui
454 3160 583 3240 peccata
605 3178 663 3221 sua
678 3157 875 3235 confitentur,
900 3158 955 3221 sed
970 3156 1128 3241 propitius
1149 3156 1196 3233 fit,
1221 3177 1297 3220 uum

116 3257 216 3323 homo
245 3259 390 3325 mortalis
418 3266 450 3324 et
481 3260 594 3345 plenus
627 3260 765 3344 peccatis
794 3260 926 3324 iniuriae
957 3260 996 3324 ab
1028 3259 1157 3324 homine
1188 3258 1297 3323 illatae

116 3385 240 3427 memor
254 3364 305 3441 sit,
328 3368 491 3450 tamquam
506 3387 578 3429 eum
588 3367 733 3448 perdere
742 3371 854 3448 possit
868 3374 927 3430 aut
941 3369 1165 3429 renumeret
1185 3363 1215 3427 5.
1236 3362 1296 3426 Di·
1311 3376 1336 3416 11

118 3488 158 3531 co
182 3471 288 3531 autem
310 3468 409 3547 robis,
434 3470 567 3554 angelus
589 3470 818 3554 paenitentiae:
854 3470 1043 3552 quicumque
1065 3468 1126 3533 hoc
1147 3467 1295 3552 proposi-

116 3575 190 3635 tum
212 3572 353 3649 habetis,
387 3573 533 3658 deponite
554 3575 637 3640 illud
659 3580 690 3640 et
711 3575 940 3659 paenitentiam
969 3574 1069 3659 agite,
1098 3576 1130 3637 et
1153 3572 1297 3636 dominus

117 3675 248 3740 sanabit
269 3681 402 3761 peccata
422 3684 527 3744 vestra
548 3680 665 3764 priora,
688 3680 716 3744 si
735 3700 792 3743 ros
815 3680 855 3744 ab
878 3679 939 3743 hoc
962 3677 1128 3743 daemonio
1146 3676 1296 3762 purifica-

117 3779 246 3856 veritis3
269 3782 318 3845 sin
341 3787 456 3860 autem,
480 3783 648 3848 trademini
669 3783 718 3848 illi
741 3784 780 3848 ad
802 3788 946 3848 mortem.

211 3880 275 3950 24.
309 3886 358 3952 De
393 3888 528 3973 septimo
562 3894 668 3954 autem
700 3894 822 3966 monte,
857 3889 890 3953 in
924 3908 986 3972 quo
1019 3886 1133 3953 virides
1161 3886 1296 3950 hilares·
1310 3897 1335 3936 ³⁰

191 4053 402 4119 fflmdffl

156 4196 179 4248 2·
200 4193 241 4248 Of·
259 4193 337 4248 Rom.
359 4198 381 4258 l,
400 4196 442 4249 22·
467 4227 501 4235 —
523 4194 695 4256 ἐθελοδιδάσ-
722 4197 857 4253 ecclesiae
875 4195 959 4249 nimis
976 4194 1097 4249 infestos
1115 4194 1211 4248 fuisse.

115 4280 209 4351 καλοι]
229 4277 303 4350 ἅπαξ
320 4284 481 4354 λεγόμενον.
757 4285 802 4348 23,
824 4283 908 4339 LCf
927 4282 992 4337 Sim
1012 4281 1124 4347 vina,
1143 4282 1168 4335 2.
1186 4281 1217 4343 a;
1236 4278 1295 4334 Vis.

155 4368 180 4425 3
198 4368 352 4437 δαιμόνιον]
380 4367 422 4422 Cf.
442 4385 465 4422 c.
484 4370 525 4433 23,
545 4370 576 4433 5,
600 4369 695 4426 Hand
721 4372 768 4435 ΙΙΙ,
787 4373 811 4435 6,
830 4371 854 4424 3.

115 4455 153 4519 ΙΙ,
174 4456 198 4509 2
755 4459 780 4511 4.
799 4457 913 4514 πάντων
929 4455 1142 4530 avernicum]
1163 4455 1206 4511 cf.
1219 4471 1241 4509 c.
1256 4453 1296 4519 12,

154 4542 179 4594 4.
199 4542 284 4595 Patet
303 4557 336 4594 ex
353 4541 407 4594 hoc
425 4556 519 4604 versu,
545 4543 695 4600 Gnosticos
722 4547 752 4608 2,
770 4545 812 4608 28,
832 4544 865 4607 8,
893 4542 959 4598 sim.
978 4542 1011 4607 V,
1030 4542 1054 4605 6,
1077 4544 1196 4597 ι.4-
1218 4547 1296 4600 aeva·

117 4634 246 4698 tempore
275 4627 399 4684 auctoris
426 4643 479 4682 nec
504 4627 614 4683 validos
643 4646 695 4686 nec
720 4631 806 4702 μένος
822 4631 892 4702 κτλ]
914 4631 956 4686 Of.
975 4629 1070 4684 Mand
1088 4630 1192 4697 xus,
1210 4633 1234 4688 3
