2834 5018
195 315 259 380 394
540 313 717 370 EPISTULA
734 315 784 369 AD
805 314 1026 372 DIOGNETUM

195 491 248 551 καί
272 498 338 564 ταῖς
369 489 496 573 ἡμέραις
519 491 664 573 φύλακας
697 493 1008 573 παρακαθιστάντες,
1040 495 1161 577 ἵναμὴ
1195 494 1397 577 κλαπῶσινς

196 599 225 661 8.
250 591 299 670 αίς
321 593 356 657 δέ
378 595 499 659 δοκεῖτε
522 606 623 679 τιμαῖς
637 595 839 679 προσφέρειν,
863 597 889 660 εί
911 598 968 681 μέν
984 598 1205 679 αἰσθάνονται,
1230 601 1396 681 κολάζετε

196 699 315 782 μᾶλλον
332 700 459 776 αὐτούς·
484 700 511 764 εί
533 701 568 764 δέ
582 703 838 785 ἀναισθητούσιν,
862 701 1044 786 ἐλέγχοντες
1059 705 1165 786 αίματι
1187 706 1247 767 καί
1264 706 1393 782 κνίσαις

195 807 307 881 αύτούς
331 805 535 890 θρησκεύετε.
582 810 611 872 9.
636 806 730 872 ταῦθ’
756 807 842 890 ὑμῶν
864 827 909 881 τις
931 807 1144 890 ύπομεινάτω,
1167 819 1278 872 ταῦτα
1312 811 1390 875 ἀνα-

169 908 327 993 ισχέσθω
350 931 395 986 τις
418 911 519 994 ἑαυτῷ
548 910 708 994 γενέσθαι.
756 910 838 973 ἀλλὰ
862 912 1030 992 ἄνθρωπος
1059 912 1114 994 μέν
1137 912 1215 976 οὐδὲ
1239 911 1289 989 είς
1316 915 1389 978 ταύ-

194 1035 248 1100 της
271 1027 325 1100 τῆς
341 1015 504 1091 κολάσεως
527 1016 608 1079 ἑκὼν
625 1015 776 1095 ἀνέξεται,
799 1017 949 1100 αἴσθησιν
972 1018 1033 1098 γάρ
1048 1017 1113 1099 ἔχει
1137 1018 1194 1079 καί
1211 1017 1387 1103 λογισμόν·

195 1119 269 1183 ὁδὲ
291 1120 383 1195 λίθος
406 1119 561 1203 ἀνέχεται,
584 1121 771 1204 ἀναισθητεῖ
792 1121 862 1204 γάρ.
908 1122 967 1183 ούκ
989 1118 1043 1184 οὖν
1066 1123 1121 1203 τὴν
1145 1122 1306 1207 αἴσθησιν
1329 1127 1385 1188 αύ-

194 1235 248 1287 τοῠ
272 1224 427 1309 ἐλέγχετε.
475 1228 524 1292 10.
549 1227 618 1307 περί
641 1226 697 1308 μὲν
714 1223 767 1289 σύν
791 1234 845 1288 τοῦ
869 1227 910 1308 μὴ
934 1225 1153 1292 δεδουλῶσθαι
1169 1224 1384 1310 Χριστιανοὺς

194 1329 342 1404 τοιούτοις
367 1331 454 1405 θεοῖς
482 1328 587 1392 πολλὰ
609 1330 665 1412 μὲν
688 1331 726 1393 ἀν
749 1331 803 1392 καί
827 1329 909 1393 ἀλλα
940 1330 1036 1394 εἰπεῖν
1059 1331 1179 1415 έχοιμι·
1213 1333 1242 1395 εἰ
1267 1333 1305 1397 δέ
1327 1354 1381 1397 τινι

155 1455 180 1492 ιι
195 1437 237 1517 μὴ
260 1434 367 1518 δοκοίη
383 1436 443 1497 κᾶν
466 1444 565 1497 ταῦτα
581 1434 683 1513 ίκανά,
706 1436 853 1517 περισσόν
869 1433 1005 1517 ἠγοῦμαι
1027 1437 1081 1497 καί
1096 1437 1132 1499 τδ
1145 1435 1250 1500 πλείω
1267 1437 1379 1522 λέγειν.

282 1540 339 1605 ΠΙ.
365 1536 456 1622 Ἑξῆς
482 1539 517 1601 δέ
539 1540 608 1620 περί
639 1548 694 1601 τοῦ
718 1541 760 1622 μὴ
789 1541 934 1601 κατὰτὰ
963 1541 1043 1602 αύτα
1066 1539 1232 1617 Ἰουδαίοις
1267 1545 1378 1608 θεοσε·

194 1642 258 1728 βεῖν
281 1645 393 1720 αὐτοὺς
408 1642 493 1727 οίμαί
516 1664 552 1706 σε
567 1642 702 1726 μάλιστα
724 1646 837 1709 ποθεῖν
853 1645 997 1707 ἀκούσαι.
1043 1649 1073 1710 2.
1098 1643 1249 1710 Ἰουδαῖοι
1266 1648 1376 1727 τοίνυν,

193 1749 221 1810 εί
242 1749 297 1832 μὲν
320 1748 490 1831 ἀπέχονται
514 1747 627 1832 ταύτης
654 1759 708 1832 τῆς
730 1748 952 1833 προειρημένης
974 1748 1135 1830 λατρείας,
1164 1749 1279 1828 καλῶς
1303 1755 1376 1819 θεὸν

193 1854 249 1916 ένα
271 1862 333 1917 τῶν
355 1853 481 1917 πάντων
505 1852 605 1938 σέβειν
628 1855 682 1915 καί
705 1853 859 1938 δεσπότην
881 1852 1001 1930 ἀξιοῦσι
1030 1863 1170 1935 φρονεῖν·
1205 1855 1232 1918 εἰ
1257 1857 1295 1920 δέ
1318 1866 1375 1932 τοῖς

154 1974 179 2011 ιι
192 1957 423 2041 προειρημένοις
447 1957 658 2040 ὁμοιοτρόπως
680 1961 736 2040 τὴν
760 1958 933 2042 θρησκείαν
956 1959 1167 2042 προσάγουσιν
1192 1962 1283 2045 αύτῷ
1305 1963 1374 2025 τοιό-

192 2083 257 2146 την,
274 2062 543 2146 διαμαρτάνουσιν.
590 2066 619 2129 3.
645 2063 666 2124 ἃ
688 2064 749 2146 γὰρ
764 2071 828 2137 τοῖς
851 2063 1055 2146 ἀναισθήτοις
1070 2065 1124 2126 καί
1139 2075 1266 2148 κωφοῖς
1281 2088 1373 2149 προσ-

192 2164 337 2248 φέροντες
360 2166 388 2229 οί
412 2165 565 2250 Ἕλληνες
596 2166 772 2250 ἀφροσύνης
804 2166 916 2249 δεῖγμα
947 2166 1135 2250 παρέχουσι,
1167 2169 1270 2235 ταῦθ’
1294 2168 1371 2234 ούτοι

191 2271 341 2353 καθάπερ
364 2270 581 2354 προσδεομένην
605 2277 648 2353 τῷ
673 2273 741 2354 θεῷ
765 2269 961 2354 λογιζόμενοι
984 2270 1132 2353 παρέχειν
1147 2272 1274 2354 μωρίαν
1295 2276 1373 2349 είκδς

191 2373 312 2457 μᾶλλον
334 2373 452 2459 ἡγοῖντ’
475 2377 531 2454 ἄν,
565 2376 600 2438 οὐ
633 2375 828 2461 θεοσέβειαν.
874 2381 904 2441 4.
929 2376 947 2438 ό
968 2377 1029 2459 γὰρ
1053 2379 1201 2460 ποιήσας
1232 2380 1299 2445 τόν
1320 2383 1371 2446 οὐ·

154 2498 179 2535 20
194 2479 302 2561 ρανὸν
331 2480 387 2543 καὶ
416 2482 480 2564 τὴν
501 2486 566 2564 γῆν
596 2483 652 2545 καὶ
681 2483 795 2546 πάντα
826 2483 868 2546 τὰ
891 2482 930 2545 ἐν
952 2483 1066 2560 αὐτοῖς
1098 2481 1152 2542 καί
1176 2491 1278 2547 πᾶσιν
1305 2483 1371 2568 ἡμῖν

190 2590 352 2665 χορηγῶν,
376 2580 420 2646 ὧν
442 2584 682 2667 προσδεόμεθα,
715 2585 840 2660 οὐδενὸς
863 2586 901 2650 ἀν
925 2586 1017 2659 αύτδς
1047 2583 1232 2666 προσδέοιτο
1257 2590 1371 2654 τούτων

191 2683 234 2749 ὧν
256 2695 320 2762 τοῖς
343 2686 494 2772 οἰομένοις
516 2688 633 2752 διδόναι
656 2687 785 2772 παρέχει
808 2689 909 2763 αὐτός.
957 2696 985 2755 5.
1010 2688 1038 2751 οἱ
1061 2689 1096 2751 δέ
1118 2710 1155 2773 γε
1179 2693 1301 2771 θυσίας
1322 2695 1370 2757 αὖ·

189 2798 234 2874 τῷ
257 2791 297 2855 δι’
320 2793 451 2875 αἵματος
472 2795 526 2855 καί
549 2793 657 2878 κνίσης
679 2795 733 2856 καί
756 2793 1029 2877 ὁλοκαυτωμάτων
1062 2794 1216 2861 ἐπιτελεῖν
1240 2800 1371 2884 οἰόμενοι

189 2898 242 2960 καί
265 2897 390 2972 ταύταις
422 2906 489 2972 ταῖς
511 2906 613 2981 τιμαῖς
639 2899 733 2961 αύτδν
755 2898 927 2981 γεραίρειν,
958 2898 1047 2962 οὐδέν
1070 2920 1122 2982 μοι
1153 2900 1289 2969 δοκοῦσι
1312 2905 1371 2969 δια-

150 3020 176 3058 τι
190 2999 293 3084 φέρειν
317 3010 378 3064 τῶν
403 3002 445 3077 είς
460 3004 499 3064 τά
521 3004 616 3084 κωφὰ
638 3004 694 3085 τὴν
710 3004 806 3084 αὐτὴν
831 3003 1072 3086 ἐνδεικνυμένων
1090 3002 1290 3089 φιλοτιμίαν·
1313 3018 1371 3072 τῶν

191 3106 246 3189 μέν
269 3108 311 3189 μὴ
341 3105 520 3189 δυναμένοις
543 3116 597 3190 τῆς
625 3116 714 3190 τιμῆς
744 3106 1011 3192 μεταλαμβάνειν,
1042 3118 1104 3172 των
1128 3108 1163 3171 δέ
1193 3110 1370 3177 δοκούντων

190 3210 337 3293 παρέχειν
360 3217 405 3292 τῷ
428 3210 557 3293 μηδενὸς
579 3210 808 3294 προσδεομένην.

277 3315 332 3380 IV.
358 3312 459 3376 Ἀλλὰ
482 3316 541 3397 μὴν
564 3314 599 3377 τό
622 3335 659 3398 γε
681 3317 749 3397 περί
772 3317 828 3391 τάς
860 3315 987 3401 βρύσεις
1010 3317 1112 3382 αύτων
1140 3317 1300 3403 ψοφοδεές
1321 3323 1369 3386 καί

190 3420 244 3500 τὴν
267 3419 335 3500 περί
358 3420 398 3481 τὰ
431 3417 574 3503 σάββατα
596 3418 836 3501 δεισιδαιμονίαν
868 3421 921 3482 καί
945 3422 1000 3502 τὴν
1023 3430 1077 3504 τῆς
1099 3435 1273 3509 περιτομῆς
1297 3425 1368 3489 ἀλα-

150 3543 176 3580 ao
189 3522 310 3599 ζονείαν
333 3524 387 3586 καί
403 3525 458 3606 τὴν
481 3532 535 3606 τῆς
552 3523 692 3604 νηστείας
707 3525 761 3585 καί
778 3524 943 3608 νουμηνίας
959 3524 1128 3607 εἰρωνείαν,
1145 3529 1368 3613 καταγέλαστα

261 3697 274 3749 1
293 3694 555 3769 παρακαθιστάντες
567 3712 573 3746 :
586 3697 764 3762 ααθίσαντες
776 3696 801 3749 Α
815 3696 834 3749 h
850 3696 854 3766 ί
871 3698 887 3749 2
907 3691 950 3763 αἶς
968 3737 973 3747 .
988 3738 993 3751 .
1015 3707 1106 3768 τιμαῖς
1119 3719 1125 3752 :
1138 3696 1179 3768 ὥς
1192 3743 1198 3756 .
1212 3743 1219 3757 .
1233 3705 1319 3774 τιμὰς
1333 3705 1351 3758 h

189 3778 506 3850 3κνίσσαιςύ19μέν
524 3777 558 3837 ἂν
577 3798 621 3834 em
639 3780 745 3850 Ιιιμέν
762 3783 889 3850 ΑΜῙΟ
907 3786 1056 3857 δοκείηίιΙ
1079 3788 1218 3845 τόετάίι
1244 3792 1250 3862 Ι
1278 3794 1367 3850 Ῑθκα

189 3872 244 3935 λᾶις
262 3884 306 3921 em
325 3867 489 3939 Hilgenfeld
515 3869 656 3935 (Ζεὶῖοοίιν.
674 3870 696 3936 f.
716 3871 785 3924 ωίνε.
807 3872 894 3925 Ίύοοί.
920 3871 986 3926 1873
1010 3891 1037 3942 p.
1057 3874 1132 3940 275):
1163 3880 1212 3933 καὶ
1230 3877 1273 3946 εἰς
1290 3879 1366 3947 Ah}

189 3954 222 4006 23
241 3958 352 4026 κνίσσης
364 3957 382 4008 h
399 3956 402 4026 ί
419 3957 452 4009 25
471 3963 528 4012 τῶν
539 3958 617 4024 pr>
630 3957 649 4008 h
664 3963 669 4027 Ι
685 3954 899 4027 ἐνδεικνυμένων
912 3976 957 4012 em
969 3979 976 4011 ι
989 3961 1112 4029 -νύμενοι
1125 3963 1150 4016 Α
1162 3962 1181 4015 h
1199 3968 1204 4032 Ι
1220 3965 1304 4033 25126
1316 3973 1369 4023 τῶν

188 4040 240 4109 μέν
257 4048 295 4114 μὴ
313 4039 475 4111 δυναμένοις
493 4060 537 4096 em
557 4043 721 4099 Gebhardt:
736 4052 792 4102 τῶν
809 4051 848 4116 μὴ
866 4046 1027 4115 δυναμένων
1040 4047 1096 4099 Ah
1112 4048 1116 4118 1
1133 4048 1167 4102 26
1187 4059 1248 4107 τῶν
1265 4053 1297 4110 δέ
1314 4059 1366 4111 δον.

190 4142 234 4179 om
253 4128 274 4180 L
289 4130 341 4186 ιτό
360 4129 390 4186 δέ
408 4134 500 4186 δοκεῖν
518 4151 578 4187 τινα
597 4132 653 4184 Ah
670 4133 673 4202 Ι
690 4133 723 4187 30
742 4136 787 4189 καί
806 4137 896 4200 sec>
914 4135 932 4186 h

189 4264 294 4320 militer
306 4268 393 4323 Clem.
406 4268 527 4339 Recogm
543 4270 573 4335 V,
588 4272 627 4327 15.
647 4304 682 4312 -
699 4273 762 4343 φύλ.
775 4274 778 4342 Ι
790 4275 1061 4346 παρακαθιστάντες]
1075 4274 1117 4330 Cf.
1128 4277 1197 4332 lust.
1210 4280 1295 4350 Apol.
1307 4281 1328 4345 Ι.
1339 4281 1366 4340 9;
