2834 5018
177 239 248 303 590
612 225 764 281 HERMAE
782 225 926 280 PASTOR

175 407 272 492 λέγει·
307 406 449 485 Βλέπεις,
473 405 557 490 φησί,
582 407 652 478 τοὺς
675 401 784 476 λίθους
805 401 958 479 τούτους;
995 398 1145 480 Βλέπω,
1174 402 1268 488 φημί,
1290 403 1366 484 κύρκ

176 512 270 596 Ἐγώ,
295 512 387 596 φησί,
420 513 455 574 τδ
477 510 621 573 πλεῖστον
644 507 734 590 μέρος
757 514 817 569 τῶν
841 505 944 572 λίθων
970 506 1102 570 τούτων
1129 506 1309 592 λατομῆσω
1328 510 1367 570 κά

176 616 263 702 βαλῶ
286 617 328 692 είς
351 619 406 698 τὴν
429 613 612 696 οἰκοδομήν,
644 613 697 674 καί
720 610 889 693 ἁρμύσουσι
913 613 995 693 μετὰ
1019 619 1092 674 τῶν
1118 611 1252 677 λοιπῶν
1275 612 1366 678 λίθων.

176 726 206 788 5.
231 721 313 800 Πῶς,
337 720 424 804 φημί,
447 720 543 800 κύριε,
567 718 711 780 δύνανται
733 712 951 795 περικοπέντες
976 715 1033 777 τδν
1052 717 1162 779 αὐτὸν
1186 717 1287 782 τόπον
1307 717 1367 800 πλη

150 837 292 909 ιρῶσαι;
327 825 510 905 ἀποκριθεὶς
534 820 616 904 λέγει
640 840 704 902 μοι·
739 816 829 881 Ὅσοι
852 819 956 900 μικροί
991 819 1246 903 εὑρεθήσονται
1270 823 1310 898 είς
1329 822 1366 904 μέ·

176 953 234 1016 σην
256 934 312 1014 τὴν
336 929 502 1009 οἰκοδομὴν
526 923 750 1010 βληθῆσονται,
773 924 838 984 ὅσοι
862 921 897 984 δέ
919 921 1080 1003 μείζονες,
1109 924 1269 1009 ἐξώτεροι
1291 926 1365 1009 τεθΙ-

175 1057 281 1098 σονται
304 1035 357 1096 καί
380 1029 645 1114 συγκρατίγσουσιν
676 1027 795 1102 αύτούς.
840 1028 870 1091 6.
894 1027 995 1089 ταῦτά
1029 1048 1089 1110 μοι
1116 1029 1274 1114 λαλήσας
1301 1030 1365 1113 λέγε

175 1160 242 1224 μοι·
276 1138 423 1220 Ἀγωμεν
447 1136 499 1197 καί
531 1136 609 1216 μετά
639 1132 755 1215 ἡμέρας
783 1131 837 1194 δύο
868 1130 1018 1214 ἔλθωμεν
1052 1135 1115 1197 καί
1150 1136 1365 1219 καθαρίσωμεν

175 1247 246 1318 τοὺς
270 1241 380 1315 λίθους
409 1240 535 1312 τούτους
557 1239 610 1299 καί
642 1236 784 1321 βάλωμεν
808 1237 920 1311 αὐτοὺς
943 1236 987 1311 είς
1010 1239 1074 1319 τὴν
1109 1240 1309 1327 οἰκοδομήν·
1337 1243 1365 1302 τί

140 1365 163 1400 1⁰
176 1350 237 1430 γάρ
260 1344 370 1426 κύκλῳ
394 1352 448 1406 τού
480 1341 598 1425 πύργου
620 1341 723 1404 πάντα
744 1341 982 1422 καθαρισθῆναι
1006 1339 1081 1421 δεῖ,
1118 1344 1256 1428 μήποτε
1278 1347 1294 1408 ὁ
1314 1345 1364 1408 ew

174 1451 270 1534 πάτης
300 1448 429 1526 ἐξάπινα
459 1446 542 1529 ἔλθη
569 1446 622 1508 καί
654 1446 694 1507 τά
722 1446 790 1526 περί
820 1444 873 1506 τὸν
902 1443 1022 1527 πύργον
1058 1447 1202 1530 ῥυπαρά
1234 1453 1307 1535 εύρη
1327 1450 1364 1512 ια’

176 1553 385 1637 προσοχθίση,
408 1553 461 1615 καί
486 1550 568 1614 οὗτοι
593 1549 621 1611 σί
644 1548 728 1614 λίθοι
752 1550 810 1611 οὐκ
833 1546 1066 1612 ἀπελεύσονται
1100 1552 1150 1628 είς
1176 1556 1239 1637 τὴν
1264 1555 1364 1618 οἰκοδο-

175 1661 235 1741 μὴν
257 1666 312 1720 τοῦ
335 1657 453 1740 πύργου
469 1656 559 1738 κάγὼ
582 1652 699 1735 ἀμελὴς
714 1651 794 1729 δόξω
817 1648 894 1714 εἶναι
910 1653 996 1733 παρὰ
1019 1655 1068 1736 τῷ
1095 1655 1260 1742 δεσπδτη,
1288 1658 1364 1724 7,κιὶ

175 1765 254 1846 μετὰ
276 1760 392 1845 ἡμέρας
415 1760 470 1823 δύο
492 1759 633 1840 ῆλθομεν
656 1758 731 1839 πρὸς
754 1757 806 1818 τὸν
828 1755 945 1838 πύργον
967 1757 1023 1819 καί
1048 1756 1146 1843 λέγει
1174 1783 1251 1845 μοι·
1280 1763 1365 1827 Kau-

138 1887 162 1922 υ
175 1867 337 1950 νοήσωμεν
360 1868 432 1939 τοὺς
455 1863 565 1938 λίθους
588 1861 779 1935 πάνταςκαὶ
803 1860 915 1941 ἴδωμεν
931 1862 1003 1935 τοὺς
1027 1860 1245 1946 δυναμένους
1268 1869 1310 1943 εἰς
1326 1869 1366 1948 τὴν

176 1971 342 2053 οἰκοδομὴν
366 1969 528 2033 ἀπελθεῖν.
573 1964 656 2048 λέγω
680 1966 783 2047 αὐτῷ·
811 1962 916 2043 Κύριε,
940 1966 1223 2053 κατανοήσωμεν,

265 2074 301 2141 8.
326 2073 389 2136 Καί
413 2070 576 2154 ἀρξάμενοι
599 2077 721 2151 πρῶτον
743 2071 814 2143 τοὺς
835 2066 972 2150 μέλανας
1000 2086 1239 2159 κατενοοῦμεν
1264 2077 1365 2149 λίθους

176 2181 231 2242 καί
254 2177 311 2242 οίοι
335 2178 372 2241 ἐκ
395 2187 448 2260 τῆς
472 2176 636 2258 οἰκοδομῆς
658 2173 825 2257 ἐτέθησαν,
847 2182 979 2238 τοιοῦτοι
1003 2176 1060 2237 καί
1089 2178 1299 2265 εὑρέθησαν.
1326 2180 1366 2241 καὶ

176 2282 340 2346 ἐκέλευσεν
365 2283 476 2354 αὐτοὺς
499 2279 515 2341 ὁ
538 2281 650 2361 ποιμὴν
680 2277 718 2340 ἐκ
739 2286 794 2340 τού
816 2277 934 2360 πύργου
964 2284 1217 2368 μετενεχθῆναι
1242 2288 1298 2350 καί
1318 2304 1367 2367 χω

136 2406 161 2443 20
176 2391 331 2470 ρισθῆναι.
378 2389 407 2450 2.
434 2381 499 2447 είτα
522 2383 693 2466 κατενόησε
722 2386 792 2457 τοὺς
815 2382 1045 2464 ἐψωριακάτας,
1081 2389 1143 2450 καί
1170 2388 1288 2476 λαβὼν
1310 2389 1367 2453 ἐλι·

175 2492 291 2575 τίμησε
313 2488 448 2564 πολλοὺς
471 2486 503 2564 ἐξ
520 2489 621 2549 αὐτῶν
644 2488 696 2548 καί
713 2485 859 2549 ἐκέλευσε
881 2489 937 2562 τὰς
952 2487 1142 2570 παρθένους
1170 2493 1254 2577 ἀραι
1270 2496 1368 2566 αὐτούς

174 2599 227 2659 καί
251 2595 356 2680 βαλεῖν
380 2595 422 2668 εἰς
445 2595 499 2675 τὴν
532 2590 707 2674 οἰκοδομήν.
750 2592 802 2654 καί
825 2589 902 2675 ῆραν
926 2593 1039 2667 αὐτοὺς
1071 2595 1109 2657 αί
1133 2599 1305 2682 παρθένοι
1325 2599 1368 2660 καί

174 2701 297 2784 ἔθηκαν
325 2699 367 2774 είς
397 2701 451 2781 τὴν
475 2695 640 2776 οἰκοδομὴν
672 2702 726 2756 τοῦ
755 2694 873 2779 πύργου
905 2695 1028 2777 μέσους.
1078 2701 1159 2775 τοὺς
1186 2702 1227 2766 δὲ
1253 2703 1369 2775 λοιπούς

176 2805 323 2868 ἐκέλευσε
346 2805 423 2886 μετὰ
446 2811 507 2865 τῶν
531 2799 673 2882 μελάνων
696 2801 845 2882 τεθῆναι·
878 2801 931 2861 καί
954 2801 1014 2882 γάρ
1036 2803 1097 2865 καί
1122 2803 1221 2870 οὑτοι
1246 2807 1369 2892 μέλανες

136 2930 161 2967 ιι
176 2910 361 2993 εὑρέθησαν.
408 2911 437 2973 3.
469 2904 535 2967 είτα
557 2903 696 2966 κατενόει
725 2906 795 2978 τοὺς
818 2905 872 2977 τὰς
901 2907 1034 2986 σχισμάς
1057 2906 1228 2990 ἔχοντας·
1265 2915 1318 2976 202
1339 2912 1370 2973 ἐχ

173 3013 290 3076 τούτων
322 3011 457 3084 πολλοὺς
487 3007 661 3090 έλατάμησε
692 3008 745 3069 καί
769 3005 916 3070 ἐκέλευσε
946 3008 996 3070 διὰ
1023 3017 1090 3073 τῶν
1124 3015 1312 3098 παρθένων
1333 3015 1370 3089 ἐς

173 3120 228 3198 τὴν
251 3116 417 3197 οἰκοδομὴν
441 3113 668 3194 ἀπενεχθῆναι·
697 3108 839 3192 ἐξώτερον
862 3111 897 3174 δέ
920 3110 1092 3196 ἐτέθησαν,
1118 3118 1172 3180 ὅτι
1199 3119 1369 3203 ύγιέστερσι

173 3219 358 3303 εὑρέθησαν.
405 3218 433 3280 οί
467 3218 501 3279 δὲ
534 3215 635 3278 λοιποί
670 3215 721 3277 διά
752 3217 787 3277 τὸ
821 3216 946 3298 πλῆθος
980 3225 1042 3279 τῶν
1079 3223 1285 3303 σχισμάτων
1318 3224 1370 3286 οὐκ

172 3323 374 3406 ἠδυνήθησαν
391 3320 624 3403 λατομηθῆναι·
648 3319 699 3381 διὰ
714 3319 827 3404 ταύτην
852 3317 905 3382 σύν
921 3323 977 3402 τἠν
1000 3318 1107 3385 αἰτίαν
1130 3325 1369 3412 ἀπεβλήθησαν

133 3448 157 3483 ιο
173 3429 235 3489 ἀπὸ
260 3437 313 3508 τῆς
337 3426 501 3507 οἰκοδομῆς
524 3433 577 3486 τού
601 3423 728 3506 πύργου.
774 3429 803 3488 4.
830 3421 896 3486 εἶτα
918 3423 1060 3486 κατενόει
1097 3431 1178 3503 τοὺς
1205 3431 1367 3517 κσλοβσύς,

172 3533 225 3592 καί
249 3529 424 3611 εὑρέθησαν
448 3527 557 3591 πολλοί
582 3527 613 3590 ἐν
637 3530 740 3603 αὐτοῖς
764 3528 913 3609 μέλανες,
937 3528 1016 3602 τινές
1040 3528 1075 3591 δὲ
1102 3539 1256 3617 σχισμὰς
1280 3537 1368 3621 W·

172 3633 229 3707 λας
258 3633 478 3715 πεποιηκότες·
513 3634 566 3694 καί
598 3631 743 3695 ἐκέλευσε
772 3633 825 3694 καί
857 3631 984 3707 τούτους
1014 3635 1158 3718 τεθῆναι
1193 3645 1280 3723 μετὰ
1311 3651 1367 3704 τῶν

172 3734 442 3819 ἀποβεβλημένων.
497 3739 566 3811 τοὺς
603 3736 637 3798 δὲ
670 3737 907 3818 περισσεύοντας
943 3738 1048 3799 αὐτῶν
1089 3745 1290 3828 καθαρίσας
1319 3746 1364 3808 καί

172 3835 351 3919 λατομῆσας
374 3836 537 3902 ἐκέλευσεν
559 3839 601 3913 είς
624 3841 679 3921 τῆν
702 3839 868 3922 οἰκοδομὴν
897 3841 1039 3922 τεθῆναι.
1088 3845 1125 3908 αἱ
1151 3847 1189 3912 δὲ
1215 3851 1364 3934 παρθένοι

134 3960 158 3996 ιι
175 3940 285 4013 αὐτοὺς
322 3943 435 4021 άρασαι
471 3943 512 4016 είς
544 3941 640 4026 μέσην
670 3945 725 4024 τἠν
757 3943 923 4025 οἰκοδομὴν
954 3954 1009 4007 τοῦ
1042 3947 1174 4034 πύργου
1208 3957 1363 4040 ἥρμοσαν·

201 4156 206 4172 .
245 4075 384 4146 Ιβλέπεις
410 4108 444 4115 -
470 4079 589 4150 κύριε>
609 4079 639 4132 L*
662 4080 665 4148 Ι
690 4081 855 4137 ἳπλεῖστον
880 4082 1103 4140 ίίΑτπλεῖονΙι
1132 4090 1137 4160 Ι
1165 4094 1286 4168 θβαλῶ
1303 4095 1360 4149 LA:

172 4160 300 4225 βαίλωίλ
317 4162 320 4228 Ι
337 4162 353 4213 6
372 4168 421 4233 τῆν
439 4163 587 4236 οίκοδομῆν
606 4181 649 4218 em
669 4165 704 4220 cf.
718 4167 742 4234 8,
757 4169 894 4240 4.6;τῆς
911 4169 1100 4242 οἰκοδομῆςῦ
1119 4179 1125 4245 Ι
1144 4179 1178 4232 11
1200 4187 1268 4257 περὶ
1282 4182 1345 4250 MA)
