2834 5018
549 642 613 698 v1s.
632 643 689 708 1,1,
709 643 787 699 aa.
1186 652 1248 715 417

75 827 105 889 3.
130 825 209 888 Post
232 826 357 906 tempus
380 821 508 904 aliquod
532 843 604 885 oum
620 819 734 886 (lamas
757 824 972 908 proficiscerer
987 828 1019 888 et
1040 824 1252 910 glorificarem

75 936 236 994 creaturas
260 929 327 1006 dei,
364 931 502 1011 quantae
525 948 561 990 ac
585 949 678 1010 quam
700 929 942 1012 magnificaeet
964 932 1110 1012 potentes
1135 935 1249 1007 essent,

75 1035 242 1099 ambulans
274 1033 458 1098 obdormivi
505 1032 548 1096 Et
534 1033 710 1148 tspiritus
738 1055 788 1097 me
820 1034 1075 1117 apprehendite
1077 1036 1191 1100 ttabs
1191 1035 1252 1099 ulit

74 1161 125 1203 me
147 1161 203 1223 per
225 1139 331 1202 locum
361 1135 547 1222 quendam
538 1136 671 1210 mvium,
705 1158 879 1221 perquem
908 1138 1002 1203 homo
1030 1160 1095 1203 non
1124 1145 1252 1224 poterat

73 1245 136 1307 iter
150 1244 273 1317 facere3
298 1247 367 1307 erat
389 1246 495 1306 autem
509 1242 597 1306 locus
619 1248 809 1326 praeruptus
832 1250 864 1308 et
879 1266 1023 1309 corrosus
1040 1245 1140 1329 aquis.
1173 1244 1277 1309 cums

74 1369 151 1432 ergo
174 1349 291 1412 flumen
314 1348 393 1412 illud
416 1346 626 1423 transiissem,
659 1348 731 1411 veni
753 1348 786 1411 in
816 1349 948 1432 planum
971 1354 1003 1413 et
1024 1350 1117 1433 posui
1148 1371 1251 1434 genua

73 1458 106 1516 et
130 1453 220 1537 coepi
243 1474 333 1517 orare
357 1452 516 1516 dominum
540 1456 571 1515 et
594 1452 737 1515 confiteri
759 1458 890 1536 peccata
912 1476 992 1519 mea.
1037 1458 1067 1519 4.
1091 1455 1177 1519 Dum
1192 1477 1249 1519 au-

72 1563 139 1621 tem
161 1579 234 1634 oro,
267 1562 411 1641 apertum
442 1561 490 1620 est
512 1555 634 1619 caelum
656 1561 688 1620 et
716 1557 806 1621 video
838 1558 988 1623 feminam
1019 1559 1123 1637 illam,
1157 1580 1250 1643 quam

73 1661 332 1735 desideraveram,
357 1661 549 1724 salutantem
571 1682 621 1724 me
644 1661 682 1724 de
706 1661 802 1738 caelo,
828 1662 1000 1727 dicentem:
1029 1664 1158 1741 Herma,
1182 1685 1248 1727 ave.

73 1766 103 1828 5.
128 1764 257 1829 Intuens
282 1770 387 1829 autem
412 1787 480 1828 sam
505 1764 574 1828 dico
598 1765 644 1828 ei:
668 1765 813 1843 Domina,
839 1767 914 1850 quid
936 1772 972 1830 tu
994 1767 1046 1831 hic
1069 1768 1172 1832 facis?
1204 1767 1249 1831 At
1263 1785 1288 1821 1⁰

71 1869 130 1931 illa
152 1870 317 1952 respondit
339 1870 436 1932 mihi:
460 1869 602 1951 ltecepta
624 1893 703 1946 sum,
727 1875 763 1933 ut
784 1875 916 1954 peccata
938 1876 994 1935 tua
1009 1893 1143 1955 arguam
1165 1873 1249 1955 apud

73 1975 244 2038 dominum.
291 1976 320 2037 6.
345 1974 425 2038 Dico
449 1974 493 2062 ei:
528 1972 622 2038 Nunc
645 1979 680 2037 tu
703 1975 765 2038 mei
795 1975 971 2038 accusatrix
1000 1979 1056 2040 es?
1090 1975 1174 2054 Non,
1198 1978 1248 2041 in-

72 2079 158 2161 quit,
191 2079 246 2142 sed
276 2079 348 2142 audi
379 2080 491 2156 verba,
525 2100 606 2162 quae
635 2079 693 2143 tibi
726 2080 847 2144 dictura
875 2103 953 2145 sum.
1000 2081 1102 2159 Deus,
1137 2089 1193 2164 qut
1214 2089 1249 2146 tn

71 2188 177 2248 coelis
200 2187 329 2248 1011101
361 2190 392 2248 01
416 2207 496 2269 quae
519 2189 593 2248 sunt
624 2206 662 2248 ex
683 2185 783 2249 nihilo
808 2186 946 2250 condidit
976 2192 1008 2250 et
1030 2189 1250 2269 multiplicari

71 2298 105 2353 et
128 2309 279 2354 crescere
297 2293 384 2368 fecit
405 2292 537 2372 propter
551 2293 693 2353 sanctam
708 2290 873 2355 ecclesiam
888 2314 986 2368 suam,
1011 2291 1158 2355 irascitur
1178 2292 1246 2370 tibi,
1264 2306 1288 2343 ¹⁵

71 2395 221 2477 quoniam
245 2396 384 2479 peccasti
406 2397 439 2459 in
462 2416 520 2458 me.
568 2396 596 2457 7.
622 2393 827 2478 Respondeas
851 2397 879 2459 ei
902 2396 987 2460 dico:
1022 2395 1059 2460 In
1082 2401 1113 2461 te
1135 2419 1247 2480 pecca·

69 2498 125 2561 vi?
149 2498 339 2574 Quomodo?
362 2499 430 2564 Aut
446 2501 572 2583 quando
587 2500 647 2564 tibi
662 2501 857 2584 impudicum
873 2501 1003 2564 verbum
1018 2500 1141 2566 locutus
1157 2506 1248 2566 sum?

68 2601 184 2666 Nonne
209 2626 334 2688 semper
357 2611 388 2668 te
411 2626 469 2687 pro
493 2605 551 2668 dea
565 2605 687 2669 habui?
710 2604 823 2669 Nonne
844 2627 968 2689 semper
988 2609 1021 2669 te
1037 2606 1156 2670 veritus
1179 2628 1249 2671 sum

69 2705 157 2769 velut
181 2713 346 2772 sororem?
369 2707 453 2785 Quid
474 2709 508 2773 in
529 2732 579 2773 me
602 2711 754 2787 mentiris,
779 2710 901 2788 mulier,
925 2711 1035 2795 iniqua
1056 2711 1119 2775 ista
1141 2716 1172 2775 et
1187 2712 1247 2776 im·

68 2811 212 2874 munda?
236 2813 265 2875 8.
291 2812 351 2876 llla
375 2820 481 2878 autem
503 2815 607 2878 ridens
631 2816 708 2879 dicit
730 2816 826 2880 mihi:
850 2815 888 2879 In
911 2816 1081 2880 cordetuo
1106 2817 1247 2881 ascendit
1261 2828 1288 2866 ²⁰

69 2915 327 2999 concupiscentia
353 2919 540 3003 iniquitatis.
587 2919 655 2984 Aut
687 2921 745 2985 tibi
767 2942 831 2984 non
859 2920 982 2984 videtur
1009 2920 1130 2984 homini
1161 2921 1245 2984 iusto

68 3019 179 3102 iniqua
202 3042 251 3084 res
275 3043 358 3099 esse,
383 3023 411 3086 si
434 3024 575 3088 ascendit
596 3024 629 3087 in
653 3025 745 3088 corde
768 3024 835 3087 eius
858 3022 944 3087 mala
966 3025 1246 3108 concupiscentia?

144 3173 174 3225 14
192 3172 236 3224 Ps.
256 3173 321 3234 2,4;
342 3175 441 3237 122,1;
461 3175 563 3238 Tuus,
576 3176 615 3228 17.
635 3208 669 3215 -
689 3177 720 3231 15
737 3176 804 3230 Gen.
818 3180 839 3237 1,
850 3174 897 3236 28;
917 3173 941 3237 8,
954 3176 1000 3235 l7;
1018 3176 1041 3235 9,
1059 3178 1087 3233 1;
1107 3174 1148 3236 28,
1164 3175 1243 3227 3010.

67 3293 272 3365 προσεύχεσθαι
292 3295 362 3364 art]
391 3295 433 3350 cf.
460 3295 531 3350 Dan.
550 3298 574 3359 9,
594 3296 757 3350 2011110100
784 3297 859 3350 infra
878 3296 901 3359 3,
921 3297 946 3348 4.
974 3326 1008 3333 —
1035 3290 1127 3349 ἕνεκεν
1152 3314 1175 3348 τ.
1201 3292 1244 3367 dy.

67 3384 113 3436 καὶ
132 3376 171 3435 ἔτι
195 3378 263 3450 ἐμοῦ
288 3387 439 3450 λαλοῦντος
461 3388 507 3439 καὶ
528 3404 643 3459 προσευ·
656 3383 821 3456 tantocius]
849 3383 890 3438 Cf.
909 3381 966 3435 Vis.
987 3380 1025 3443 ΙΙ,
1044 3381 1069 3442 4.
1091 3383 1111 3434 l·
1150 3379 1244 3434 Eccle-

64 3466 189 3538 χομένου
205 3472 251 3523 καὶ
263 3466 481 3541 ἐξαγορεύοντας
494 3471 544 3538 τὰς
556 3469 643 3545 ἆμαρ·
670 3471 741 3523 siam
770 3477 892 3525 sanctam
920 3484 1024 3522 vocans
1058 3467 1104 3535 (01.
1125 3484 1146 3520 0.
1167 3470 1197 3530 3,
1216 3468 1244 3538 4)

67 3556 128 3620 τίας
144 3575 201 3623 μου
218 3560 276 3610 κτλ.
669 3559 786 3611 Hermas
812 3557 933 3612 fortasse
958 3553 1085 3623 regulam
1114 3554 1179 3608 fidei
1204 3572 1245 3608 re-

102 3642 126 3693 4.
141 3641 246 3714 Ἕρμᾶ]
261 3642 367 3696 Nomen
381 3643 456 3710 apud
467 3645 575 3697 veteres
589 3644 641 3696 usi·
668 3645 768 3715 spexit.

66 3728 248 3782 latissimum.
276 3729 317 3782 Cf.
333 3728 411 3782 Rom.
434 3729 472 3793 16,
495 3730 538 3792 14;
558 3731 658 3869 Zitha?
704 3733 727 3785 7.
754 3730 885 3799 πάντοτε]
916 3744 953 3780 sc.
982 3742 1015 3780 ex
1048 3743 1081 3780 eo
1110 3729 1245 3799 tempore,

65 3815 126 3869 Der
144 3816 208 3870 Hire
224 3833 250 3883 p.
271 3817 303 3868 72
321 3819 379 3868 not.
399 3818 422 3869 2.
668 3822 819 3891 postquam
828 3818 946 3871 Hermas
957 3816 1076 3869 libertus
1087 3816 1179 3870 factus
1191 3821 1242 3872 est.

101 3903 126 3955 6.
147 3924 188 3958 κτ.
208 3901 239 3959 ἐκ
257 3912 307 3958 τοῦ
324 3908 362 3973 μὴ
380 3899 471 3972 ὄντος]
491 3902 533 3957 cf.
547 3904 641 3957 Mand.
654 3874 657 3981 1
670 3938 701 3946 -
721 3907 802 3976 θεάν]
827 3904 944 3958 Locutio
969 3903 999 3956 in
1023 3918 1070 3955 ore
1090 3903 1243 3957 Christiani

64 3989 85 4047 1,
108 3991 137 4047 1;
166 3989 192 4043 11
211 3991 297 4043 Maec.
317 3992 340 4049 7,
360 3989 407 4051 28ς
432 3990 457 4042 ΙΙ
477 3990 562 4044 Clam.
585 3995 605 4055 1,
624 3984 746 4058 8'mira,
766 4012 822 4048 non
840 3997 935 4048 autem
953 3991 1103 4053 mutanda,
1123 4006 1186 4043 cum
1206 3991 1243 4044 ab

64 4079 124 4130 not.
144 4076 282 4147 Exempla
299 4081 413 4146 patrum
437 4076 553 4147 collegit
572 4077 640 4132 Hor·
668 4081 783 4152 optimis
802 4080 922 4133 testibus
940 4078 1080 4132 tradatur.

64 4163 141 4216 nack
161 4165 196 4217 acl
215 4165 241 4218 ln
260 4166 277 4217 1.
307 4164 416 4218 Laudat
434 4162 526 4217 locum
545 4165 656 4236 Orige-¹
702 4167 790 4224 1110
814 4188 837 4223 τ.
864 4169 979 4238 καρδίαν
1006 4164 1098 4238 ἀνέβη]
1127 4163 1244 4217 Locutio

64 4268 114 4304 nes
134 4251 165 4304 In
194 4253 289 4307 loann.
313 4257 382 4307 tom.
403 4252 414 4304 1
434 4269 455 4308 o.
479 4253 511 4306 18
529 4252 571 4305 ed.
591 4253 641 4306 Be·
667 4252 1071 4322 5111100(01.100.65,16.17;
1090 4251 1178 4311 1003,
1195 4251 1244 4312 16;

63 4338 128 4392 ned.
149 4338 197 4401 IV,
221 4343 258 4397 19.
287 4371 322 4379 -
348 4346 432 4409 πληθ.
459 4361 483 4395 κ.
511 4340 721 4411 αὐξήσας]1
668 4345 728 4395 Act.
749 4341 773 4403 7,
793 4340 840 4400 23;
860 4338 924 4391 Luc.
944 4338 985 4399 24,
1005 4337 1053 4399 38;
1072 4338 1084 4390 I
1104 4337 1203 4399 (lon2,
1216 4337 1244 4406 9)

64 4427 117 4480 His
144 4428 296 4480 verbisut
285 4431 346 4480 tens
375 4425 449 4479 Deus
483 4430 560 4479 creat
562 4443 642 4480 uram
669 4427 744 4499 apud
763 4426 894 4479 Hermam
921 4407 1102 4484 creberrima3
1130 4423 1165 4475 01.
1185 4422 1244 4476 Vis.

63 4512 230 4566 benedicere
265 4511 352 4573 solet;
397 4511 529 4575 tertium,
567 4513 656 4599 quod
668 4516 689 4579 Ι,
708 4517 732 4575 2,
750 4515 782 4573 4;
801 4511 896 4564 Mand
916 4511 961 4574 IV,
984 4515 1005 4575 1,
1027 4510 1244 4574 1.2;2,2;111,

63 4572 230 4671 plerumque
257 4599 420 4669 praecedit,
448 4616 485 4653 so.
511 4597 642 4672 εὐλογεῖν,
653 4562 693 4664 12,
713 4602 736 4655 3.
755 4599 781 4652 4.
799 4600 823 4652 5.
843 4599 869 4652 7.
887 4599 915 4659 8;
934 4598 994 4661 1111,
1014 4598 1037 4662 3,
1054 4599 1131 4651 5.
1150 4594 1245 4655 tutto

120 4708 161 4746 0..
168 4707 314 4756 ..1,00...
303 4710 405 4755 ...μοι
421 4705 457 4746 eu.
474 4704 508 4744 11
992 4690 1032 4752 27
