2834 5018
62 238 64 243 ’
185 286 249 350 518
287 300 290 306 ·
617 275 771 332 ansuis
788 273 930 331 essuos

184 456 252 532 τίας
275 457 361 539 ὑμῶν
384 455 603 540 ἀπεγνωκότες
625 455 682 537 τὴν
704 454 788 536 ζωὴν
817 453 903 536 ὑμῶν
931 454 984 516 καί
1017 452 1265 536 προστιθέντες
1287 455 1371 538 όμορ

186 561 264 636 τίοιις
285 562 339 624 καί
362 560 629 646 καταβαρόνοντες
650 560 706 642 τὴν
728 559 812 641 ζωὴν
834 559 931 641 ὑμῶν,
954 559 1012 637 δτι,
1045 555 1108 622 ἐὰν
1143 558 1371 646 ἐπιστραφηιι

186 667 272 751 πρὸς
294 666 355 730 τὸν
376 668 495 750 κύριον
517 663 555 746 ἐξ
577 664 657 749 ὅλης
674 670 733 750 τῆς
748 663 886 749 καρδίας
901 667 1000 744 ὑμῶν
1014 663 1073 726 καί
1097 663 1311 751 ἐργάσησθε
1323 667 1372 748 τὴν

187 769 409 853 δικαιοσύνην
430 771 486 845 τὰς
506 768 617 844 λοιπὰς
639 768 755 852 ἡμέρας
781 778 835 852 της
863 768 945 852 ζωῆς
974 768 1064 852 ὑμῶν
1098 771 1160 833 καί
1193 770 1372 855 δουλεόσητε

161 876 272 958 ταύτῷ
296 875 402 956 ὀρθῶς
424 876 507 936 κατὰ
529 875 565 937 τό
589 872 716 958 δὲλημοι
738 875 843 952 αὐτοῦ,
866 871 988 956 ποιήσει
1010 875 1101 936 ἰασιν
1126 883 1201 951 τοῖς
1225 874 1372 959 προτέροις

186 980 273 1062 ὑμῶν
297 977 496 1062 ἁμαρτήμασι
518 978 573 1039 καί
595 975 679 1054 ἕξετε
701 976 829 1059 δύναμιν
843 985 898 1039 τοῦ
920 987 1182 1059 κατακυριεῦσαι
1205 989 1275 1044 τῶν
1290 980 1372 1063 ἔργων

186 1092 242 1147 τοῦ
264 1082 421 1168 διαβόλου.
467 1085 523 1165 τὴν
554 1082 589 1145 δὲ
611 1080 740 1163 ἀπειλὴν
762 1089 818 1143 τοῦ
839 1080 986 1165 διαβόλου
1008 1079 1098 1158 όλως
1124 1086 1172 1168 μὴ
1200 1083 1372 1171 φοβήθητε·

187 1190 297 1261 ἄτονος
329 1185 390 1270 γάρ
424 1184 507 1250 ἐστιν
541 1186 646 1268 ὥσπερ
679 1194 790 1266 νεκροῦ
821 1193 921 1266 νεῦρα.
968 1187 998 1251 3.
1023 1186 1203 1252 ἀκούσατε
1244 1187 1303 1253 οὖν
1328 1209 1373 1272 μοι

187 1293 242 1354 καί
266 1288 430 1375 φοβήθητε
451 1290 504 1352 τόν
526 1289 629 1353 πάντα
651 1288 836 1372 δυνάμενον,
873 1296 981 1355 σῶσαι
1003 1293 1063 1356 καί
1097 1294 1303 1376 ἀπολέσω,
1333 1293 1373 1356 κέ

149 1413 175 1451 1⁰
187 1403 307 1479 τηρεῖτε
328 1397 384 1470 τὰς
408 1392 536 1469 ἐντολὰς
558 1393 692 1473 ταύτας,
716 1395 769 1457 καί
792 1393 932 1477 ζήσεσθε
952 1402 996 1479 τῷ
1020 1398 1108 1479 θεῷ.
1160 1402 1195 1465 4.
1225 1399 1313 1485 λέγω
1333 1399 1374 1461 σε

186 1505 251 1582 τῷ·
297 1497 403 1582 Κύριε,
427 1508 480 1563 νῦν
503 1497 745 1583 ἐνεδυναμιόδην
767 1497 800 1562 ἐν
822 1509 898 1561 πᾶσι
926 1507 989 1575 τοῖς
1011 1499 1225 1586 δικαιώμασι
1257 1516 1313 1570 τοῦ
1331 1524 1375 1567 κν

188 1603 264 1687 ρίου,
287 1605 334 1667 ότι
357 1608 396 1668 σὺ
418 1603 484 1687 μετ’
509 1603 584 1686 ἐμοῦ
615 1601 661 1666 εί·
706 1605 759 1666 καί
783 1601 870 1683 οίδα,
894 1605 940 1666 δτι
963 1605 1146 1688 συγκόψεις
1170 1611 1236 1693 τὴν
1261 1609 1375 1692 δύναμιν

186 1718 242 1772 τοῦ
264 1708 412 1795 διαβόλου
435 1718 539 1772 πᾶσαν
560 1709 614 1770 καί
637 1706 725 1791 ἡμεῖς
746 1709 842 1771 αὐτοῦ
865 1710 1167 1795 κατακυριεὺσομεν
1199 1716 1261 1779 καί
1284 1733 1375 1778 ms·

186 1813 323 1897 χὺσομεν
346 1816 472 1878 πάντων
494 1822 556 1877 τῶν
579 1813 678 1896 ἔργων
702 1814 807 1876 αὐτοῦ.
852 1814 905 1876 καί
928 1812 1059 1894 ἐλπίζω,
1083 1815 1203 1899 κύριε,
1230 1815 1376 1884 sevasto

149 1934 175 1974 ιι
188 1937 227 2002 με
249 1920 304 1994 τὰς
327 1917 455 1992 ἐντολὰς
478 1916 602 1996 ταότας,
626 1918 663 1992 δς
686 1916 875 1998 ἐντέταλται,
899 1926 954 1980 τοῦ
985 1918 1100 2000 κυρίου
1133 1921 1376 2010 ἐνδυναμοῦντος

189 2023 333 2106 φυλάξαι.
381 2027 410 2092 5.
434 2021 599 2101 Φυλάξεις,
623 2021 725 2106 φησίν,
749 2021 804 2086 ἐὰν
826 2021 846 2104 η
868 2022 980 2105 καρδία
1002 2043 1062 2086 σου
1089 2029 1244 2111 καθαρὰ
1266 2028 1377 2113 γένητα

187 2130 264 2210 πρὸς
286 2128 408 2210 κόριον·
432 2130 486 2191 καί
509 2127 623 2202 πάντες
645 2127 680 2190 δὲ
696 2126 895 2209 φυλάξουσιν,
918 2130 984 2190 ὅσοι
1005 2128 1046 2190 ἂν
1061 2131 1307 2214 καθαρίσωσιν
1321 2134 1376 2198 ἕω

187 2239 250 2294 τῶν
273 2233 329 2306 τὰς
351 2231 481 2313 καρδίας
504 2231 567 2293 ἀπό
590 2238 652 2295 τῶν
670 2230 813 2314 ματαίων
836 2231 1010 2314 ἐπιθυμιῶν
1033 2243 1093 2297 τοῦ
1116 2236 1248 2316 αἰῶνος
1271 2239 1378 2311 τοῦτον,

188 2337 242 2398 καί
266 2335 412 2419 ζὴσονται
435 2344 480 2419 τῷ
503 2338 609 2420 δεδι·

149 2876 175 2915 ιι
301 2856 589 2932 ΠΑΡΑΒΟΛΑΙ
615 2855 679 2931 As
707 2856 936 2932 ΕΛΑΛΗΣΕ
963 2855 1083 2931 ΜΕΤ’
1118 2861 1279 2941 ΕΜΟΥ.

275 3065 368 3149 Λέγει
391 3086 458 3148 μοι·
491 3063 615 3143 Οίδατε,
639 3064 747 3148 φησίν,
779 3065 826 3127 ότι
849 3062 899 3127 ἐπί
921 3062 1009 3147 ξένης
1031 3078 1227 3135 κατοικεῖτε
1252 3069 1381 3157 όμεῐςοί

188 3170 294 3234 δοῦλοι
316 3178 371 3232 τοῦ
395 3172 493 3236 θεοῦ·
524 3169 627 3254 ἡγὰρ
648 3168 737 3244 πόλις
769 3169 856 3251 ὑμῶν
878 3167 1000 3252 μακράν
1029 3166 1119 3233 ἐστιν
1153 3174 1226 3239 ἀπό
1258 3187 1316 3262 τῆς
1336 3175 1381 3239 πί·

189 3275 269 3351 λεως
291 3273 420 3358 ταύτης·
445 3272 472 3335 εί
495 3273 549 3335 οὖν
573 3272 685 3351 οἴδατε,
709 3271 794 3356 φησί,
819 3274 875 3355 την
897 3271 987 3335 πόλιν
1010 3271 1119 3355 ὑμῶν,
1148 3274 1187 3341 ἐν
1211 3276 1235 3364 ᾗ
1260 3279 1381 3364 μέλλετε

261 3412 305 3478 112
322 3409 468 3483 ἁμαρτίαις
488 3408 639 3475 ΙιΑι-τίας
657 3408 734 3479 (315
752 3409 850 3483 ὀρθῶς
868 3409 1114 3478 L²Ant:>GL¹
1133 3413 1140 3484 Ι
1161 3414 1250 3483 10119
1270 3419 1380 3492 λέγω-

189 3502 292 3573 μ,,γ,>
310 3498 335 3549 A
350 3498 355 3567 γ
373 3498 405 3552 15
422 3514 477 3566 μμ
488 3495 542 3564 μὲν
559 3494 584 3550 G
599 3494 604 3565 ί
621 3495 654 3548 19
672 3497 793 3570 troz-t-
808 3494 963 3566 expliciunt
981 3497 1124 3552 mandate
1145 3499 1184 3554 L¹
1212 3505 1218 3572 Ι
1245 3505 1283 3559 20
1301 3502 1380 3574 ἐμοῦῑ

188 3585 223 3654 -ί-
236 3583 393 3638 similitudo
411 3582 503 3653 primo
520 3580 570 3645 L',
599 3580 678 3634 cuius
704 3580 919 3651 inscriptionem
936 3583 967 3636 in
988 3582 1122 3639 versione
1149 3585 1254 3645 latins
1273 3589 1380 3661 recipio,

190 3670 322 3723 similiter
349 3670 379 3722 in
406 3666 643 3723 similitudinibus
671 3668 853 3735 sequentibus
879 3670 884 3742 Ι
908 3670 942 3725 22
960 3676 1032 3727 θεοῦ
1053 3670 1120 3726 GL’
1140 3692 1148 3726 τ
1169 3681 1278 3751 κυρίου
1305 3678 1380 3743 Lug

189 3759 224 3826 ηε
238 3754 308 3812 oiG

224 3876 245 3929 Ι.
265 3874 420 3931 Antiochus
433 3877 507 3930 Mon
520 3875 602 3929 Hom.
616 3876 647 3930 15
660 3874 707 3930 Pu
719 3875 763 3939 89,
792 3877 874 3930 inser.
893 3908 929 3917 —
946 3875 1002 3935 ίσιό
1015 3898 1039 3934 τ.
1052 3881 1172 3950 πόλεως
1185 3886 1224 3957 τ.]
1244 3885 1325 3941 Zshn
1335 3885 1379 3939 Lu

193 3960 260 4015 1474
279 3978 376 4016 versus
397 3962 464 4016 1-3
482 3965 512 4016 et
528 3962 598 4016 6-9
616 3979 666 4016 suo
688 3978 765 4016 more
791 3980 819 4032 p.
834 3962 972 4018 121-124
989 3963 1064 4018 haec
1076 3967 1173 4023 verbs
1194 3970 1233 4026 do
1251 3975 1324 4029 urbe
1335 3971 1380 4026 so

190 4047 391 4117 transscripsit.
416 4081 451 4089 —
475 4049 516 4103 cf.
537 4049 623 4106 clem
641 4049 765 4118 Reeogm
791 4066 839 4103 ms
865 4048 914 4116 (oi.
935 4047 1151 4124 vis.11‚4‚u)
1180 4062 1214 4114 et
1242 4060 1307 4115 v.8
1331 4056 1380 4130 (δι’

191 4130 225 4194 Π,
244 4133 355 4187 21-24.
792 4134 919 4206 ἐξουσίαν
945 4133 1055 4209 ἑτέρου)
1085 4141 1156 4196 ets
1186 4145 1219 4215 (ὁ
1242 4149 1339 4225 κύριος
1358 4165 1378 4202 ι.

229 4217 251 4270 l.
270 4217 358 4288 ξένης]
378 4219 420 4274 cf.
439 4219 633 4284 Hebr.13,14.
651 4220 763 4275 IClem
791 4224 899 4290 πόλεως
916 4223 952 4293 τ.)
978 4222 1014 4277 de
1041 4224 1229 4296 imperatore
1247 4234 1378 4290 Romano
