2834 5018
229 681 278 736 ΑΙ)
299 680 539 736 PHILADELPH.
559 679 605 745 XI,
625 685 639 736 1
658 712 692 721 -
711 680 761 734 AD
780 679 997 735 SMYRNAEOS
1015 681 1034 745 I,
1056 684 1078 736 1.
1178 685 1241 749 275

61 862 244 937 laudatum,
269 860 324 943 qui
348 864 379 923 et
401 881 484 924 nunc
506 860 539 924 in
563 881 705 924 sermone
728 860 778 923 dei
800 858 879 924 mihi
901 860 1061 924 ministrat
1086 882 1242 925 unacum

63 967 153 1031 uheo
177 965 400 1049 Agathopotla
424 964 492 1028 viro
516 964 626 1042 electe,
652 964 706 1048 qui
729 986 748 1028 a
771 963 864 1047 Syria
885 986 935 1028 me
967 965 1136 1029 com'tatur
1159 965 1242 1029 vitae

61 1069 255 1144 renuntians
283 1069 336 1151 qui
359 1072 391 1131 et
414 1067 504 1132 vobis
526 1069 645 1133 bonum
667 1068 882 1132 testimonium
908 1068 1093 1152 perhibent:
1126 1074 1158 1134 et
1181 1090 1242 1154 ego

61 1175 120 1237 cleo
144 1173 265 1256 gratias
289 1193 351 1256 ago
374 1173 562 1255 provehis,
594 1173 669 1256 quia
691 1171 766 1236 illos
795 1172 996 1256 suscepistis,
1027 1172 1109 1237 sicut
1131 1176 1162 1236 et
1184 1195 1242 1237 vos

61 1277 216 1342 dominus.
270 1276 314 1340 lis
343 1299 433 1353 vera,
467 1278 521 1360 qui
549 1277 622 1341 illos
653 1277 830 1362 ignominia
860 1277 1050 1354 affecerunt,
1087 1276 1268 1341 condonets

62 1382 168 1466 gratia
191 1381 317 1445 Christi.
365 1382 395 1445 2.
420 1380 547 1446 Salutat
568 1403 625 1446 vos
648 1382 764 1446 caritas
787 1381 923 1446 fratrum
946 1383 979 1446 in
1003 1381 1134 1458 Troade,
1159 1381 1242 1444 unde

61 1492 94 1550 et
118 1487 221 1550 scribo
237 1487 326 1550 vobis
349 1508 407 1570 per
422 1486 591 1563 Burrhum,
617 1486 671 1571 qui
686 1486 800 1551 missus
824 1491 872 1551 est
886 1508 1009 1551 mecum
1032 1486 1071 1550 ab
1092 1484 1242 1570 Ephesiis

62 1596 95 1654 et
130 1590 311 1673 Smyrnaeis
344 1591 475 1654 honoris
510 1612 614 1655 causa.
673 1590 853 1656 Honorabit
886 1613 940 1656 eos
975 1592 1121 1656 dominus
1155 1590 1242 1655 lesus

62 1693 217 1770 Christus,
241 1693 274 1757 in
299 1715 392 1776 quem
415 1699 544 1776 sperant
567 1715 675 1772 carne,
700 1695 825 1771 anima,
850 1696 980 1778 spiritu,
1004 1695 1075 1772 fide,
1100 1696 1241 1771 caritate,

61 1798 238 1862 cuncordia.
286 1796 399 1860 Valete
423 1798 456 1860 in
479 1796 605 1862 Christo
628 1798 709 1877 lesu,
734 1800 891 1864 communi
914 1822 970 1884 spe
992 1805 1109 1865 nostra.
1257 1820 1282 1856 10

549 2114 758 2122 ——-—.-.

434 2353 639 2410 SMYRNAEIS
659 2353 840 2410 lGNA'PlUS.

152 2531 306 2615 ignatius,
332 2533 386 2617 qui
408 2537 441 2597 et
463 2532 687 2616 Theophorus,
712 2533 862 2598 ecelesiae
885 2532 934 2597 dei
955 2532 1056 2616 patris
1080 2535 1112 2595 et
1136 2529 1243 2594 dileati

195 2635 267 2699 Iesu
290 2633 417 2712 Christi,
441 2659 533 2702 omne
558 2639 674 2702 donum
696 2661 754 2723 per
774 2637 1021 2702 misericordiam
1044 2639 1241 2712 consecutae,

195 2740 336 2823 repletae
367 2741 428 2805 fide
459 2747 491 2805 et
523 2743 673 2819 caritate,
705 2741 795 2806 nulla
826 2741 932 2826 gratia
962 2741 1151 2816 destitutae,
1185 2739 1242 2804 deo

197 2844 418 2908 dilectissimae
441 2849 473 2908 et
504 2845 708 2922 sanetiferae,
739 2867 819 2930 quae
842 2850 890 2910 est
913 2845 1064 2928 Smyrnae
1097 2845 1130 2909 in
1153 2843 1241 2921 Asia,
1257 2857 1282 2898 1⁶

197 2949 229 3011 in
251 2948 456 3012 immaculato
480 2949 595 3032 spiritu
619 2955 651 3013 et
672 2950 705 3014 in
720 2951 816 3014 verbo
840 2949 889 3013 dei
904 2950 1074 3033 plurimam
1097 2948 1242 3014 salutern.

151 3053 176 3117 I.
202 3052 348 3118 Glorifico
372 3054 475 3118 lesum
498 3053 659 3118 Christum
682 3056 790 3131 deum,
823 3055 878 3138 qui
899 3076 955 3117 vos
986 3056 1063 3118 adeo
1086 3055 1243 3138 sapientes

63 3159 219 3233 reddidit3
253 3159 417 3222 obseruari
441 3159 544 3235 enim,
578 3159 737 3242 perfectos
760 3181 816 3222 vos
839 3180 906 3223 esse
937 3160 970 3223 in
992 3158 1053 3222 fide
1075 3157 1241 3231 immobili,

62 3269 98 3327 ut
122 3263 220 3327 clavis
245 3262 358 3326 affixos
377 3263 461 3326 cruci
485 3263 602 3327 domini
620 3263 691 3327 Iesu
707 3262 825 3327 Christi
848 3263 952 3344 quoad
976 3283 1102 3327 carnem
1125 3267 1157 3325 et
1173 3260 1242 3326 uni·

63 3390 150 3430 ruam
173 3372 205 3430 et
228 3366 386 3430 stabilitas
410 3368 443 3431 in
465 3369 598 3432 caritate
620 3390 677 3451 per
700 3367 887 3452 sanguinem
911 3365 1046 3443 Christi,
1069 3365 1164 3449 plena
1186 3366 1241 3427 fir·
1256 3379 1282 3417 2⁰

65 3505 88 3561 4.
111 3504 142 3558 15
160 3501 211 3571 (εἰς
229 3508 251 3558 λ.
271 3504 374 3570 δόσεως
390 3506 437 3559 καὶ
454 3503 583 3573 λήψεως).
668 3520 763 3558 serum
783 3502 880 3575 gandii
899 3503 1015 3558 fontem.
1040 3503 1081 3557 Cf.
1101 3503 1144 3557 Ps.
1158 3501 1197 3563 18,
1217 3500 1241 3554 8.

101 3590 187 3642 Inscr.
206 3586 382 3664 ἀνυστερὴτῳ
399 3589 469 3658 κτλ]
490 3589 530 3643 Cf.
551 3589 638 3644 [Cor.
667 3591 692 3643 9.
713 3592 752 3645 11.

65 3678 88 3738 l’
109 3678 132 3730 7'
152 3707 192 3781 '⁸‘
205 3675 446 3748 θεοπρεπωτάτῃ]
467 3676 511 3772 Cf',
529 3693 551 3728 ⁰⁰
566 3678 597 3731 ll
611 3679 640 3730 et
701 3710 784 3764 1-11.
803 3711 920 3764 Severus
934 3710 1064 3764 Antioch.
1078 3710 1170 3764 Curet.
1181 3709 1240 3772 214,

66 3765 105 3820 12.
125 3795 160 3802 —
180 3762 336 3836 αγιοφόρῳ]
356 3763 480 3816 Pssrson
503 3766 640 3832 interpre·
667 3800 718 3853 246
737 3800 782 3868 (-
800 3796 949 3868 ἀνέστησεν
965 3795 1083 3865 ἑαυτὸν),

63 3855 156 3905 tatur:
192 3850 270 3903 ferax
298 3852 459 3902 sanctorum
486 3849 639 3903 hominnm.

64 3938 193 4006 lgnafiu,
216 3936 385 3991 vocabulum
407 3937 463 3989 iam
491 3937 561 4006 Eph·
581 3937 640 4001 ῃ
702 3920 723 3972 I.
745 3919 996 3974 Theodoret.Dial.
1011 3919 1023 3972 1
1037 3916 1240 3989 sd.MignaIV‚

64 4025 280 4094 usurpavituna
299 4041 361 4078 cum
372 4027 522 4097 θεοφόρος,
531 4043 640 4096 χριστο·
668 4007 702 4061 82
721 4005 1032 4080 (πεπληθθφθθημὲνθυς
1049 4036 1083 4044 “
1102 4003 1132 4061 ἐν
1144 4005 1242 4077 mimi·

66 4116 165 4184 φόρος,
185 4114 335 4185 ναοφόρος,
353 4116 383 4164 et
401 4111 580 4164 hunclocum
600 4126 640 4163 re·
704 4109 972 4180 1.καθηλωμὲνους]
1001 4109 1042 4163 Cf.
1069 4109 1155 4163 Clem.
1175 4109 1242 4162 Pne-

64 4201 188 4270 spisiens
208 4199 408 4267 explicaveris:
428 4198 640 4259 sanctaferens,
668 4197 917 4267 dag.111,12.8.5
942 4215 969 4265 p.
989 4196 1053 4251 303:
1084 4194 1152 4270 ὅρον
1184 4190 1243 4267 ἕχο-

63 4287 206 4342 meditans
220 4303 252 4339 ae
265 4286 419 4355 perficiens.
439 4317 473 4325 -
491 4285 521 4343 ἐν
533 4285 641 4360 ἀμώμῳ
667 4305 721 4354 μεν
740 4286 790 4340 τὸν
801 4284 923 4355 σταυρὸν
944 4293 994 4339 τοῦ
1005 4288 1109 4355 κυρίου,
1129 4276 1151 4359 ᾧ
1169 4304 1244 4355 περι·

62 4374 135 4444 mu]
159 4373 245 4427 Recte
266 4373 342 4426 Zahn
361 4373 408 4426 hie
434 4390 490 4427 non
509 4373 641 4442 spiritum
654 4422 657 4465 Ι
668 4372 1244 4444 σταυρούμεθακαὶπεριθριγγούμεθατῶν

63 4463 194 4516 sanctum
215 4461 243 4513 et
257 4459 400 4513 Christum
419 4458 570 4529 intellegit,
591 4458 643 4512 sed
668 4457 814 4530 προτέρων
831 4454 982 4530 ἁμαρτιῶν.
1007 4457 1244 4531 ἄναγεννηθένεες

63 4549 174 4603 unimos
199 4546 277 4599 titiis
304 4550 438 4600 vacantes
462 4545 583 4613 ideoque
600 4545 642 4599 hi·
670 4547 763 4600 tor'vvv
775 4547 1006 4614 προσηλωθῶμεν
1023 4542 1054 4602 ἐν
1067 4549 1101 4617 τῇ
1119 4545 1243 4624 ἀληθείᾳ.

63 4639 138 4690 lares
157 4638 186 4688 et
212 4634 328 4687 verbum
347 4633 474 4686 divinum
497 4637 644 4700 tamquam
669 4633 803 4703 -σαρκὶ
828 4629 899 4699 κτλ]
928 4629 971 4688 cf.
1000 4631 1071 4702 Eph.
1093 4634 1138 4696 10,
1157 4633 1181 4688 3.
1208 4663 1244 4672 -

962 4722 1034 4787 18*
