2834 5018
255 673 480 729 MARTYRIUH
498 673 524 728 S.
544 672 752 729 POLYCARPI
770 672 854 739 XVII,
873 673 1025 740 2-xvl11,
1043 675 1068 730 3.
1181 680 1245 746 337

71 854 173 940 gessit
196 875 272 937 ergo
295 852 440 916 diabolus
462 851 603 927 Nicetae,
628 851 765 917 Herodis
787 853 881 936 patri,
906 851 998 917 fratri
1022 857 1128 919 autem
1141 851 1245 934 Alces,

71 960 158 1023 adire
180 956 410 1042 proconsulem,
434 978 474 1020 ne
497 978 611 1040 corpus
633 956 719 1022 illius
742 958 894 1022 traderet:
929 979 977 1035 ne,
1001 958 1113 1041 inquit,
1137 959 1247 1025 relicto

71 1063 222 1127 crucifixo
244 1062 328 1126 hune
351 1061 453 1127 colere
475 1062 639 1147 incipiant.
685 1062 791 1145 Atque
807 1062 887 1127 haec
910 1062 1058 1127 dicebant
1072 1085 1247 1149 suggeren-

71 1168 158 1232 tibus
181 1171 214 1231 et
235 1166 427 1231 instantibus
451 1165 594 1243 Iudaeis,
628 1167 683 1250 qui
707 1187 832 1250 quoque
858 1168 1102 1231 observaverant
1129 1190 1187 1233 nos
1209 1190 1249 1233 ex

71 1261 147 1356 igno
171 1293 243 1336 eum
265 1275 480 1347 extracturos3
515 1271 627 1356 ignari,
654 1272 738 1355 quod
760 1293 819 1336 nec
843 1268 1013 1349 Christum,
1038 1271 1092 1356 qui
1114 1293 1173 1356 pro
1195 1292 1275 1336 ιιι-ι

71 1376 139 1439 lute
164 1375 323 1453 omnium,
356 1376 412 1459 qui
433 1376 467 1439 in
489 1379 557 1439 toto
580 1375 697 1439 mundo
720 1375 801 1440 salvi
823 1375 917 1453 fient,
940 1396 1055 1459 passus
1077 1379 1126 1439 est
1146 1375 1249 1440 incul-

72 1483 168 1563 patus
192 1502 252 1564 pro
282 1479 517 1563 peccatoribus,
550 1501 692 1563 unquam
714 1478 930 1563 derelinquere
952 1478 1126 1563 poterimus
1148 1501 1250 1563 neque

73 1585 173 1649 alium
197 1606 388 1669 quemquam
411 1583 522 1648 colere.
569 1584 598 1647 3.
622 1582 718 1647 Illum
740 1583 832 1659 enim,
857 1587 968 1667 utpote
987 1583 1170 1659 filiumdei,
1194 1584 1250 1647 ad·

71 1711 219 1763 oramus,
243 1693 398 1772 martyres
421 1710 495 1752 vero
511 1692 676 1772 tamquam
699 1687 819 1752 domini
836 1687 1006 1772 discipulos
1029 1692 1061 1752 et
1075 1688 1251 1752 imitatores

72 1794 187 1858 merito
211 1793 372 1877 diligimus
394 1798 526 1877 propter
549 1792 697 1856 eximiam
718 1792 860 1875 ipsomm
891 1812 969 1876 erga
992 1812 1100 1876 regem
1123 1813 1159 1855 ac
1182 1814 1250 1855 ma·
1265 1812 1290 1850 ιι

73 1899 210 1982 gistrum
239 1920 331 1962 auum
363 1897 628 1972 benevolentiam
668 1918 803 1981 quorum
834 1897 955 1961 utinam
987 1901 1019 1961 et
1050 1918 1108 1961 nos
1139 1897 1251 1961 fiamus

73 2007 237 2066 consortes
262 2024 298 2066 ac
321 2001 537 2086 condiscipuli.

164 2106 282 2171 XVIII.
308 2107 428 2172 Videns
452 2111 558 2171 autem
584 2106 726 2170 centurio
750 2129 769 2170 a
790 2104 916 2169 Iudaeis
947 2109 1051 2169 ortam
1074 2105 1250 2168 contentio-

71 2233 156 2287 nem,
181 2232 294 2295 corpus
317 2212 350 2275 in
371 2212 474 2276 medio
489 2211 638 2296 positum,
662 2215 699 2274 ut
721 2209 787 2273 illis
802 2231 871 2273 mos
895 2213 971 2286 erat,
990 2210 1118 2274 exussit.
1142 2212 1172 2274 2.
1189 2210 1251 2274 At·
1288 2240 1292 2247 ·

74 2336 137 2398 que
159 2316 206 2379 ita
228 2336 287 2379 nos
309 2320 422 2398 postea
436 2338 509 2381 ossa
531 2315 618 2378 illius
635 2313 771 2399 gemmis
793 2313 1032 2396 pretiosissimis
1049 2314 1253 2398 exquisitiora
1268 2335 1292 2375 ιι

73 2425 108 2485 et
130 2442 227 2505 super
250 2442 361 2484 aurum
383 2420 567 2504 probatiora
588 2418 753 2495 tollentes,
783 2417 839 2481 ubi
861 2418 1008 2494 decebat,
1041 2419 1252 2502 deposuimus.

74 2527 105 2589 3.
131 2524 201 2600 Quo
224 2524 321 2588 etiam
343 2524 407 2588 loci
421 2526 522 2602 nobis,
547 2529 584 2588 ut
605 2523 674 2587 fieri
689 2523 815 2606 poterit,
839 2523 873 2586 in
889 2523 1098 2588 exsultatione
1121 2528 1154 2588 et
1172 2545 1253 2609 gau·

72 2630 127 2693 dio
150 2629 353 2713 congregatis
376 2630 520 2693 dominus
550 2628 717 2713 praebebit
738 2627 880 2691 natalem
909 2627 1051 2711 martyrii
1075 2627 1140 2692 eius
1172 2629 1255 2692 diem

72 2733 244 2810 celebrare,
269 2737 337 2796 tum
360 2733 392 2797 in
415 2733 600 2798 memoriam
622 2753 749 2809 eorum,
782 2732 836 2815 qui
861 2732 1037 2796 certamina
1059 2733 1122 2798 iarn
1144 2738 1254 2818 pertu-

72 2839 196 2916 Iemnt,
233 2843 299 2903 tum
324 2845 359 2902 ut
390 2839 510 2922 posteri
533 2838 698 2904 exercitati
728 2837 793 2901 sint
815 2841 847 2902 et
870 2837 975 2920 parati
998 2839 1038 2902 ad
1070 2838 1179 2902 eadem
1201 2860 1255 2903 su·
1269 2854 1294 2892 ²⁰

73 2945 232 3009 stinenda.

73 3149 163 3203 dendi
181 3148 337 3217 Polycarpo
358 3146 483 3202 deiectus
502 3146 536 3216 (8,
547 3149 575 3214 2)
594 3147 652 3200 iam
716 3149 740 3202 3.
762 3145 803 3202 ef.
833 3145 961 3200 Laetant
992 3145 1080 3201 [nstit.
1104 3145 1139 3209 V,
1160 3147 1255 3211 11,6;

75 3251 189 3290 omnem
202 3240 317 3290 exuerat
330 3234 537 3288 humanitatem
555 3239 653 3289 etma·
680 3231 783 3303 Epiph.
810 3232 843 3286 H.
873 3235 905 3289 79
932 3250 954 3286 c.
974 3233 997 3286 ί.
1022 3232 1052 3295 9;
1088 3234 1207 3303 August.
1226 3233 1256 3287 0.

74 3323 163 3394 lignis
190 3322 358 3376 Iudaeorum
387 3320 534 3375 calumniis
559 3337 654 3375 aurem
681 3319 776 3374 Faust
797 3321 856 3384 XX,
876 3323 924 3382 21;
951 3320 993 3374 De
1013 3318 1088 3372 civit.
1108 3319 1162 3374 Dei
1180 3321 1212 3383 X,
1234 3323 1256 3375 1.

74 3409 240 3480 praebebat.
272 3408 330 3462 Nec
343 3413 500 3478 temporum
521 3407 594 3463 ratio
607 3409 654 3462 ob·
717 3406 816 3471 XVIII,
825 3409 847 3461 1.
860 3405 1027 3474 Martyrium
1035 3403 1161 3460 Nestoris
1172 3407 1255 3476 episc.

75 3500 144 3560 stat,
164 3495 314 3563 quominus
339 3496 413 3549 hanc
431 3495 518 3549 Alcen
537 3495 655 3548 eandem
683 3494 779 3564 Perga
798 3492 985 3566 συναχθέντες
1002 3492 1032 3549 δὲ
1051 3492 1076 3550 οί
1097 3497 1258 3567 Χριστιανοὶ

74 3583 167 3637 fnisse
201 3583 384 3646 arbitremur,
421 3599 507 3650 quam
540 3581 656 3637 Traiani
683 3582 727 3641 διὰ
736 3594 785 3653 τῆς
802 3582 903 3647 νυκτὸς
919 3584 965 3638 καί
975 3584 1095 3654 χρήμασι
1113 3580 1189 3654 παρὰ
1201 3589 1258 3637 τῶν

75 3668 253 3739 temporibus
298 3669 426 3740 Ignatius
474 3670 655 3732 salutaverat,
683 3677 863 3744 στρατιωτῶν
894 3665 1066 3739 ὠνησάμενοι
1102 3669 1135 3725 τὸ
1167 3671 1258 3738 τίμιον

75 3755 271 3811 Christianam
291 3756 472 3824 Smyrnaeam
490 3756 557 3826 (Sm.
578 3759 617 3819 13,
631 3758 655 3811 2.
683 3756 770 3814 αὐτοῦ
796 3759 930 3828 λείψανον
958 3755 1113 3812 κατέθεντο
1142 3753 1259 3824 ἐντίμως

76 3842 172 3911 Polyc.
198 3846 228 3905 8,
248 3844 284 3913 2).
327 3843 356 3898 Si
387 3843 559 3897 tricesimum
589 3848 657 3898 tnnc
685 3841 715 3900 ἐν
742 3841 865 3918 ἐπισήμῳ
892 3847 950 3898 κτλ.
979 3842 1087 3909 (Aule,
1117 3842 1186 3898 Hist.
1213 3841 1258 3895 des

75 3947 185 3984 annum
204 3932 324 4001 agebat,
354 3931 443 3985 frater
470 3931 544 3995 eius,
573 3947 657 3998 quem
679 3931 865 4000 perseeutione
883 3930 915 3984 de
932 3929 1046 3998 I'Epliee
1066 3927 1112 3992 III,
1126 3928 1195 3996 516).
1216 3925 1259 3980 cf.

76 4034 174 4072 senem
188 4018 274 4072 fuisse
293 4017 368 4071 filius
381 4018 529 4072 irenarcha
543 4020 656 4074 demon·
685 4015 749 4071 Ilus.
769 4016 802 4070 H.
822 4015 852 4070 Ε.
871 4015 904 4080 V,
924 4018 948 4082 1,
966 4017 1007 4071 61.

76 4107 167 4168 strat,
203 4107 395 4175 quadragmta
422 4107 547 4174 quinque
576 4107 656 4160 annis
720 4104 744 4158 3.
763 4104 869 4179 ἡμέραν
880 4105 949 4178 μεν]
960 4102 1166 4158 Testimonium
1177 4101 1260 4156 huius

75 4197 145 4262 post
163 4194 325 4264 (llo-155)
353 4197 496 4263 superstes
524 4210 583 4248 esse
607 4211 656 4264 po·
685 4191 836 4247 locutionis
850 4192 973 4264 epistula
986 4192 1202 4259 Smymaeomm
1213 4207 1259 4244 an·

76 4285 154 4335 terat
164 4280 272 4351 (Zahn).
282 4291 427 4338 -τοῦτον
439 4277 499 4354 dag.
513 4281 654 4356 σέβεσθαι]
684 4278 793 4346 tiquius
806 4297 863 4334 non
877 4281 976 4341 exstat,
996 4283 1191 4332 verumtamen
1200 4293 1259 4332 sen·

76 4367 122 4423 cf.
141 4367 207 4421 Xus.
233 4367 267 4420 H.
285 4367 317 4422 Ε.
337 4368 414 4431 VIII,
434 4370 457 4431 6,
478 4372 501 4423 7.
530 4400 564 4409 -
591 4367 656 4426 into-
684 4364 821 4428 tentiam,
851 4365 924 4419 unde
950 4366 1013 4419 orta
1040 4369 1099 4428 est,
1133 4363 1260 4435 ignatius

76 4456 241 4529 βαλλόντων
260 4494 287 4507 ..
307 4456 459 4525 Ἰουδαίων]
479 4454 522 4509 Cf.
541 4457 602 4509 Act.
617 4456 656 4518 19,
685 4453 829 4522 praeclare
859 4451 998 4522 expressit
1028 4451 1106 4507 Rom.
1130 4451 1163 4516 6,
1193 4454 1215 4506 1.
1243 4453 1260 4506 2

77 4543 122 4597 33.
154 4572 188 4581 -
215 4538 334 4611 ἄμωμον
353 4540 376 4599 i·-
402 4541 460 4612 ἅμ]
489 4540 531 4596 cf.
550 4541 564 4594 I
581 4543 656 4596 Petr.
686 4539 793 4607 (Zahn).
831 4538 874 4594 cf.
900 4539 974 4593 Tert.
1003 4538 1045 4593 De
1074 4554 1178 4594 corona
1202 4538 1259 4594 mil.

75 4629 104 4691 3,
127 4628 166 4683 18.
670 4642 708 4714 pc.
728 4627 752 4682 3.

139 4734 246 4783 ank,
263 4735 344 4775 Patres
359 4737 434 4783 apost.
448 4733 484 4774 cd.
495 4733 528 4773 11.
1016 4718 1069 4782 Ὦ
