2834 5018
161 332 226 397 386
330 286 335 293 ·
420 324 744 381 PRESBYTERORUM
763 324 959 390 RELIQUIAE
977 325 1083 380 v-VL

160 528 180 569 a
206 503 262 569 XL
297 508 401 568 autem
437 510 469 568 et
497 503 521 567 L
554 525 636 567 anno
671 502 808 567 declinat
842 504 906 567 iam
939 504 972 568 in
1007 509 1144 570 aetatem
1178 507 1363 585 seniorem,

161 631 257 693 quam
289 608 409 673 habens
441 609 586 673 dominus
623 612 731 672 noster
768 608 919 685 docebat,
959 609 1041 673 sicut
1073 610 1290 694 evangelium
1328 618 1365 677 et

159 735 310 778 omnes
334 714 543 778 seniores
566 716 733 789 testantur,
761 712 813 774 καί
849 711 993 786 πάντες
1030 711 1071 775 δὲ
1104 711 1140 775 οἱ
1176 713 1361 800 πρεσβύ-

162 817 217 901 qui
238 817 272 881 in
287 816 367 882 Asia
382 819 467 901 apud
481 817 653 881 Iohannem
669 818 734 881 dis-
761 836 872 897 τερσι
896 824 1110 898 μαρτυροῦσιν,
1135 816 1166 879 οἱ
1189 820 1284 881 κατὰ
1301 821 1361 901 τὴν

133 921 302 1006 σοίριιλσηι
325 923 442 987 domini
458 926 678 997 convenerunt,
703 921 735 984 id
762 919 870 984 Ἀσίαν
884 918 1016 1003 Ἰωάννῃ
1031 927 1074 1002 τῷ
1091 930 1148 983 τσῦ
1161 923 1281 1005 κυρίου
1298 944 1361 1007 μα-

159 1026 265 1111 ipsum
287 1027 454 1090 tradidisse
484 1025 529 1088 eis
552 1023 733 1088 Iohannem.
763 1026 847 1108 θητῇ
868 1023 1134 1109 συμβεβληκότες,
1160 1027 1361 1109 παραδεδω-

159 1130 338 1195 Permansit
361 1135 467 1195 autem
483 1151 554 1194 cum
576 1128 621 1192 eis
636 1150 736 1210 usque
761 1127 849 1191 κέναι
859 1129 911 1191 τόν
923 1126 1080 1212 Ἰωάννην.
1104 1128 1285 1213 παρέμεινε
1294 1135 1361 1217 γὰρ

160 1236 201 1299 ad
234 1233 363 1298 Traiani
396 1240 549 1317 tempora.
600 1229 735 1307 Quidam
762 1232 865 1306 αὐτοῖς
875 1231 964 1314 μέχρι
974 1231 1206 1315 τῶνΤραϊανσῦ
1215 1236 1359 1319 χρόνων.

160 1344 267 1403 autem
282 1359 390 1402 eorum
405 1359 470 1403 non
481 1337 584 1402 solum
596 1336 777 1411 Iohannem,
793 1339 878 1402 sede
880 1339 990 1404 talios
1006 1340 1171 1424 apostolos
1189 1343 1359 1419 videnmt,

121 1464 148 1501 ιο
162 1446 195 1507 st
215 1443 294 1507 haec
325 1443 434 1507 eadem
462 1441 536 1507 ab
527 1440 605 1525 ipsis
635 1443 818 1517 audierunt,
854 1447 1027 1509 ettestt
973 1450 1027 1509 ant
1028 1468 1066 1508 ur
1098 1445 1138 1508 de
1162 1446 1360 1512 huiusmodi

162 1548 254 1613 relat'
231 1554 324 1612 t.10ne

417 1648 498 1718 [tren.
518 1649 552 1712 ΙΙ,
571 1650 613 1712 22,
632 1651 649 1702 5
669 1650 711 1703 ed.
731 1649 844 1717 Hurvey
863 1649 882 1711 1,
902 1651 968 1711 331;
989 1649 1052 1704 Eus.
1072 1650 1106 1703 Η.
1127 1650 1159 1705 Ε.
1183 1652 1234 1713 ΙΙΙ,
1255 1655 1302 1715 23,
1322 1656 1359 1726 3.]

718 1773 773 1838 VI.

204 1895 268 1962 Ubi
290 1918 367 1981 ergo
389 1899 511 1982 primus
539 1897 662 1980 positus
685 1901 734 1961 est
826 1892 892 1956 llos
916 1891 969 1957 οὖν
986 1893 1082 1978 ἐτέθη
1106 1895 1274 1978 όπρῶτσς
1300 1902 1356 1964 ἄν·

158 2000 274 2066 homo?
329 2001 455 2066 Scilicet
499 2002 533 2065 in
576 2001 733 2082 paradiso,
762 2000 910 2079 5ρωττσς;
934 1998 966 2061 ἐν
990 1997 1172 2082 παραδείσῳ
1192 2001 1357 2086 δηλονότι,

120 2106 423 2188 ¹⁶quemndn10dum
456 2106 612 2189 scriptura
641 2104 732 2168 dicit:
762 2103 875 2177 καθὼς
897 2102 1078 2187 γέγραπται.

158 2210 202 2272 Et
211 2211 379 2290 plantavit
394 2212 476 2273 deris
487 2211 685 2291 paradisum
701 2215 736 2273 in

160 2314 252 2375 Edere
264 2322 380 2377 eontra
392 2321 566 2393 orientem,
579 2322 612 2377 et
621 2319 737 2395 posuit

159 2418 207 2479 ibt
227 2418 316 2480 terret
303 2423 406 2497 tuem,
429 2437 522 2498 urcem
543 2421 734 2499 plesenueit

158 2518 202 2583 Et
224 2520 297 2583 inde
327 2521 487 2604 proiectus
516 2528 565 2585 est
596 2522 628 2584 in
650 2520 734 2584 hunc
761 2521 813 2582 καὶ
837 2519 962 2585 ἐκεῖθεν
993 2518 1083 2596 ἐξελ
1010 2518 1153 2645 ξεβλήβη
1188 2524 1236 2600 εἰς
1264 2525 1354 2589 τόνδε

119 2637 145 2675 ²⁰
158 2624 318 2699 mundum
342 2647 406 2688 non
422 2625 600 2689 oboediens.
647 2623 733 2700 Qua·
760 2623 813 2686 τὸν
836 2622 894 2686 κότ
896 2644 953 2706 μσν
977 2624 1196 2706 παρακούσας.
1223 2630 1276 2694 διὸ
1299 2632 1352 2692 καὶ

235 2759 266 2814 16
285 2760 352 2815 Gen.
371 2762 395 2824 2,
415 2760 440 2813 8.

157 2881 313 2951 perfectam
327 2881 461 2949 appellat
481 2887 513 2936 ut
527 2899 638 2936 omnem
656 2888 732 2937 aeta·
745 2885 748 2903 ¹
761 2886 875 2939 Irenaeo
895 2885 925 2937 id
943 2889 1054 2939 tantum
1073 2889 1263 2956 propositum
1283 2892 1350 2949 erat,

157 2971 215 3023 tem
235 2984 286 3021 sua
304 2969 500 3023 sanctificaret.
537 2969 597 3024 Hoc
622 2987 732 3039 quoque
745 2962 748 3019 ῗ
761 2977 793 3026 ut
812 2972 1027 3026 Valentinianos
1046 2973 1193 3029 refutaret
1213 2976 1349 3031 exEvan·

156 3054 218 3109 loco
238 3055 358 3110 Domino
377 3054 490 3108 docenti
507 3055 638 3110 attribuit
657 3061 732 3112 aeta·
745 3034 748 3093 l
761 3057 835 3129 gelio
868 3058 960 3111 Lucac
995 3058 1218 3126 concludentes,
1258 3063 1348 3117 lesum

157 3144 215 3196 tem
235 3141 380 3204 seniorem,
399 3146 513 3211 praeter
526 3143 648 3198 seniores
669 3163 732 3213 pro·
761 3161 848 3196 unum
873 3144 964 3196 solum
984 3161 1087 3196 annum
1114 3145 1251 3202 docuisse
1272 3150 1347 3215 (Luc.

155 3245 261 3282 vocans
284 3227 322 3281 ad
345 3227 547 3297 Evangelium‚
575 3248 612 3283 se.
637 3224 784 3293 10511524,
808 3229 851 3296 19)
870 3232 899 3284 et
917 3248 1005 3284 annos
1024 3230 1102 3284 XXX
1121 3235 1229 3288 natum
1249 3236 1287 3303 (8,
1305 3235 1349 3304 23)

155 3315 180 3377 8,
200 3316 250 3377 57,
278 3315 326 3368 ubi
354 3315 449 3369 Iudaei
475 3315 594 3371 Domino
621 3318 731 3372 dicunt:
760 3320 900 3370 mortuum
917 3334 984 3370 esse.
1005 3318 1096 3380 Quare
1111 3319 1144 3382 ΙΙ,
1160 3322 1204 3384 22,
1218 3323 1237 3376 6
1251 3324 1347 3377 Ioann.

157 3402 374 3471 Quinquaginta
392 3404 617 3458 annosnondum
637 3405 731 3471 habes,
745 3390 784 3463 ⁴8,
805 3403 838 3456 57
858 3403 892 3457 de
911 3422 943 3457 eo
963 3404 1190 3472 interpretatur,
1219 3409 1274 3477 qui
1292 3410 1346 3463 iam

156 3490 346 3543 etAbraham
365 3489 461 3542 vidisti
470 3490 485 3542 2
513 3490 663 3546 Praeterea
687 3510 732 3546 cx·
760 3490 807 3542 XL
830 3507 917 3543 annos
932 3490 1058 3555 excessit,
1072 3493 1347 3567 quinquagesimum

155 3575 251 3644 ponit,
277 3579 355 3629 aet-at
357 3594 400 3628 cm
421 3592 438 3628 a
456 3577 503 3629 XL
523 3582 551 3630 ct
569 3577 591 3630 L
610 3595 683 3633 anno
702 3579 747 3673 in¹
744 3578 855 3631 aut-ern
880 3595 983 3630 annum
1001 3580 1128 3634 nondum
1148 3584 1268 3653 attigit,
1293 3600 1347 3638 non

157 3662 295 3716 seniorem
323 3663 472 3716 declinare.
511 3664 655 3727 Hamnck,
682 3634 747 3721 lie-l
760 3669 856 3718 tamen
884 3663 954 3719 mult
942 3669 1002 3719 tum
1031 3664 1066 3718 ab
1096 3684 1129 3721 eo
1160 3670 1269 3725 abfuit
1305 3669 1346 3724 cf.

157 3750 272 3802 sclrictte
296 3749 343 3802 der
366 3751 506 3804 atteienstl
526 3751 678 3806 Litterctur
698 3753 731 3817 ΙΙ,
762 3751 847 3813 Zahn,
867 3752 1061 3821 Forsctnnqea
1080 3751 1126 3815 VI,
1146 3756 1267 3812 60-63.

158 3834 177 3894 Ι
197 3835 255 3897 335,
275 3837 398 3889 aetatem
417 3836 556 3890 seniorem
575 3845 732 3893 senectutem
794 3838 840 3890 VI.
861 3837 926 3904 τοὺς
939 3838 1159 3910 necessitasne]
1180 3859 1219 3897 sc.
1228 3842 1347 3898 Henoch

156 3919 431 3989 interpretaturos,
452 3924 839 4007 certeautemerrafflen
858 3927 881 3985 5,
901 3925 949 3984 24;
988 3923 1084 3979 Sirach
1103 3928 1147 3990 44,
1171 3929 1221 3991 16;
1262 3929 1347 3984 Hebe

157 4004 207 4059 vit.
236 4010 322 4061 Aetas
337 4026 430 4063 senior
443 4026 506 4063 cum
520 4013 630 4065 aetati
622 4030 730 4066 iuvenis
744 3994 800 4071 Ι11,
820 4012 848 4079 5)
877 4014 905 4064 et
928 4012 1005 4066 Elias
1031 4012 1081 4079 (IV
1099 4015 1217 4086 Rern,
1191 4020 1209 4051 ‘²
1238 4020 1347 4074 a-llt

159 4092 291 4157 opposita
308 4094 361 4157 sit,
333 4095 460 4148 tnihil
479 4096 533 4150 nisi
562 4102 608 4152 aet
610 4116 640 4151 as
596 4100 793 4152 tl-ranc
812 4098 851 4165 εἰς
873 4101 953 4155 τόνδε
979 4102 1030 4157 τὸν
1050 4103 1173 4174 κόσμοι]
1203 4105 1348 4160 Tatianus

160 4190 295 4242 superans
315 4182 365 4241 est,
385 4185 465 4234 aetas
479 4184 615 4250 pertenta,
635 4184 731 4239 utlrc·
761 4183 837 4237 Orat.
817 4186 903 4239 tad
930 4185 1029 4240 Graec.
1058 4206 1080 4241 c.
1100 4189 1134 4242 20
1160 4193 1201 4262 (11.
1225 4193 1279 4248 159
1297 4194 1348 4261 Al:

158 4275 244 4314 naeus
263 4263 475 4331 11‚22‚4dicit.
514 4268 637 4332 Accedit,
657 4269 953 4345 quodfftfiwnr'odauuv
981 4274 1008 4332 ol
1034 4278 1263 4349 apostatantes
