2834 5018
183 316 248 381 488
617 309 771 365 Ηυιυιιυ
790 308 933 364 PASTOR

183 489 248 572 δης.
294 485 417 573 βλέπεις
440 487 505 566 σύν,
529 489 575 550 δτι
599 484 839 569 συμφυριύτερύν
861 483 926 547 ἐστι
949 482 1048 567 ταύτῇ
1070 493 1111 567 τῇ
1137 483 1208 568 ὁδῷ
1235 484 1379 567 πορεύεο·

184 598 251 662 θαι.
298 597 327 659 5.
353 591 496 675 Ἀρέσκει
523 613 593 675 μοι,
624 590 716 676 φημί,
743 589 845 672 κύριε,
880 587 977 672 ταύτη
1003 597 1042 671 τῇ
1070 587 1138 671 ὁδῶ
1169 589 1378 671 πορεύεσθαι

183 697 337 782 Πορεύση,
362 695 447 782 φησί,
470 698 524 761 καί
548 698 582 772 ὃς
605 698 643 759 ἂν
666 694 703 777 ἐξ
719 695 800 780 ὅλης
825 694 964 781 καρδίας
981 693 1182 780 ἐπιστρέψῃ
1209 695 1305 780 πρὸς
1327 699 1378 760 κύ

184 825 268 890 ριον,
291 802 475 884 πορεύσεται
498 801 532 865 ἐν
555 803 644 886 αὐτῇ.

158 927 171 965 ι
270 904 307 973 2.
331 905 450 970 Ἀκσυε
472 914 543 986 νῦν,
568 904 660 989 φησί,
692 906 760 987 περὶ
783 915 838 988 τῇς
869 902 1011 977 πίστεως.
1056 902 1115 966 δύο
1141 902 1227 967 εἰσίν
1253 903 1377 989 ἄγγελοι

182 1014 261 1096 μετὰ
282 1022 337 1076 τοῦ
372 1011 561 1094 ἀνθρώπου,
593 1009 636 1087 είς
659 1021 713 1096 τῇς
745 1011 945 1095 δικαιοσύνης
974 1011 1028 1074 καί
1051 1006 1095 1083 είς
1120 1018 1180 1093 τῇς
1219 1007 1375 1093 πονηρίας.

183 1121 212 1183 2.
235 1115 308 1192 Πῶς
331 1118 396 1194 σύν,
421 1115 508 1200 φημί,
532 1116 628 1199 κύριε,
652 1115 813 1200 γνώσομαι
835 1117 891 1192 τὰς
914 1117 1016 1179 αὐτῶν
1040 1112 1228 1198 ἐνεργείας,
1254 1116 1303 1177 δτι
1326 1115 1375 1196 ἀμ·

183 1220 307 1304 φύτεροι
330 1218 458 1305 ἄγγελοι
481 1219 549 1305 μετ’
571 1220 647 1304 ἐμοῦ
662 1230 880 1302 κατοικούσας
901 1224 930 1287 3.
954 1218 1082 1296 Ἀκουε,
1101 1217 1197 1302 φησί,
1223 1220 1283 1283 καί
1299 1218 1374 1283 σύνε

183 1326 289 1401 αύτοίς.
335 1325 353 1388 ὁ
376 1325 431 1408 μὲν
454 1336 508 1410 τῇς
531 1325 729 1410 δικαιοσύνης
752 1324 886 1410 ἄγγελος
900 1323 1049 1407 τρυφερύς
1072 1322 1142 1386 ἐστι
1166 1325 1230 1387 καί
1255 1324 1373 1408 αἰσχυν-

144 1444 170 1483 1⁰
183 1431 275 1515 τηρδς
296 1430 351 1493 καί
374 1431 473 1512 πραῢς
495 1430 549 1492 καί
564 1428 708 1512 ησύχιος·
733 1431 808 1493 δταν
831 1430 886 1492 ούν
902 1426 990 1503 ούτος
1013 1426 1063 1490 ἐπί
1078 1428 1139 1510 τὴν
1164 1428 1309 1511 καρδίαν
1324 1450 1372 1492 σου

182 1533 303 1619 ἀναβῇ,
339 1532 460 1609 εύθέως
483 1532 573 1597 λαλεῖ
606 1536 685 1618 μετὰ
708 1544 764 1597 σοῦ
787 1536 856 1617 περί
879 1532 1099 1617 δικαιοσύνης,
1137 1535 1216 1616 περί
1243 1534 1370 1619 ἁγνείας

182 1641 251 1721 περί
281 1638 467 1724 σεμνότητος
493 1641 546 1702 καί
568 1640 638 1722 περί
671 1639 857 1722 αὐταρκείας
887 1637 1031 1719 καὶπερὶ
1054 1639 1178 1714 παντὸς
1213 1639 1312 1724 ἔργου
1332 1639 1370 1702 δι-

182 1744 274 1807 καίου
307 1746 361 1807 καί
383 1745 451 1827 περί
485 1743 588 1827 πάσης
623 1745 735 1827 ἀρετῇς
768 1741 903 1820 ἐνδόξου.
950 1751 1048 1805 ταῦτα
1083 1739 1198 1805 πάντα
1237 1746 1315 1808 ὅταν
1335 1741 1371 1817 εἰς

181 1850 237 1930 τὴν
260 1847 391 1930 καρδίαν
414 1868 471 1910 σου
494 1845 611 1931 ἀναβῇ,
635 1846 788 1930 γίνωσκε,
818 1848 865 1909 δτι
888 1845 906 1908 ὁ
929 1843 1061 1929 ἄγγελος
1082 1854 1143 1928 τῇς
1172 1846 1370 1930 δικαιοσύνης

145 1966 170 2003 ¹⁶
183 1953 262 2034 μετὰ
284 1961 341 2015 σού
365 1951 440 2015 ἐστί.
486 1961 585 2014 ταῦτα
608 1952 662 2015 ούν
685 1950 750 2014 ἐστί
772 1953 812 2014 τὰ
835 1952 912 2036 ἔργα
933 1959 987 2015 τού
1009 1948 1152 2034 ἀγγέλου
1175 1963 1239 2038 τῇς
1263 1955 1369 2018 &meo-

182 2056 285 2141 σύνης.
330 2057 431 2141 τούτῳ
465 2058 519 2120 ούν
542 2057 667 2120 πίστευε
699 2057 753 2119 καί
788 2065 851 2131 τοῖς
882 2055 982 2140 ἔργοις
1016 2055 1125 2118 αὐτοῦ.
1175 2062 1210 2124 4.
1237 2061 1298 2142 δρα
1323 2066 1368 2121 νύν

182 2162 236 2223 καί
260 2170 315 2223 τού
337 2159 475 2246 ἀγγέλου
506 2171 561 2245 τῇς
583 2159 730 2244 πονηρίας
760 2161 799 2222 τὰ
822 2160 909 2244 ἔργα.
955 2165 1076 2241 πρῶτον
1103 2159 1246 2225 πάντων
1270 2162 1368 2242 ὀξύχι·

182 2263 236 2338 λύς
258 2264 323 2327 ἐστι
346 2267 401 2328 καί
423 2267 532 2347 πικρδς
554 2266 606 2327 καί
624 2266 742 2346 ἄφρων,
765 2265 818 2326 καί
842 2265 881 2327 τὰ
898 2264 975 2349 ἔργα
998 2263 1096 2326 αύτού
1113 2265 1259 2349 πονηρά,
1282 2287 1368 2330 κατα·

182 2367 355 2450 στρέφοντα
377 2372 449 2444 τούς
478 2367 607 2443 δούλους
629 2378 684 2432 τοῦ
709 2371 804 2434 θεσύ·
838 2370 913 2433 ὅταν
937 2370 990 2432 σύν
1013 2365 1103 2443 ούτος
1136 2367 1191 2432 ἐπί
1217 2374 1278 2455 τὴν
1299 2391 1366 2452 κιρ·

144 2484 169 2521 2⁰
182 2472 251 2537 δίαν
274 2495 331 2537 σου
354 2474 470 2559 ἀναβῇ,
503 2476 606 2558 γνῶθι
634 2474 728 2536 αὐτὸν
751 2473 814 2536 ἀπὸ
848 2481 911 2536 τῶν
934 2473 1033 2555 ἔργων
1070 2473 1183 2540 αὐτοῦ.
1237 2479 1269 2542 5.
1295 2474 1367 2549 Πῶς,

183 2576 270 2662 φημί,
293 2577 390 2661 κύριε,
414 2578 517 2662 νοήσω
541 2577 650 2657 αύτύν,
680 2579 739 2641 ούκ
762 2576 939 2661 ἐπίσταμαι.
983 2576 1114 2656 Ἀκουε,
1141 2579 1256 2664 φησίν.
1303 2583 1366 2643 ὅταν

182 2681 330 2766 δξυχολία
354 2683 403 2746 σοί
424 2704 469 2758 τις
490 2680 653 2766 προσπέοη
674 2682 695 2765 ἢ
717 2680 840 2764 πικρία,
862 2679 1013 2766 γίνωσκε,
1036 2681 1085 2743 ὅτι
1108 2681 1211 2759 αύτύς
1236 2681 1321 2749 ἐστιν
1340 2683 1366 2745 ἐν

181 2788 243 2851 σοί·
279 2785 346 2851 είτα
369 2786 533 2869 ἐπιθυμίαι
559 2785 702 2869 πράξεων
725 2785 852 2851 πολλῶν
880 2788 934 2849 καί
957 2783 1161 2850 πολυτέλειαι
1190 2786 1366 2873 ἐδεσμάτων

180 2892 307 2957 πολλῶν
341 2891 395 2954 καὶ
426 2890 639 2972 μεθυσμάτων
670 2890 724 2952 καί
756 2888 939 2971 κραιπαλῶν
971 2887 1100 2952 πολλῶν
1131 2892 1190 2953 καί
1222 2892 1366 2957 ποικίλων

143 3008 168 3047 ²⁶
181 3006 306 3081 τρυφῶν
328 2997 381 3059 καί
413 2995 449 3057 ού
472 2994 606 3057 δεύντων
632 2995 687 3056 καί
720 2991 882 3077 ἐπιθυμίαι
909 3001 1066 3079 γυναικῶν
1093 2996 1152 3057 καὶ
1183 2995 1366 3075 πλεονεξιῶν

179 3105 232 3165 καί
256 3098 452 3184 ὑπερηφανία
484 3096 586 3180 πολλή
609 3117 653 3172 τις
675 3098 729 3160 καί
761 3095 930 3176 ἀλαζονεία
951 3098 1004 3161 καί
1028 3099 1090 3160 ὅσα
1119 3099 1252 3178 τούτοις
1275 3121 1367 3183 παρε-

179 3205 298 3290 πλῇσιά
321 3204 386 3267 ἐστι
409 3203 463 3266 καί
486 3203 594 3284 ύμοια·
617 3210 717 3264 ταῦτα
740 3198 794 3265 ούν
810 3203 885 3266 ὅταν
909 3201 958 3265 ἐπί
980 3204 1035 3284 τὴν
1051 3201 1192 3284 καρδίαν
1218 3227 1280 3270 σου
1301 3207 1367 3269 ἀνι·

251 3363 264 3415 1
283 3354 393 3432 βλέπεις
412 3351 461 3414 οὖν
479 3354 537 3410 GL¹
551 3372 558 3407 ι
571 3355 642 3408 scito
668 3371 735 3424 ergo
755 3357 787 3417 Α,
800 3354 880 3422 >11²
906 3357 910 3427 Ι
936 3353 1163 3431 συμφερύιτερον
1183 3360 1209 3416 G
1236 3366 1243 3429 Ι
1270 3364 1287 3417 5
1305 3380 1366 3418 ιιι.

179 3449 298 3513 πίστεως
318 3444 378 3499 GL’
390 3462 396 3497 :
408 3443 530 3514 primum
549 3441 584 3495 de
603 3442 658 3495 lide
677 3441 717 3505 L¹‚
736 3443 858 3511 primam
882 3459 978 3498 earum
996 3444 1021 3495 A
1043 3444 1047 3512 Ι
1075 3446 1092 3499 7
1111 3445 1169 3514 τὰς
1187 3447 1288 3505 οὔτῶν
1304 3446 1369 3518 ἐνερ

180 3537 298 3606 γείας>
317 3534 349 3586 L²
366 3533 370 3602 Ι
386 3535 403 3586 8
421 3532 496 3589 σύνιε
514 3529 537 3582 L
556 3530 602 3596 (cf.
623 3548 647 3583 v.
666 3529 698 3591 63
717 3528 783 3582 Sim.
803 3530 836 3593 V,
856 3531 880 3594 5,
902 3534 929 3598 1)
943 3549 949 3583 :
962 3538 1064 3597 συνιεῖς
1083 3531 1117 3595 G,
1131 3535 1172 3600 >
1191 3536 1218 3588 A
1234 3536 1240 3605 Ι
1256 3537 1275 3591 9
1292 3534 1369 3599 αύτὰς

180 3621 271 3688 (δι)
283 3619 331 3673 LA
355 3622 359 3688 Ι
386 3619 463 3683 11Ι14
481 3615 587 3683 εὐθέως
603 3646 638 3655 -
657 3614 745 3690 ἀναβῇ
762 3617 832 3671 Ath²
845 3618 879 3670 Ia*
893 3618 965 3686 (UA
976 3618 1044 3686 Ant)
1060 3621 1117 3686 2>
1132 3620 1160 3676 G
1180 3626 1304 3693 propter
1327 3621 1369 3674 1ο

179 3712 279 3762 υιοεού
297 3708 301 3776 Ι
319 3707 396 3771 13114
416 3714 501 3762 ταῦτα
518 3735 554 3743 -
571 3704 786 3774 δικαιοσύνης)
805 3705 837 3757 L¹
862 3707 867 3774 Ι
893 3706 926 3761 16
943 3709 989 3763 καί
1008 3705 1108 3774 1ιΑεῆ
1127 3706 1156 3762 Gr
1182 3711 1188 3775 Ι
1214 3719 1269 3766 νῦν
1287 3710 1368 3777 Lm:

180 3787 228 3849 οὗν
247 3793 340 3847 GAth
356 3794 360 3862 Ι
378 3792 409 3846 17
428 3796 474 3848 καί
492 3789 665 3860 [ΙΑΙΦΘ
689 3790 693 3859 Ι
720 3790 752 3844 18
768 3795 815 3848 καὶ
832 3812 860 3848 τι.
879 3815 904 3849 κ.
923 3789 1066 3864 ἄφρων>
1086 3790 1112 3846 G
1136 3795 1141 3862 Ι
1165 3795 1368 3869 21φησίνιΙ-

180 3881 209 3932 et
235 3879 369 3949 intellege
397 3880 520 3948 L¹(Ath)
545 3877 549 3947 Ι
574 3876 608 3930 23
626 3877 819 3934 πολυτέλειαιι
834 3885 905 3935 -λεια
932 3879 991 3933 Ath
1002 3876 1061 3929 Ant
1088 3878 1093 3948 Ι
1120 3880 1160 3934 25
1179 3893 1302 3955 τρυφᾶν
1318 3886 1367 3938 Ant

179 3965 259 4036 (Lu)
272 3984 278 4018 :
292 3973 407 4038 τροφῶν
419 3966 442 4021 G
453 3964 523 4019 Ath²
539 3965 543 4033 Ι
559 3962 702 4033 ἐπιθυμία
713 3965 804 4020 GAth
818 3984 824 4018 :
838 3971 898 4036 -μία
910 3967 969 4019 Ant
977 3965 1035 4020 L’A
1051 3962 1055 4033 Ι
1071 3970 1255 4039 πλεονεξιῶν
1265 3971 1291 4027 G
1300 3974 1369 4027 Ant:

182 4054 244 4117 -ξιάι
263 4051 329 4115 Ath,
351 4058 405 4123 -ξία
423 4053 483 4106 L'A
499 4055 503 4120 Ι
519 4051 553 4105 26
571 4055 659 4121 ποίλή
677 4072 718 4119 τις
739 4051 978 4120 szulliloquia
990 4052 1031 4114 11¹,
1050 4051 1226 4121 loquacitas
1239 4060 1275 4121 A,
1293 4064 1368 4117 πολε

181 4139 259 4206 λογία
277 4138 409 4207 Hilgenf..
421 4143 456 4207 >
473 4138 509 4191 L’
521 4138 580 4191 Ath
592 4139 650 4192 Ant

217 4256 242 4317 2,
263 4258 285 4310 l·
315 4258 363 4316 δύο
389 4255 463 4334 ὄγμ]
492 4259 534 4315 cf.
561 4259 643 4313 Bam.
664 4259 714 4325 18,
734 4260 908 4332 llTeslam.
928 4260 980 4315 XII
997 4261 1158 4331 patriarch.
1176 4266 1227 4331 IV.
1246 4270 1296 4325 20:
1319 4267 1369 4325 ἐπί·
