2834 5018
418 1152 671 1228 ΕΠΙΣΤΟΛΗ
695 1153 823 1230 ΠΡΟΣ
852 1154 1134 1230 ΔΙΟΓΝΗΤΟΝ.

278 1468 302 1532 Ι.
327 1465 455 1550 Ἐπειδὴ
479 1467 551 1550 όρῶ,
575 1467 721 1549 κράτιστε
744 1466 910 1552 Διόγνητε,
934 1466 1237 1549 ὑπερεσπουδακότα
1261 1493 1300 1535 σε
1324 1475 1378 1556 τὴν

190 1569 374 1657 θεοσέβειαν
405 1582 467 1636 τῶν
490 1573 683 1654 Χριστιανῶν
716 1575 831 1655 μαθεῖν
862 1573 915 1634 καί
939 1572 1020 1635 πάνυ
1051 1581 1161 1655 σαφῶς
1189 1577 1247 1638 καί
1272 1575 1377 1660 ἐπιμε-

190 1674 253 1751 λῶς
276 1677 514 1760 πυνθανόμενον
537 1678 606 1757 περί
630 1677 752 1756 αὐτῶν,
784 1676 840 1740 τίνι
864 1697 898 1739 τε
922 1680 989 1759 θεῷ
1013 1676 1204 1753 πεποιθότες
1228 1680 1286 1742 καί
1311 1688 1376 1754 πῶς

164 1780 420 1865 υθρησιιεόοντες
443 1782 537 1845 αὐτόν
567 1781 620 1845 τόν
642 1802 676 1843 τε
700 1781 818 1865 κόσμον
849 1781 1021 1864 ὑπερορῶσι
1045 1781 1159 1856 πάντες
1190 1785 1248 1845 καί
1273 1784 1374 1849 θανιί-

190 1906 245 1948 του
267 1896 498 1968 καταφρονοῦσι
521 1888 573 1948 καί
604 1888 675 1949 οὔτε
697 1890 768 1962 τοὺς
792 1885 1010 1970 νομιζομένους
1033 1886 1092 1947 ὑπὸ
1120 1893 1183 1948 τῶν
1211 1884 1374 1971 Ἑλλήνων

191 1991 286 2064 θεοὺς
318 1988 494 2073 λογίζονται
517 1993 589 2054 οὔτε
619 1994 675 2074 τὴν
699 1990 860 2055 Ἰουδαίων
890 1989 1129 2072 δεισιδαιμονίαν
1163 1989 1372 2072 φυλάσσουσι,

188 2094 243 2154 καί
266 2092 334 2155 τίνα
357 2094 411 2175 τὴν
436 2092 654 2178 φιλοστοργίαν
678 2095 785 2177 ἔχουσι
808 2095 883 2176 πρὸς
907 2092 1080 2176 ἀλλήλους,
1103 2095 1157 2156 καί
1180 2093 1212 2157 τί
1236 2094 1277 2179 δή
1301 2117 1372 2159 ποτε

189 2197 297 2259 καινὸν
320 2206 411 2259 τοῦτο
442 2197 531 2281 γένος
553 2199 574 2281 ἢ
597 2197 785 2282 ἐπιτήδευμα
816 2199 964 2283 εἰσῆλθεν
988 2198 1030 2273 εἰς
1061 2199 1114 2262 τόν
1145 2198 1213 2284 βίον
1244 2211 1302 2265 νῦν
1324 2202 1372 2264 καί

151 2318 176 2357 10
189 2301 226 2362 οὐ
255 2301 418 2383 πρότερον·
452 2302 647 2387 ἀποδέχομαί
668 2325 705 2388 γε
728 2313 782 2387 της
813 2301 989 2385 προθυμίας
1013 2323 1049 2365 σε
1071 2301 1186 2388 ταότης
1210 2307 1267 2368 καί
1291 2307 1372 2389 παρὰ

190 2412 245 2466 τοῦ
268 2405 358 2483 θεοῦ,
380 2414 435 2468 τοῦ
451 2408 503 2470 καί
526 2409 562 2471 τό
577 2407 679 2492 λέγειν
704 2409 757 2470 καί
781 2408 816 2470 τδ
840 2407 967 2470 ἀκούειν
983 2404 1055 2488 ἡμῖν
1079 2417 1306 2492 χορηγοῦντος,
1329 2410 1371 2473 αἱ·

189 2514 300 2590 τοῦμαι
323 2506 458 2591 δοθῆναι
481 2509 548 2592 ἐμοὶ
573 2511 628 2594 μὲν
652 2510 747 2574 εἰπεῖν
770 2512 878 2589 οὕτως,
903 2509 945 2585 ὡς
968 2508 1104 2593 μάλιστα
1127 2511 1165 2574 ἂν
1191 2513 1372 2578 ἀκούσαντά

190 2630 227 2673 σε
249 2610 361 2697 βελτίω
384 2611 546 2697 γενέσθαι,
570 2613 619 2677 σοί
642 2635 676 2677 τε
699 2616 797 2689 οὕτως
820 2615 963 2692 ἀκοῦσαι,
988 2613 1030 2689 ὡς
1053 2617 1095 2697 μὴ
1111 2613 1301 2702 λυπηθῆναι
1323 2620 1371 2681 τδν

189 2716 328 2781 εἰπόντα.

150 2842 176 2880 ιτ
276 2823 317 2888 Π.
342 2820 421 2906 Ἀγε
454 2821 510 2906 δή,
543 2823 690 2905 καθάρας
723 2825 854 2888 σεαυτὸν
887 2824 949 2886 ἀπό
971 2824 1096 2886 πάντων
1128 2832 1193 2888 τῶν
1222 2847 1372 2909 προκατε-

259 2958 430 3013 A=oodex
454 2959 700 3030 Argentoratensis
727 2958 904 3028 deperditus,
923 2959 990 3012 b=
1003 2963 1203 3034 apographum
1228 2965 1371 3021 Beureriu

188 3063 272 3110 num,
302 3046 368 3099 h:
381 3046 578 3116 apographum
605 3044 781 3099 Housienum
811 3064 860 3100 sen
889 3047 1086 3118 Tubingense‚
1117 3050 1371 3109 L=Lsehmunn

190 3134 221 3186 st
232 3156 268 3181 =
280 3133 449 3202 Stephanus.

260 3242 272 3293 1
292 3243 434 3310 Επιστολη
447 3257 453 3290 z
466 3246 517 3296 τοῦ
540 3236 626 3295 αὐτοῦ
644 3237 672 3306 (i.
693 3254 715 3291 υ.
735 3235 889 3295 Ἰουστίνου
913 3241 1072 3312 φιλοσόφου
1094 3247 1142 3300 καί
1166 3245 1324 3321 μάρτυρος,
1343 3250 1371 3298 ui

188 3341 222 3379 ex
239 3324 474 3395 praecedentibus
494 3327 624 3395 apparet)
642 3325 698 3379 Ah
715 3325 718 3394 Ι
735 3327 751 3378 2
772 3328 907 3398 Διόγνητε
921 3346 927 3380 :
941 3329 975 3398 γ-
987 3325 1026 3394 inc
1046 3329 1095 3382 bh
1113 3329 1157 3383 ite.
1169 3331 1306 3401 legentes
1319 3333 1369 3403 sig·

188 3430 255 3465 num
274 3412 362 3466 crucis
381 3417 506 3476 ornatae,
526 3413 556 3466 in
569 3411 655 3474 scida,
676 3428 750 3478 quae
768 3412 872 3466 codicis
891 3415 916 3468 A
935 3415 1077 3484 specimen
1096 3418 1236 3483 eontinet,
1257 3420 1372 3475 editioni

189 3497 359 3553 Otioniunae
379 3515 402 3552 u
424 3498 491 3554 1879
511 3498 630 3559 adiecta,
651 3497 793 3566 depictum
819 3499 823 3566 Ι
848 3500 864 3552 5
884 3501 934 3556 τόν
944 3505 978 3567 >
995 3501 1051 3554 Ah
1077 3504 1081 3571 Ι
1104 3504 1119 3555 7
1141 3510 1192 3576 νην
1204 3510 1241 3577 η-
1255 3515 1315 3564 τῶν
1331 3507 1350 3560 h

191 3586 222 3639 12
241 3583 397 3642 ἀκούσαντα
410 3603 416 3636 :
430 3583 547 3642 ἀκοῦσαι
566 3586 592 3637 A
605 3583 624 3635 h

224 3706 244 3759 Ι.
262 3706 403 3780 κράτιστε]
423 3706 465 3760 Os.
485 3707 550 3762 Luc.
571 3712 592 3771 l,
612 3710 640 3770 3;
660 3707 833 3777 23,26;139.
852 3710 901 3771 57;
925 3711 1007 3780 Apol.
1027 3710 1066 3772 Π,
1089 3713 1130 3765 10.
1157 3743 1193 3751 -
1219 3712 1289 3774 οὔτε
1313 3717 1373 3782 toi-g

187 3792 229 3850 24.
248 3794 280 3854 3;
298 3793 339 3855 26,
353 3795 394 3848 25.
414 3825 448 3832 -
466 3795 562 3865 αὐτόν]
584 3795 687 3849 rectius
701 3780 852 3865 ουτυίνομ.
879 3828 914 3836 -
942 3798 1124 3868 φυλάσσουσι]
1153 3797 1197 3852 cf.
1226 3800 1295 3856 Eue.
1324 3802 1372 3855 De-

188 3879 390 3951 θρησκεόοντες
408 3896 494 3947 quum
507 3898 569 3934 oum
589 3883 640 3939 τόν
656 3885 764 3951 κόσμον
776 3870 778 3997 γ
790 3887 904 3936 monstr.
925 3899 1023 3952 evang.
1043 3884 1062 3946 1,
1082 3885 1106 3946 6,
1126 3885 1243 3942 61-63.
1264 3921 1301 3929 -
1325 3894 1372 3947 θει-

188 3965 376 4034 coniungit-ur.
395 3998 430 4006 -
448 3970 500 4023 τίνι
516 3988 546 4025 τε
559 3974 618 4043 θεῷ
630 3970 700 4038 κτλ]
720 3968 762 4023 Cf.
790 3970 972 4039 σιόαιμονίαν]
991 3969 1053 4023 Vox
1062 3987 1273 4040 nonnunquam
1286 3991 1373 4043 neque

189 4050 285 4103 Passio
304 4051 384 4105 Pauli
403 4070 425 4105 e.
444 4055 461 4108 9
480 4056 521 4108 ed.
542 4055 669 4124 Lipsius,
693 4057 764 4110 Aeta
792 4074 824 4110 no
842 4056 1009 4110 vocabulum
1028 4059 1187 4125 superstitio
1201 4077 1289 4116 sensu
1302 4064 1372 4117 bono

189 4141 279 4203 apost.
299 4153 391 4207 apocr.
410 4140 423 4192 Ι
441 4140 543 4211 (1891),
562 4142 604 4196 32.
623 4173 657 4181 -
679 4142 762 4199 θανά·
792 4142 948 4205 adhibetur,
966 4143 1129 4213 significuus
1144 4143 1319 4217 religionem
1332 4148 1372 4203 vel

189 4240 239 4277 του
261 4226 392 4299 καταρμ]
421 4226 462 4279 uf.
488 4228 554 4282 lust.
578 4228 659 4297 Apol.
681 4229 701 4291 Ι,
723 4229 761 4283 11.
775 4264 777 4289 ;
790 4228 933 4297 pietatem.
971 4231 1013 4285 Cf.
1028 4233 1088 4286 Aet.
1104 4233 1144 4296 17,
1158 4235 1208 4297 22;
1228 4234 1284 4290 Ion
1298 4236 1372 4291 Flos.
