2834 5018
471 643 520 697 AD
542 640 751 699 MAGNESIOS
770 643 789 707 Ι,
809 643 908 699 2-1v.
1215 651 1279 715 233

104 824 133 886 2.
168 821 307 888 Ornatus
337 822 419 887 enim
451 822 767 886 honorificentissimo
799 823 924 887 nomine
955 824 987 888 in
1016 824 1165 899 vinculis,
1200 847 1279 909 quae

102 928 298 1002 circumfero,
322 928 417 992 laudo
441 927 605 1004 ecclesias,
630 927 744 1011 quibus
767 928 914 992 unionem
937 932 1013 1011 opto
1037 950 1108 992 cum
1131 951 1224 994 come
1247 937 1279 996 et

100 1032 217 1116 spiritu
238 1032 310 1098 Iesu
334 1030 461 1111 Christi,
487 1034 540 1118 qui
564 1033 756 1116 sempiterno
778 1037 826 1097 est
846 1034 913 1097 vita
933 1038 1051 1110 nostra,
1076 1038 1108 1098 et
1131 1035 1278 1100 unionem

98 1136 210 1201 infide
233 1143 265 1202 et
281 1139 422 1216 caritate,
447 1139 497 1202 cui
520 1137 600 1202 nihil
614 1138 863 1221 praeferendum,
887 1139 1024 1202 maxime
1040 1160 1113 1203 vero
1129 1139 1279 1204 unionem

100 1265 173 1308 cum
197 1242 270 1307 Iesu
292 1247 324 1307 et
346 1247 452 1328 patre,
486 1244 519 1307 in
543 1264 605 1326 quo
628 1264 752 1307 omnem
775 1243 928 1327 principis
956 1242 1050 1307 huius
1073 1244 1191 1308 saeculi
1212 1245 1305 1309 vim⁶

100 1348 293 1413 sustinentes
315 1352 347 1413 et
370 1349 536 1412 evadentes
560 1348 618 1412 deo
640 1347 805 1430 potiemur.

188 1452 229 1517 Π.
254 1452 333 1517 Cum
364 1453 472 1538 itaque
505 1453 620 1538 dignus
650 1452 710 1516 sim
739 1452 885 1531 habitus,
919 1458 955 1517 ut
986 1455 1109 1518 videam
1140 1476 1196 1519 vos
1222 1476 1280 1538 per

101 1558 239 1622 Damam
261 1558 445 1642 episcopum
467 1563 607 1622 vestrum
630 1558 688 1621 deo
718 1558 849 1643 dignum
873 1563 905 1621 et
927 1581 984 1641 per
1009 1559 1121 1644 dignos
1143 1560 1277 1643 presby·

101 1667 187 1727 toros
210 1663 346 1727 Bassum
368 1667 399 1726 et
423 1662 628 1746 Apollonium
652 1667 683 1726 et
705 1684 762 1746 per
786 1684 971 1727 conservum
993 1685 1099 1728 meum
1115 1663 1278 1728 Zotionem

101 1767 276 1844 diaconum,
301 1789 365 1851 quo
388 1768 511 1831 utinam
533 1767 629 1844 fruar,
654 1767 729 1850 quia
751 1767 895 1832 subditus
918 1772 967 1831 est
990 1769 1139 1852 episcopo
1162 1773 1199 1833 ut
1220 1770 1276 1833 be·
1292 1786 1317 1823 1⁰

100 1871 252 1957 nignitati
277 1872 326 1936 dei
349 1876 381 1936 et
402 1874 601 1957 presbyterio
624 1878 660 1937 ut
682 1873 748 1957 legi
770 1873 841 1937 Iesu
865 1872 992 1937 Christi.

188 1975 243 2043 III.
269 1976 332 2040 Sed
354 1981 385 2043 et
407 1998 463 2041 vos
497 1977 586 2041 decet
607 1999 669 2040 non
701 1977 890 2042 familiarius
911 1978 959 2041 uti
990 1983 1095 2042 aetate
1128 1979 1275 2062 episcopi,

100 2082 156 2145 sed
177 2085 321 2165 respectu
344 2081 506 2165 potentiae
530 2081 579 2145 dei
601 2080 701 2165 patris
732 2102 857 2144 omnem
879 2080 1037 2164 impertiri
1059 2081 1108 2144 illi
1131 2102 1277 2145 reveren·

99 2185 194 2260 tiam,
227 2186 490 2269 quemadmodum
513 2185 648 2270 cognovi
671 2189 703 2249 et
725 2190 851 2250 sanctos
880 2186 1081 2268 presbyteros
1103 2206 1166 2249 non
1190 2185 1278 2249 abuti

99 2290 230 2353 iuvenili
245 2291 312 2354 eius
328 2291 509 2355 condicione
526 2291 703 2374 conspicua,
727 2293 782 2355 sed
804 2295 840 2355 ut
854 2292 1024 2376 prudentes
1046 2291 1080 2353 in
1097 2291 1153 2354 deo
1170 2291 1318 2354 cederem

100 2395 138 2470 ei,
174 2416 237 2458 non
261 2395 289 2458 ei
324 2400 446 2472 autem,
482 2397 537 2459 sed
569 2396 655 2481 patri
682 2396 754 2462 Iesu
778 2394 913 2471 Christi,
949 2395 1090 2459 omnium
1118 2395 1277 2478 episcopo.

101 2501 131 2563 2.
156 2498 193 2562 In
216 2498 368 2564 honorem
389 2501 489 2585 igitur
511 2501 613 2578 illius,
646 2501 700 2585 qui
724 2505 810 2565 amat
831 2522 905 2577 nos,
931 2501 1019 2565 decet
1042 2499 1189 2565 oboedire
1211 2499 1279 2563 sine

100 2605 169 2669 ulla
191 2605 367 2688 hypocrisi3
399 2606 557 2690 quianon
581 2607 766 2690 episcopum
793 2607 876 2670 hunc
899 2604 1058 2669 visibilem
1088 2604 1159 2688 quis
1182 2604 1277 2682 fallit,

100 2711 156 2773 sed
179 2709 369 2775 invisibilem
399 2711 541 2794 decipere
571 2716 711 2775 conatur.
758 2710 918 2794 Quidquid
941 2731 1015 2774 vero
1043 2713 1092 2773 est
1115 2709 1276 2784 eiusmodi,

99 2835 163 2877 non
186 2815 227 2878 ad
249 2835 376 2879 carnem
397 2814 543 2890 refertur,
568 2817 623 2879 sed
646 2816 802 2892 addeum,
828 2815 882 2898 qui
899 2813 1082 2879 abscondita
1105 2815 1275 2897 cognoscit.
1291 2834 1317 2872 ιι

188 2918 245 2982 IV.
270 2919 370 2983 Decet
392 2919 500 3003 itaque
523 2941 586 2984 non
609 2921 703 2984 modo
726 2920 833 2984 vocari
856 2917 1071 2995 Christianos,
1104 2919 1278 2985 sedetiam

100 3044 188 3096 esse;
213 3024 477 3105 quemadmodum
499 3024 643 3089 nonnrdli
666 3025 847 3108 episcopum
872 3023 998 3107 quidem
1019 3023 1200 3101 nominant,
1225 3025 1280 3087 sed

96 3142 188 3214 χάριτι
220 3142 290 3211 κτλ.]
330 3141 424 3196 Verba
454 3144 574 3197 obscura
603 3148 675 3198 sunt.
703 3142 857 3212 respiciens
870 3141 934 3194 Luc.
948 3140 1069 3209 Tyrann.
1083 3157 1106 3194 c.
1121 3141 1153 3195 lv
1171 3142 1280 3215 (ταραν-

98 3227 212 3283 Dicitne
225 3228 353 3298 Ignatius
373 3229 408 3283 de
422 3231 676 3285 constitutionean
703 3237 763 3302 νιια)
789 3232 902 3296 κόλασις
919 3250 955 3276 --·
975 3229 1008 3285 τὸ
1036 3228 1172 3301 τύραννον
1197 3229 1280 3285 καλά·

100 3314 135 3369 de
155 3315 249 3369 officio
269 3317 395 3386 episcopi
414 3321 443 3372 et
461 3317 652 3388 presbyterii?
702 3317 812 3388 ζεσθαι)
829 3315 1046 3384 interpretatur:
1072 3313 1212 3368 ordinatio
1231 3314 1278 3369 ho·

135 3402 182 3464 ΙΙΙ,
204 3406 225 3456 1.
255 3403 296 3457 Cf.
316 3403 328 3456 I
347 3404 417 3457 Tim.
435 3407 460 3467 4,
481 3407 521 3459 12.
550 3436 585 3445 -
612 3426 676 3477 avy-
702 3405 786 3459 minis
804 3403 913 3458 iuvenis
932 3404 950 3456 i.
968 3420 991 3457 e.
1010 3403 1043 3459 τὸ
1063 3402 1216 3459 τάσσεσθαι
1233 3403 1278 3456 vel

97 3489 231 3562 χρᾶσθαι]
251 3489 312 3544 Ηοσ
325 3491 442 3544 verbum
453 3493 623 3559 familiarius
635 3494 676 3546 uti
703 3493 837 3564 τετάχθαι
856 3489 999 3563 νεώτερον.
1036 3488 1097 3542 Vox
1109 3488 1279 3560 φαινομένην

100 3578 150 3628 aut
159 3577 236 3629 abuti
248 3579 294 3644 (=
305 3581 511 3652 καταχρᾶσθαι)
524 3579 674 3649 significat,
702 3578 837 3649 postulat,
855 3581 888 3632 ut
897 3581 1045 3651 νεωτεριιιὴ
1057 3576 1133 3643 τάξις
1152 3575 1189 3628 ad
1202 3578 1278 3630 aeta·

98 3667 128 3716 et
147 3662 267 3717 eundem
281 3665 339 3718 fere
359 3682 471 3719 sensum
488 3666 574 3720 hahet
591 3685 674 3738 προσ·
702 3670 760 3720 tem
778 3667 925 3719 referatur.
963 3664 1091 3734 ignatius
1115 3664 1214 3730 itaque
1237 3662 1279 3716 di·

97 3751 255 3823 λαμβάνειν.
274 3782 309 3791 -
326 3751 398 3809 κατὰ
417 3752 532 3821 δύναμιν
550 3751 590 3822 9.]
613 3753 674 3806 ie.
703 3753 755 3817 cit,
782 3753 902 3807 Damam
922 3751 1002 3804 annis
1029 3749 1278 3804 manifest-antibus

98 3842 230 3905 respectu
247 3838 401 3906 potestatis
421 3855 438 3891 a
457 3838 517 3892 Deo
544 3839 675 3908 episcopo
703 3842 819 3909 quidem
837 3840 866 3894 in
885 3839 1050 3894 condicione
1069 3839 1215 3902 iuvenum,
1235 3854 1277 3890 sa

99 3924 358 3996 collatas—puta.
378 3931 543 3999 νεωτεριιιὴν
561 3926 595 3994 τ.]
608 3924 675 3979 Ver·
701 3929 813 3997 pientia
830 3943 896 3981 vero
917 3943 950 3980 ca
969 3926 1139 3995 superiorem
1161 3942 1229 3980 esse.

98 4009 137 4063 ba
155 4012 232 4065 varic
253 4012 476 4081 explicabantur.
497 4013 588 4066 Rothe
607 4014 675 4082 (Aa-
737 4013 1047 4069 2-1v.10ann.Dam.
1068 4015 1093 4068 S.
1104 4014 1133 4067 P.
1153 4013 1278 4080 Lequien

97 4098 181 4167 [ἅσσα
193 4100 241 4153 der
259 4101 360 4154 christi.
375 4100 477 4153 Kirche
484 4118 511 4168 p.
523 4099 675 4168 436-441)
704 4101 736 4165 ll,
750 4105 815 4164 ‘1793
834 4103 907 4157 Holl.
920 4121 947 4172 p.
959 4103 1000 4156 20.
1012 4132 1048 4141 -
1060 4109 1110 4157 τοῦ
1122 4106 1182 4157 Cel.
1196 4097 1276 4170 ἡμᾶς]

98 4185 720 4255 etUhlhom(Zeitschr.filrirt.lheot.l851ti.
741 4207 763 4244 e.
783 4190 843 4253 Dei,
864 4189 914 4256 qui
933 4188 1021 4258 elegit
1039 4205 1098 4242 nos.
1136 4188 1177 4242 cf.
1197 4187 1276 4240 Rom.

98 4292 127 4343 p.
142 4274 292 4342 328-330)
310 4289 344 4326 ea
356 4274 391 4327 de
410 4273 507 4329 ordine
520 4276 675 4345 episcopali
687 4260 690 4285 ¹
702 4279 797 4338 inscr.;
817 4278 840 4341 8,
862 4277 884 4329 1.

98 4377 190 4431 nuper
208 4362 320 4416 demum
339 4362 472 4415 instituto
497 4361 674 4434 intellegunt,
737 4364 784 4418 IV.
805 4365 899 4419 Ioann.
920 4364 1000 4418 Dam.
1021 4363 1047 4418 S.
1061 4363 1091 4417 P.
1105 4363 1230 4431 Lequien
1242 4362 1276 4428 II,

99 4447 190 4502 Smith
209 4450 244 4503 de
267 4447 374 4502 recenti
402 4448 597 4515 ordinatione,
625 4449 688 4504 Pe-·
703 4450 753 4505 789
772 4453 817 4521 (-
834 4454 881 4508 καὶ
898 4446 986 4519 εἶναι).
1005 4483 1041 4491 -
1059 4451 1141 4522 τινές]
1162 4468 1198 4505 sc.
1212 4451 1277 4505 hae-

100 4553 184 4591 arson
203 4535 325 4607 (Vindio.
346 4536 447 4605 praefi)
467 4540 495 4591 ct
520 4539 621 4594 Helela
640 4539 675 4594 de
701 4537 798 4601 retici,
818 4555 888 4606 quos
915 4536 1066 4608 impugnat
1082 4539 1219 4610 Ignatius.
1243 4570 1278 4578 -

98 4624 215 4678 iuvenili
234 4623 361 4694 episcopi
386 4624 559 4681 condicione.
596 4625 674 4679 Zahn
700 4625 842 4696 καλοῦσιν]
861 4624 879 4679 i.
892 4641 914 4680 e.
934 4626 1011 4680 iusta
1024 4626 1194 4682 auctoritato
1213 4643 1276 4680 con-
