2834 5018
532 672 598 729 VIS.
611 674 658 738 111,
677 676 701 737 5,
720 675 797 738 5-o,
815 676 840 729 6.
1207 683 1272 746 445

96 875 161 918 non
184 852 320 935 emplius
343 852 506 917 habebunt
527 853 651 928 locum,
684 854 854 919 sederunt
885 855 1021 939 reprobi.
1068 853 1271 920 Solummodo

97 959 158 1022 hoc
180 957 309 1034 habent,
334 958 418 1040 quod
439 957 529 1021 iuxta
551 957 664 1021 turrim
685 957 799 1022 iacent.

186 1059 223 1127 o.
248 1061 397 1126 Concisos
428 1067 532 1127 autem
556 1067 588 1125 et
609 1061 706 1148 longe
736 1063 893 1146 proiectos
916 1087 935 1127 a
955 1065 1036 1128 turri
1058 1066 1107 1129 vis
1137 1085 1272 1148 cognos-

97 1171 193 1232 cere?
227 1166 272 1230 Hi
294 1170 368 1230 sunt
389 1165 448 1229 filii
469 1167 664 1251 iniquitatis;
699 1167 898 1232 crediderunt
926 1168 1009 1232 enim
1039 1191 1110 1233 oum
1140 1169 1271 1235 simula-

98 1273 193 1349 tione‚
219 1276 250 1336 et
272 1272 373 1335 omnis
396 1272 538 1356 nequitia
560 1292 624 1334 non
645 1272 776 1336 recessit
798 1273 838 1337 ab
861 1273 918 1348 iis3
942 1278 1113 1357 propterea
1127 1295 1189 1338 non
1212 1274 1299 1338 hat-s

99 1379 176 1441 bent
199 1376 348 1454 salutem,
383 1376 542 1461 quianon
571 1380 645 1439 sunt
676 1376 770 1440 utiles
804 1377 844 1440 ad
866 1377 1117 1442 aedificationem
1143 1384 1275 1461 propter

97 1481 282 1566 iniquitates
313 1503 395 1544 suas.
442 1480 517 1544 ldeo
546 1480 662 1545 concisi
693 1503 729 1546 ac
752 1482 848 1566 longe
877 1484 1010 1566 proiecti
1039 1487 1112 1548 suut
1143 1490 1275 1567 propter

96 1587 176 1649 iram
200 1586 336 1661 domini,
370 1586 518 1669 quonium
550 1587 816 1651 exacerbaverunt
847 1610 927 1652 eum.
975 1590 1005 1652 2.
1031 1587 1159 1653 Ceteros
1190 1610 1272 1663 vero,

99 1712 177 1774 quos
199 1690 307 1754 vidisti
329 1690 447 1754 multos
469 1691 623 1766 iacentes,
657 1691 712 1773 qui
734 1713 798 1755 non
820 1694 938 1757 vadunt
960 1694 993 1757 in
1016 1698 1216 1770 structuram,
1241 1692 1276 1756 hi

98 1796 234 1860 scabiosi
257 1801 346 1874 sunt,
377 1796 433 1879 qui
456 1800 671 1879 coguoverunt
693 1796 873 1873 veritatem,
905 1819 962 1862 nec
984 1818 1059 1861 vero
1090 1818 1312 1881 permenso-10

96 1904 171 1964 runt
200 1900 233 1964 in
264 1922 302 1964 ea
331 1921 433 1983 neque
463 1899 634 1964 adhaerent
663 1901 797 1975 sanctis3
832 1906 1001 1985 propterea
1029 1903 1157 1967 inutiles
1190 1906 1272 1966 sunt.

98 2008 128 2070 3.
154 2004 215 2081 Qui
238 2011 344 2069 autem
367 2005 518 2069 scissuras
541 2005 668 2081 habent,
693 2006 862 2089 quisunt?
886 2006 929 2070 Hi
946 2011 1020 2070 sunt
1043 2007 1097 2090 qui
1121 2006 1202 2070 alius
1218 2007 1275 2071 ad-

97 2132 208 2174 versus
231 2110 328 2174 alium
351 2110 384 2173 in
407 2110 553 2174 cordibus
576 2109 696 2174 habent
718 2133 820 2194 neque
835 2117 909 2176 sunt
926 2114 1060 2194 pacifici
1080 2117 1169 2176 inter
1190 2131 1275 2190 sese,

98 2218 153 2281 sed
175 2217 312 2300 speciem
334 2216 423 2299 pacis
438 2214 565 2290 habent,
589 2237 662 2279 cum
678 2221 784 2280 autem
808 2215 889 2280 elius
912 2217 952 2281 ab
976 2215 1039 2280 alio
1055 2217 1273 2293 discesserunt,

97 2321 257 2404 nequitiae
289 2342 397 2384 eorum
420 2319 452 2383 in
476 2319 623 2385 cordibus
654 2325 849 2404 permanent.
896 2322 966 2386 Hae
995 2326 1070 2385 sunt
1092 2341 1168 2404 ergo
1194 2320 1272 2383 sois·
1289 2342 1315 2380 u

98 2447 199 2502 surae,
225 2448 304 2510 quas
326 2426 445 2489 habent
467 2424 599 2508 lapides.
645 2426 676 2489 4.
699 2425 867 2490 Decurtati
889 2446 978 2502 vero,
1009 2424 1043 2488 hi
1067 2428 1141 2488 sunt
1161 2424 1193 2500 ii,
1219 2423 1274 2508 qui

98 2530 297 2594 crediderunt
320 2531 446 2613 quidem
469 2535 501 2593 et
523 2530 674 2594 maiorem
696 2535 818 2613 partem
841 2530 960 2594 hebent
975 2529 1125 2606 iustitiae,
1150 2529 1273 2612 aliquas

99 2639 205 2699 autem
228 2639 335 2719 partes
358 2634 479 2699 habent
500 2634 697 2718 iniquitatis:
721 2639 890 2719 propterea
913 2635 995 2699 curti
1018 2638 1050 2697 et
1071 2655 1135 2698 non
1157 2632 1274 2717 integri

98 2743 181 2802 sunt.
229 2740 257 2802 5.
283 2738 360 2802 Albi
391 2743 497 2802 autem
520 2743 552 2802 et
578 2740 704 2805 rotundi
736 2745 768 2804 et
790 2761 853 2804 non
881 2743 1091 2824 congruentes
1113 2738 1147 2802 in
1170 2742 1273 2803 struc-

97 2848 203 2907 turam
236 2844 290 2928 qui
321 2847 410 2918 sunt,
444 2844 593 2909 domina?
627 2844 830 2928 Respondens
861 2843 941 2907 mihi
971 2843 1064 2908 dicit:
1099 2841 1274 2928 Usquequo
1289 2865 1315 2903 ao

99 2947 217 3011 stultus
240 2969 273 3010 es
297 2952 328 3010 et
350 2947 529 3012 insensatus
552 2953 584 3012 et
607 2950 714 3013 omnia
736 2949 915 3032 interrogas
937 2953 970 3012 et
992 2947 1073 3011 nihil
1087 2946 1275 3032 intellegis?

97 3052 156 3116 Isti
179 3056 253 3115 sunt
282 3052 336 3135 qui
358 3051 478 3116 habent
511 3052 638 3135 quidem
659 3053 769 3129 fidem,
805 3052 923 3117 habent
955 3057 1062 3117 autem
1085 3056 1116 3115 et
1150 3052 1276 3116 divitias

97 3157 192 3221 huius
223 3156 350 3220 saeculi.
397 3155 528 3232 Quando
551 3157 588 3220 fit
618 3156 797 3234 tribulatio,
829 3160 960 3240 propter
989 3156 1115 3219 divitias
1146 3160 1275 3220 suaset

100 3265 233 3343 propter
253 3260 486 3345 negotiationes
510 3262 668 3345 denegant
691 3260 852 3325 dominum
875 3282 975 3324 suum.
1022 3261 1051 3324 6.
1076 3261 1119 3324 Et
1142 3281 1274 3342 respon-

99 3366 175 3428 dens
198 3365 227 3428 ci
257 3365 343 3428 dico:
376 3364 527 3442 Domina,
560 3365 685 3448 quando
708 3365 807 3448 igitur
828 3363 922 3428 utiles
945 3369 1038 3427 erunt
1065 3364 1105 3427 ad
1128 3363 1274 3427 aedifica·
1289 3389 1314 3428 a

99 3471 240 3533 tionem?
273 3468 360 3546 Cum,
385 3469 506 3554 inquit,
530 3469 732 3534 circumcisae
754 3468 872 3532 tuerint
894 3489 1002 3532 eorum
1026 3467 1168 3543 divitiae,
1194 3489 1275 3550 quae

98 3596 152 3638 eos
177 3573 342 3645 delectant,
366 3577 435 3637 tum
457 3573 553 3638 utiles
576 3577 668 3637 erunt
691 3574 758 3636 deo.
804 3570 893 3637 Sicut
908 3571 991 3635 enim
1014 3571 1096 3656 lapis
1111 3572 1273 3649 rotundus,

172 3759 234 3815 141
254 3760 350 3813 Thess.
368 3761 392 3821 5,
414 3759 445 3812 13
464 3760 498 3813 cf.
519 3760 605 3813 Mure.
624 3760 648 3821 9,
670 3760 719 3821 50;
739 3761 817 3814 Rom.
838 3761 877 3822 13,
898 3761 938 3814 11.

98 3942 236 3989 -τοῦτο
263 3929 381 4004 ἔχουσιν]
410 3949 447 3985 so
466 3931 499 3993 ii,
528 3931 577 3998 qui
603 3932 676 3985 turri
702 3932 743 3994 23,
763 3935 787 3986 2.
812 3962 847 3970 -
871 3930 920 4004 εἰρ.
940 3929 970 3987 ἐν
987 3928 1106 4000 ἑαυτοῖς]
1132 3929 1276 3999 Leguntur

100 4024 296 4074 consummata
321 4018 528 4088 paenitentiam
556 4019 674 4073 faciunt.
701 4020 771 4073 haec
798 4017 884 4072 verba
912 4019 999 4072 etiam
1024 4017 1099 4071 infru
1117 4033 1140 4070 c.
1158 4017 1183 4079 9,
1202 4018 1226 4070 2.
1245 4017 1275 4078 9;

135 4110 161 4170 6,
182 4109 204 4160 1.
225 4107 266 4160 De
279 4106 405 4174 reprobis
416 4107 462 4160 vel
479 4107 674 4176 peccatoribus
704 4107 743 4169 12,
762 4105 789 4167 3;
810 4105 876 4159 Sim.
895 4104 968 4168 VIII,
988 4108 1010 4167 7,
1030 4107 1053 4158 2.

99 4211 157 4248 non
176 4192 386 4263 paenitentibus
406 4194 439 4247 H.
459 4193 562 4262 incipit
582 4210 674 4264 agere.
736 4194 760 4246 4.
780 4197 893 4266 κολοβοὶ
917 4197 964 4249 καὶ
991 4190 1040 4264 οὐχ
1067 4190 1214 4260 ὁλοτελεῖς]
1244 4189 1277 4244 In

134 4283 158 4335 2.
177 4280 347 4349 κολλώμενοι
360 4301 383 4336 τ.
396 4278 451 4353 ‹icy-l
472 4281 513 4335 Cf.
525 4280 590 4335 Sina
602 4280 674 4344 VIII,
687 4300 690 4333 ι
702 4280 831 4348 Liturgia
843 4278 1085 4334 Constitutiouum
1101 4280 1192 4346 apost.
1202 4277 1276 4339 Vlll

98 4371 123 4428 a,
146 4369 158 4420 1
178 4368 213 4437 (a.
235 4371 262 4429 1;
283 4367 328 4429 rx,
342 4367 383 4429 ao,
397 4367 427 4428 a;
447 4369 488 4430 ao,
502 4368 542 4437 3);
562 4368 674 4423 rorem.
687 4344 690 4457 l
704 4368 733 4421 11
754 4367 883 4420 sacerdos
902 4382 953 4435 pro
973 4362 1104 4417 fidelibus
1128 4367 1203 4419 orat:
1229 4360 1277 4420 aa

98 4458 142 4519 46,
161 4457 185 4509 2.
688 4448 770 4589 prbocv
795 4448 886 4526 ἄρτιοι
903 4456 949 4507 καὶ
975 4455 1069 4522 μηδεὶς
1093 4450 1123 4508 ἐν
1148 4445 1277 4523 nicotori

135 4544 158 4596 3.
177 4541 240 4599 κατ’
259 4541 316 4597 ἀλλ.
336 4537 457 4614 ἔχοντες]
485 4541 611 4595 Eandem
636 4540 676 4594 lo·
701 4542 818 4613 κολοβὸς
834 4541 851 4612 ἢ
868 4539 966 4608 ἀτελής

99 4627 534 4691 cutionemhabesuand.11‚2;
552 4592 691 4691 seam!
736 4626 760 4680 o.
780 4627 822 4682 cf.
840 4627 941 4684 naath.
963 4627 1002 4689 19,
1022 4625 1132 4680 21-24.
