2834 5018
173 338 216 402 26
665 332 854 389 oocrmnn

175 513 359 592 προσθεῖναι
371 510 570 594 δικαιοσύνην
585 511 639 572 καί
654 517 770 591 γνῶσιν
782 508 899 590 κυρίου,
915 508 1052 587 δέξασθε
1068 512 1160 575 αὐτόν
1180 511 1221 587 ὡς
1233 512 1350 594 κόριον.

261 618 290 681 3.
315 613 389 695 Περί
412 614 447 677 δὲ
469 622 531 676 τῶν
554 611 738 676 ἀποστόλων
761 615 814 675 καί
829 624 1007 698 προφητῶν,
1031 618 1112 678 κατὰ
1128 619 1163 680 τό
1179 617 1280 701 δόγμα
1296 629 1352 680 τοῦ

174 717 356 802 εὐαγγελίου
380 721 460 782 οὕτω
483 716 643 800 ποιήσατε.
688 720 719 782 4.
743 726 804 791 πᾶς
826 717 861 780 δὲ
883 718 1057 795 ἀπόστολος
1087 720 1252 805 ἐρχόμενος
1275 725 1353 804 πρός

174 823 253 906 ὑμᾶς
285 821 433 906 δεχθάγτω
463 821 506 896 ὡς
528 820 649 902 κύριος·
692 824 720 885 5.
745 821 781 882 οὐ
812 812 896 904 μενεῖ
926 822 961 885 δὲ
987 824 1014 887 εἰ
1045 827 1087 908 μὴ
1118 825 1235 909 ἡμέραν
1259 827 1351 910 μίαν·

146 927 228 991 rea
251 927 285 990 δὲ
308 925 328 1010 γ]
349 925 449 1009 χρεία,
464 927 517 989 καί
533 927 588 1009 τὴν
610 923 728 1009 ἀλλην·
753 933 832 1007 τρεῖς
848 925 882 988 δὲ
897 924 951 989 ἐὰν
968 927 1070 1012 μείνη,
1094 930 1353 1016 ψευδοπροφήτης

174 1031 266 1095 ἐστίν.
313 1035 342 1098 6.
377 1030 577 1113 ἐξερχόμενος
606 1029 641 1092 δὲ
669 1029 686 1091 ό
714 1028 888 1104 ἀπόστολος
917 1031 1012 1113 μηδὲν
1044 1031 1227 1118 λαμβανέτω
1259 1037 1287 1099 εἰ
1309 1040 1352 1120 μὴ

175 1137 277 1217 ἄρτον,
301 1136 361 1210 ἕως
384 1133 419 1197 οὗ
436 1133 593 1216 αὐλισθῇ·
618 1132 672 1195 ἐὰν
688 1131 723 1194 δὲ
738 1131 882 1216 ἀργύριον
898 1135 978 1219 αἰτῇ,
1002 1136 1258 1224 ψευδοπροφήτης
1274 1140 1350 1207 ἐστί.

242 1276 259 1327 4
279 1273 304 1330 εἰ
319 1279 358 1345 με]
376 1272 474 1327 addidi
493 1271 650 1340 respiciens
671 1271 709 1334 12,
729 1271 765 1323 2:
781 1273 816 1338 >
830 1273 882 1326 cod

172 1396 266 1468 μένην.
285 1428 319 1434 -
337 1402 501 1469 προσθεῖναι
531 1435 554 1448 ..
582 1401 685 1467 γνῶσιν
711 1391 747 1461 το]
776 1395 799 1457 2,
821 1398 849 1452 1;
868 1395 929 1450 ner..
951 1396 989 1458 16,
1008 1397 1037 1457 4;
1059 1399 1097 1459 17,
1118 1398 1147 1458 7;
1174 1397 1245 1467 Eph.
1265 1401 1289 1461 2,
1312 1402 1351 1454 15.

175 1486 216 1540 Cf.
236 1486 317 1538 Prov.
336 1486 360 1546 2,
380 1484 403 1537 5.
424 1484 457 1546 6;
490 1482 595 1537 Erotes.
622 1487 644 1545 1,
666 1484 747 1539 18:11
776 1484 881 1536 Auctor
899 1482 1001 1536 Matth.
1024 1484 1175 1547 10,5-12;
1196 1487 1351 1548 7,15-23;

173 1575 337 1644 προστιθείς
348 1579 460 1644 γνῶσιν.
480 1602 507 1612 -
530 1569 686 1643 arreptor]
707 1571 762 1647 cf.¹
777 1570 816 1632 10,
835 1570 955 1633 40-42;
974 1572 1038 1626 Lue.
1059 1575 1082 1636 9,
1104 1574 1185 1634 1-6;
1206 1575 1245 1639 10,
1265 1577 1350 1630 4-21

172 1663 197 1723 4,
214 1664 234 1715 1.
250 1663 294 1723 11;
317 1663 354 1723 11,
365 1661 396 1720 4;
415 1660 516 1713 Matth.
534 1661 572 1722 10,
585 1661 632 1721 4ος
652 1659 746 1712 loanu.
760 1652 763 1735 ξ
776 1661 841 1713 ante
862 1659 957 1713 oeulos
979 1659 1084 1714 habere
1096 1660 1215 1715 videtur.
1246 1663 1351 1716 Paulus

176 1749 215 1811 13,
234 1749 281 1807 26;
300 1747 359 1818 lgn.
382 1746 451 1816 Eph.
466 1749 490 1810 6,
508 1751 534 1809 l;
562 1747 685 1802 Pa-nth.
706 1744 748 1799 De
760 1740 762 1775 ²
776 1762 888 1812 quoque
906 1746 919 1798 1
938 1748 1000 1801 Cor.
1023 1750 1062 1811 14,
1076 1749 1108 1802 37
1128 1748 1203 1813 dicit,
1223 1766 1297 1816 quae
1318 1749 1352 1803 de

174 1835 243 1904 virg.
265 1852 286 1888 o.
305 1836 346 1889 22.
759 1824 921 1955 ‘prophetie
935 1839 963 1888 et
974 1836 1169 1904 epiritualibus
1183 1837 1297 1897 scribat,
1319 1854 1352 1890 ea

209 1926 233 1978 3.
247 1923 423 1993 ἀποστόλων]
437 1922 498 1977 Vox
511 1924 546 1976 ab
560 1928 674 1979 auctore
687 1940 747 1977 een·
760 1962 762 2021 l
776 1937 836 1974 esse
848 1922 983 1975 mandata
996 1922 1040 1976 rel
1052 1923 1217 1977 mandatum
1233 1921 1352 1992 (ἐντολή.

174 2028 207 2065 ευ
226 2011 363 2081 ampliore
376 2012 539 2074 adhibetur3
559 2028 615 2065 non
631 2012 749 2065 denotat
775 2013 807 2063 ut
824 2009 924 2079 legunt
936 2008 1066 2064 Weeoott
1084 2014 1113 2064 et
1131 2010 1213 2075 Hort)
1228 2010 1350 2064 Domini.

175 2098 322 2153 duodecim
329 2097 473 2168 apostolos
481 2099 624 2154 aDomino
635 2099 747 2160 eleetos,
809 2099 833 2149 4.
844 2094 883 2163 ὼς
892 2096 998 2168 κύριον]
1007 2098 1048 2151 of.
1058 2099 1083 2161 4,
1096 2100 1108 2151 1
1120 2100 1196 2168 31gn.
1208 2098 1279 2167 Eph.
1291 2100 1315 2155 6.
1329 2102 1350 2153 1.

175 2188 224 2240 eed
236 2186 586 2255 unirereepraedioatoree
600 2185 747 2255 evangelii,
810 2184 833 2235 5.
853 2182 958 2255 ἡμέραν
981 2185 1058 2254 μίαν]
1084 2185 1219 2249 Ιο1εα12,
1238 2189 1255 2240 2
1280 2187 1351 2240 Doe-

175 2273 224 2339 qui
254 2273 420 2343 religionem
450 2274 635 2328 christianam
663 2290 747 2326 anun·
775 2259 851 2330 trina
863 2270 965 2336 cuique
977 2273 1060 2326 fratri
1072 2272 1266 2342 peregrinanti
1280 2273 1350 2327 ohri·

174 2363 279 2416 tiantes
298 2362 427 2430 inprimis
446 2361 483 2415 ad
501 2360 628 2415 infideles
642 2377 671 2414 ne
685 2377 747 2414 con·
776 2364 869 2417 etiano
891 2361 1033 2434 permittit
1056 2362 1126 2415 duos
1150 2359 1195 2414 vel
1213 2365 1272 2414 tres
1293 2361 1352 2414 dies

174 2450 275 2503 ferunt.
313 2450 449 2504 Similiter
472 2447 569 2504 eodem
588 2448 701 2501 nomine
719 2447 749 2500 in
760 2482 763 2525 γ
776 2451 804 2504 in
824 2452 946 2505 ecelesia
964 2466 1077 2503 manere
1096 2449 1212 2515 eiusque
1225 2448 1352 2517 hospitio

174 2540 200 2593 S.
216 2540 362 2609 Scriptura
380 2540 496 2593 comites
510 2543 537 2593 et
554 2536 623 2592 eocii
636 2537 748 2605 aposto·
760 2528 763 2585 l
776 2539 826 2591 uti.
856 2538 999 2607 apostolis
1018 2555 1090 2591 unus
1103 2537 1148 2590 vel
1162 2535 1199 2588 ad
1213 2552 1352 2588 nummum

173 2625 262 2679 lorum
287 2626 330 2680 vel
355 2627 441 2681 etiam
469 2625 518 2679 ulii
535 2624 748 2695 praedicatores
760 2614 763 2685 i
777 2627 832 2681 duo
851 2628 910 2680 dies
929 2626 1129 2688 conceduntur,
1153 2640 1216 2677 cum
1235 2623 1277 2676 eie
1296 2640 1353 2676 non

175 2714 316 2784 evangelii
339 2713 525 2783 appellantur.
563 2711 605 2767 Gt.
624 2712 686 2764 Aet.
708 2711 747 2772 14,
776 2713 850 2769 inter
861 2713 967 2775 fideles,
987 2713 1036 2766 sed
1049 2712 1124 2765 inter
1139 2708 1267 2763 infideles
1281 2727 1351 2780 opus

172 2804 256 2864 4.14;
276 2803 354 2856 Rom.
369 2802 448 2864 16,7;
468 2800 646 2861 lcor.15,r;
661 2799 747 2866 Apoe.
776 2800 928 2854 incumbat.
957 2799 996 2852 Ut
1015 2815 1048 2852 ex
1068 2797 1252 2864 sequentibus
1271 2801 1350 2866 patet

173 2893 197 2954 2,
216 2894 241 2945 2.
277 2891 310 2943 In
334 2888 434 2942 ceteris
457 2887 562 2941 litteris
586 2884 805 2955 olrrietianiset
824 2886 964 2940 Lucienus
991 2885 1020 2937 in
1046 2884 1118 2938 libro
1137 2885 1272 2946 testatur,
1303 2884 1352 2950 qui

173 2978 315 3033 veteribus
340 2993 394 3028 vox
419 2976 467 3029 illo
487 2991 569 3027 sensu
587 2990 650 3027 raro
671 2972 747 3026 adhi-
776 2975 940 3029 inscribitur
958 2973 1126 3042 Peregrinus
1145 2972 1272 3033 Proteus,
1290 2970 1352 3038 plu·

173 3064 236 3118 bita
253 3080 314 3117 esee
332 3064 452 3119 videtur.
483 3062 526 3117 of.
545 3061 610 3115 Eue.
629 3060 663 3112 Η.
681 3058 712 3113 Ε.
726 3056 819 3123 Ι,ῗεεο
847 3062 907 3115 iure
936 3061 1054 3130 hospitii
1084 3058 1165 3112 abusi
1198 3061 1286 3111 erant.
1319 3088 1352 3096 -

176 3152 222 3212 123
240 3150 287 3211 ΠΙ.
306 3151 351 3211 37;
371 3151 404 3212 V.
426 3150 560 3211 l0;1re¹¹·
582 3147 650 3200 Λᾶν·
669 3146 746 3199 haer·
761 3132 762 3155 ¹
775 3150 1018 3223 ψευδοπροφήτης]
1050 3148 1120 3202 Cum
1150 3147 1185 3200 de
1214 3144 1351 3214 apostolis

172 3239 298 3301 11,21,1;
318 3237 363 3301 IV,
376 3238 415 3301 12,
428 3240 459 3298 5;
479 3239 553 3291 Tert.
573 3234 642 3288 nov.
662 3235 746 3288 Marc.
760 3236 762 3297 ἶ
776 3252 865 3289 sermo
885 3235 936 3299 eit,
959 3252 1012 3290 vox
1031 3235 1262 3307 ηνεοόαπόοτολος
1280 3233 1351 3286 desi-

172 3324 218 3389 IV,
247 3326 293 3387 24;
323 3325 398 3396 Orig.
426 3324 457 3377 In
483 3326 577 3378 loann.
597 3326 617 3376 t.
638 3324 679 3384 32,
699 3310 897 3386 moderatur,
917 3340 990 3390 quae
1010 3322 1115 3391 legitur
1135 3321 1159 3374 ll
1178 3322 1240 3374 Gor.
1256 3321 1296 3383 11,
1313 3321 1351 3374 13.

174 3414 202 3468 C·
214 3413 284 3468 001⁸·
297 3413 342 3475 ῙῙῙ,
353 3413 377 3466 9·
397 3443 431 3451 -
449 3410 613 3484 προφητῶν]
633 3409 748 3463 Praeter
760 3398 762 3403 ¹
776 3409 836 3463 Vox
846 3414 1078 3482 ψευδοπροφήτης
1089 3408 1184 3459 autern
1195 3423 1251 3460 uon
1262 3405 1352 3459 solum

173 3503 318 3570 apostolos
350 3503 447 3554 auctor
476 3499 565 3569 igitur
590 3497 746 3566 prophetas
775 3497 804 3550 in
815 3497 839 3551 S.
852 3498 997 3566 Scriptura
1007 3495 1120 3563 saepius
1135 3495 1228 3547 exstat
1237 3492 1352 3561 (Muttb.

173 3587 407 3657 cognitoehabet.
420 3582 747 3652 Eodemmodoapostoli
776 3586 799 3645 7,
821 3585 868 3644 15;
888 3583 929 3645 24,
951 3585 990 3636 11.
1011 3584 1051 3636 24.
1072 3584 1158 3650 Αμου.
1180 3582 1220 3644 16,
1242 3581 1289 3642 13;
1312 3580 1351 3637 19.

174 3692 206 3728 πο
224 3677 380 3745 prophetae
398 3672 480 3727 simul
494 3675 748 3725 commemorantur
776 3673 823 3734 26;
843 3673 884 3735 20,
907 3672 963 3738 10),
992 3672 1041 3724 sed
1060 3670 1146 3724 etiam
1164 3669 1269 3722 falsum
1289 3669 1352 3721 doe·

173 3761 394 3821 ΙΟοε.12,28.29
403 3780 409 3822 ;
419 3760 490 3829 aph.
502 3762 525 3822 2,
536 3760 582 3819 20;
594 3759 690 3819 3,5;4,
701 3759 730 3812 11
741 3776 747 3818 ;
775 3764 866 3813 torem
885 3758 1024 3828 designat.
1055 3760 1067 3812 1
1087 3759 1183 3811 loann.
1195 3760 1220 3818 4,
1237 3761 1249 3812 1
1270 3774 1352 3826 pseu·

173 3849 259 3916 Apoo.
273 3852 312 3911 18,
322 3850 363 3902 20.
383 3849 534 3901 Praeterea
546 3845 746 3914 prophetarum
760 3854 763 3919 γ
776 3846 970 3916 doprophetae
988 3846 1181 3909 nominantur,
1202 3843 1268 3896 falsi
1289 3843 1352 3897 doe·

174 3934 389 3990 christianorum
414 3935 440 3989 S.
461 3934 607 4002 Scriptura
630 3931 746 3985 mentio·
760 3922 851 4017 {tores
871 3937 965 3987 autem
983 3931 1169 4002 intellegendi
1189 3936 1261 3985 eunt.

174 4036 238 4071 neni
267 4020 338 4075 lacit
364 4024 426 4076 Aet.
456 4022 494 4083 11,
514 4022 555 4075 27.
576 4020 624 4081 26;
655 4021 762 4081 13,1;·
809 4022 833 4074 6.
853 4020 895 4074 (ll.
915 4019 1017 4073 Matth.
1039 4019 1078 4082 10,
1097 4021 1122 4073 9.
1143 4019 1189 4076 1ος
1215 4018 1302 4072 Mare.
1327 4019 1351 4078 6.

174 4105 186 4158 1
205 4106 264 4159 Cor.
280 4109 319 4171 14,
339 4109 373 4161 29
386 4141 398 4149 -
410 4110 450 4163 39.
469 4141 502 4148 -
519 4107 591 4165 κατὰ
612 4106 643 4162 τό
657 4108 747 4179 δόγμα
759 4064 762 4159 4
774 4107 804 4170 83
824 4108 889 4161 Luc.
907 4108 931 4168 9,
945 4107 969 4169 3,
988 4106 1037 4159 ubi
1054 4106 1192 4160 Dominus
1212 4106 1351 4175 apostolis

175 4212 197 4247 τ.
218 4192 388 4266 εὐαγγελίου]
414 4195 475 4248 Vox
494 4197 584 4267 δόγμα
603 4191 747 4245 decretum
775 4193 811 4247 ad
842 4194 1019 4263 evangelium
1054 4192 1277 4262 praedicandum
1308 4208 1352 4246 ex·

173 4280 217 4332 vel
242 4283 407 4334 mandatum
430 4282 547 4337 denotat
572 4282 659 4336 etiarn
681 4281 745 4335 Luc.
775 4280 906 4336 euntibus
916 4280 1064 4350 praecipit,
1083 4297 1118 4334 ne
1128 4281 1295 4349 possideant
1306 4298 1352 4334 au·
