2834 5018
163 314 226 380 532
594 303 747 361 ΗΕΒΜΔΕ
763 302 907 359 PASTOR

161 485 268 570 λαβὼν
291 483 412 565 έσκαψε
440 485 494 545 τόν
524 480 695 565 ἀμπελῶνα
722 481 776 543 καί
797 479 901 554 πάσας
923 482 979 555 τάς
1002 479 1157 564 βοτάνας
1189 487 1250 561 τάς
1272 488 1358 561 οὔσας

163 590 263 672 ἐντῷ
286 587 447 672 ἀμπελῶνι
469 586 614 665 ἐξέτιλλε.
660 587 715 648 καί
738 583 860 668 ἐγένετο
883 584 1074 667 όάμπελὼν
1100 585 1236 665 ἐκεῖνος
1259 592 1357 672 εύπρε-

163 693 316 769 πέστατσς
361 695 415 756 καί
457 690 619 774 εύδαλής,
657 693 700 773 μὴ
736 690 819 772 ἔχων
855 688 989 773 βοτάνας
1030 693 1224 776 πνιγούσας
1261 695 1355 758 αὐτόν.

164 802 193 864 5.
217 800 296 881 μετὰ
329 798 442 880 χρόνον
472 795 573 880 ἦλθεν
602 795 620 857 6
651 794 804 878 δεσπότης
835 803 891 856 τού
923 793 1043 857 δούλου
1077 799 1143 860 καί
1177 809 1239 863 τοῦ
1269 801 1355 884 ἀγροῦ

136 905 216 966 ικαὶ
238 901 387 986 εἰσῆλθεν
410 901 453 976 είς
477 902 530 962 τόν
553 897 733 981 ἀμπελῶνα.
777 900 831 961 καὶ
846 899 920 962 ἰδὼν
935 901 988 962 τόν
1005 900 1201 983 ἀμπελῶνα
1224 925 1353 989 κεχαρα-

163 1007 305 1090 κωμὲνον
328 1009 505 1088 εὐπρεπῶς,
535 1006 581 1068 ἐτι
606 1005 642 1068 δέ
671 1006 724 1066 καί
747 1002 941 1087 ἐσκεμμένον
962 1005 1019 1066 καί
1043 1005 1164 1082 πάσας
1188 1011 1251 1085 τάς
1274 1010 1353 1095 βοτά

163 1133 218 1186 νας
240 1109 457 1193 ἐκτετιλμένος
485 1111 539 1171 καί
561 1107 709 1182 εὐθαλεῖς
732 1111 827 1183 οὔσας
847 1109 904 1183 τάς
926 1107 1113 1190 ἀμπέλους,
1150 1111 1262 1199 ἐχάρη
1294 1113 1352 1176 λίαν

162 1215 213 1278 ἐπί
243 1223 306 1288 τοῖς
336 1215 436 1298 ἔργοις
465 1224 520 1276 τοῦ
551 1212 675 1277 δούλου.
721 1216 750 1279 6.
774 1211 1073 1295 προσκαλεσάμενος
1109 1213 1175 1280 οὖν
1211 1221 1270 1282 τόν
1298 1219 1351 1281 aaa

161 1321 258 1382 αὐτοῦ
281 1319 334 1381 τόν
357 1317 537 1402 ἀγαπητόν,
570 1318 605 1379 ὃν
636 1314 702 1399 εἶχε
730 1315 938 1400 κληρονόμον,
961 1317 1016 1378 καί
1040 1321 1123 1394 τοὺς
1149 1321 1289 1403 φίλους,
1310 1325 1352 1397 οὓς

122 1437 148 1474 1⁰
162 1421 228 1504 εἶχε
256 1420 465 1506 συμβούλους,
498 1420 582 1505 λέγει
615 1422 737 1499 αὐτοῖς,
767 1423 828 1483 ὅσα
850 1418 1025 1483 ἐνετειλατο
1049 1429 1099 1504 τῷ
1126 1425 1245 1511 δούλῳ
1269 1429 1351 1490 m]

160 1528 214 1588 καί
236 1529 298 1589 ὅσα
320 1525 391 1608 εύρε
411 1526 573 1610 γεγονότα.
618 1527 758 1589 κάκεῖνοι
780 1525 995 1608 συνεχάρησαν
1027 1533 1074 1608 τῷ
1108 1527 1227 1615 δούλῳ
1252 1531 1351 1614 ἐπὶιη

161 1630 313 1714 μαρτυρίᾳ
335 1628 355 1714 η
378 1629 587 1714 ἐμαρτύρησεν
609 1631 694 1712 αύτῷ
716 1630 734 1692 6
756 1629 917 1713 δεσπότης.
972 1631 1001 1694 7.
1027 1632 1085 1692 καί
1113 1630 1211 1717 λέγε,1
1237 1639 1348 1712 αδισίς·

163 1734 248 1817 Ἐγὼ
270 1743 315 1818 τῷ
338 1735 441 1819 δούλῳ
463 1735 563 1817 τούτῳ
586 1733 769 1817 ἐλευθερίαν
791 1733 1036 1818 ἐπηγγειλάμην,
1060 1733 1125 1799 ἐὰν
1143 1759 1212 1821 μου
1229 1744 1288 1824 τὴν
1307 1741 1347 1802 ἐν·

160 1839 255 1922 τολὴν
278 1838 411 1922 φυλάξη,
434 1839 472 1921 ην
494 1838 694 1922 ἐνετειλάμην
715 1840 817 1920 αὐτῷ·
841 1837 976 1920 ἐφύλαξε
998 1837 1035 1901 δέ
1059 1860 1128 1922 μου
1146 1846 1210 1926 τὴν
1232 1844 1348 1925 ἐντολὴν

122 1958 147 1995 1⁶
160 1946 213 2006 καὶ
236 1944 418 2028 προσέθηκε
448 1951 492 2025 τῷ
516 1943 675 2025 ἀμπελῶνι
698 1943 787 2026 ἔργον
809 1942 923 2022 καλόν,
946 1944 1000 2004 καί
1026 1941 1099 2026 ἐμοὶ
1135 1945 1216 2012 λίαν
1239 1950 1347 2032 ἔρισιν.

159 2050 227 2111 ἀντὶ
257 2048 369 2111 τούτου
400 2045 454 2110 σύν
484 2056 538 2110 τοῦ
568 2048 660 2131 ἐργου
687 2045 723 2110 ού
746 2046 910 2130 εἰργάσατο
933 2045 1022 2112 θέλω
1047 2049 1156 2114 αὐτὸν
1182 2054 1347 2139 συγκληρι·

159 2153 253 2235 νόμον
275 2160 319 2235 τῷ
343 2153 399 2235 υἱῷ
423 2174 482 2235 μου
505 2161 646 2235 ποιῆσαι,
678 2154 724 2214 ότι
746 2153 782 2213 τό
802 2151 900 2214 καλὸν
916 2151 1079 2234 φρονήσας
1105 2157 1149 2218 ού
1175 2161 1346 2240 παρενεδσ·

159 2256 258 2340 μήύη,
282 2256 352 2319 ἀλλ’
377 2256 518 2319 ἐτέλεσεν
542 2257 628 2320 αὐτό.
675 2260 703 2322 8.
727 2256 824 2340 ταύτη
854 2265 892 2339 τῇ
913 2254 1024 2339 γνώμη
1054 2256 1074 2319 6
1104 2260 1182 2337 υίδς
1218 2275 1277 2328 τοῦ
1307 2265 1346 2327 δε·

160 2360 276 2423 σπότου
300 2360 530 2444 συνηυδόκησεν
554 2362 655 2443 αὐτῷ,
682 2362 734 2424 ίνα
758 2360 1009 2445 αογκληρονόμος
1032 2361 1179 2448 γένηται
1203 2369 1224 2432 6
1248 2368 1345 2442 δοῦλος

119 2473 145 2511 ²⁰
158 2470 202 2545 τῷ
225 2462 292 2545 υἱῷ.
338 2467 368 2529 9.
392 2465 470 2546 μετά
500 2462 616 2546 ἡμέρας
642 2464 749 2547 ὀλίγας
771 2464 892 2527 δεῖπνον
915 2463 1065 2549 ἐποίησεν
1104 2468 1144 2554 [6
1171 2474 1345 2539 οἰχοδεσπέ·

157 2566 227 2652 της]
257 2568 352 2630 αὐτοῦ
381 2570 434 2630 καί
462 2568 600 2650 ἐπεμψεν
628 2569 712 2651 αύτῷ
741 2567 779 2630 ἐκ
805 2579 859 2632 τοῦ
888 2569 1013 2632 δείπνου
1038 2570 1218 2658 ἐδέσματα
1241 2579 1344 2644 πολλά

157 2671 263 2757 λαβὼν
292 2672 327 2735 δὲ
357 2671 506 2746 όδσῦλος
529 2673 568 2733 τά
591 2670 747 2754 ἐδέσματα
779 2675 819 2735 τά
840 2672 1030 2755 πεμφθέντα
1062 2679 1163 2764 αὐτῷ
1189 2688 1279 2767 παρὰ
1299 2693 1343 2746 το)

155 2776 308 2839 δεσπότου
337 2779 377 2838 τὰ
406 2777 562 2857 ἀρκοῦντα
593 2777 677 2858 αὐτῷ
700 2775 772 2861 ἦρε,
802 2780 840 2840 τά
871 2777 966 2841 λοιπὰ
994 2778 1031 2841 δὲ
1063 2792 1137 2860 τοῖς
1170 2788 1344 2860 συνδούλοις

156 2882 251 2943 αὐτοῦ
274 2878 430 2943 διέδωκεν.
479 2882 528 2945 10.
552 2878 580 2940 οἱ
609 2879 643 2941 δὲ
674 2879 836 2944 σύνδουλοι
865 2883 960 2944 αὐτοῦ
991 2882 1157 2969 λαβόντες
1190 2895 1234 2956 τὰ
1268 2892 1343 2956 ἐδὲσ·

116 2994 142 3032 2⁶
155 3002 239 3064 ματα
262 2982 419 3066 ἐχάρησαν
442 2984 495 3044 καί
518 2980 649 3062 ἤρξαντο
673 2985 825 3065 εὔχεσθαι
848 2985 924 3066 ὑπὲρ
947 2987 1059 3068 αὐτοῦ,
1082 2991 1143 3055 ἵνα
1168 2998 1267 3080 χάριν
1288 2995 1343 3082 μα’-

154 3085 230 3162 ζσνα
252 3087 325 3168 εύρη
348 3087 433 3167 παρά
455 3092 499 3167 τῷ
515 3085 659 3168 δεσπότῃ,
675 3088 722 3148 ότι
738 3089 836 3162 οὕτως
851 3087 1008 3171 ἐχρήσατο
1032 3093 1162 3173 αὐτοῖς.
1199 3105 1253 3169 11,
1277 3109 1340 3165 w)-

153 3210 193 3250 τα
214 3189 317 3251 πάντα
339 3190 379 3250 τὰ
400 3189 553 3272 γεγονότα
582 3189 598 3251 6
621 3190 773 3274 δεσπότης
802 3194 897 3255 αὐτοῦ
925 3193 1047 3274 ἤκουσε
1071 3203 1133 3264 καί
1159 3206 1261 3271 πάλιν
1283 3207 1343 3270 λέον

154 3291 252 3375 ἐχάρη
276 3291 325 3353 ἐπὶ
348 3301 386 3375 τῇ
416 3291 524 3373 πράξει
554 3294 659 3356 αὐτοῦ.
704 3296 980 3379 συγκαλεσάμενος
1007 3302 1111 3369 πάλιν
1138 3315 1219 3389 τοὺς
1243 3313 1341 3395 φάους

154 3396 170 3458 6
194 3396 420 3479 δεσπότηςκαὶ
444 3399 497 3460 τόν
520 3398 585 3461 υἱόν
609 3400 704 3462 αὐτοῦ
726 3401 915 3485 ἀπήγγειλεν
939 3405 1047 3482 αὐτοῖς
1072 3413 1136 3494 τὴν
1153 3417 1272 3501 πράξῃ
1292 3417 1341 3480 ὠ.

113 3509 140 3546 ⁸⁰
154 3509 224 3576 τσῠ,
253 3500 291 3581 ῆν
320 3499 450 3581 ἔπραξεν
478 3501 527 3563 ἐπὶ
556 3511 619 3577 τοῖς
646 3502 810 3586 ἐδέσμασιν
833 3507 928 3569 αὐτοῦ
952 3505 998 3584 οίς
1022 3510 1168 3601 ἐλαβεν·
1194 3523 1227 3587 οἱ
1249 3524 1283 3587 δὲ
1303 3523 1340 3585 ἔτι

153 3601 273 3683 μᾶλλον
296 3604 527 3688 συνευδόκησαν
549 3605 698 3690 γενέσθαι
714 3610 767 3671 τόν
790 3609 901 3673 δοῦλον
924 3613 1201 3707 συγχληρονὸμο,
1224 3636 1269 3711 τῷ
1292 3627 1339 3708 usq,

154 3705 259 3767 αύτοῡ.

221 3892 302 3947 4καὶ
320 3904 370 3950 τσῦ
387 3894 476 3967 ἀγροῦ
493 3900 528 3962 >
546 3896 592 3948 LA
608 3899 611 3964 Ι
628 3899 644 3952 6
662 3899 849 3966 πάσας>ῙεᾹ
865 3905 869 3970 Ι
888 3905 920 3957 10
938 3905 1149 3992 αύτοῦῖαύτῷ
1177 3921 1205 3977 G
1228 3925 1234 3992 Ι
1255 3926 1339 3979 11ae

151 3983 237 4030 κεῖνοι
255 3977 326 4047 G(A)
340 3998 345 4030 :
359 3981 393 4044 ᾧ
410 3982 538 4048 protinus
557 3982 579 4034 L
600 3984 603 4052 Ι
627 3984 660 4036 14
677 3984 853 4060 ἐνετειλάμην
864 4015 873 4044 .·
884 3989 1100 4072 ἐπηγγειλάμην
1119 4007 1147 4062 G
1164 4009 1170 4079 Ι
1189 4012 1224 4065 15
1240 4015 1286 4068 ml
1301 4023 1338 4061 εει

154 4057 178 4110 G
192 4077 197 4109 :
211 4063 286 4125 quod
305 4062 325 4114 L
341 4065 345 4132 Ι
364 4066 395 4119 19
413 4069 612 4138 συνηυόὸκησεν
628 4071 703 4146 αὐτῷ
722 4074 795 4143 G(A)
808 4095 815 4128 ι
829 4081 857 4131 et
876 4079 961 4134 amici
980 4084 1044 4138 eius
1058 4090 1140 4157 (eiua
1154 4099 1196 4162 >
1208 4099 1257 4166 1¹¹)
1274 4113 1336 4151 σου·

153 4144 342 4210 probaverunt
360 4150 381 4202 L
406 4151 410 4219 Ι
439 4154 515 4217 2οΙ21
535 4154 551 4209 6
570 4155 654 4213 οἰκοδ.
673 4158 720 4212 LA
741 4178 747 4212 :
767 4165 802 4228 >
820 4163 845 4217 G
869 4166 873 4234 Ι
898 4168 930 4221 21
951 4168 1030 4246 αύτῷ
1049 4174 1108 4230 GA
1121 4199 1129 4233 :
1143 4199 1232 4240 servo
1250 4185 1291 4239 illi
1306 4182 1334 4237 Ι.ι

153 4226 210 4296 (1¹¹)
224 4235 229 4297 Ι
245 4233 278 4285 26
296 4230 339 4289 ότι
350 4235 486 4303 -αύτσῖς
503 4238 584 4308 (λάβ’)
596 4260 603 4293 ι
616 4246 650 4309 >
668 4243 726 4298 UA
742 4245 747 4316 Ι
763 4248 795 4302 31
809 4254 1017 4325 συνευδόκησαν
1036 4258 1063 4313 G
1078 4281 1086 4315 ι
1099 4265 1139 4338 -Ι-
1151 4269 1282 4342 οὶΔ(ῑ.Η
