2834 5018
160 322 202 385 48
650 313 849 368 ΒΑιυνΑΒΑΕ

159 493 259 557 ἐλπίδι
283 505 337 578 της
359 494 491 570 πίστεως
514 496 618 561 αὐτοῦ.
666 498 695 561 9.
730 493 834 558 πολλά
857 494 892 557 δέ
915 492 1020 559 θέλων
1043 494 1190 577 γράφειν,
1215 494 1274 575 ούχ
1297 492 1339 568 ῶς

158 597 357 677 διδάσκαλος,
381 597 453 661 ἀλλ’
477 599 520 675 ῶς
541 598 650 681 πρέπει
673 600 835 683 ἀγαπῶντι
859 597 913 681 ἀφ’
929 596 971 661 ὧν
988 599 1100 681 ἔχομεν
1116 601 1157 681 μὴ
1174 598 1339 677 ἐλλείπειν,

159 704 288 788 γράφειν
321 703 520 783 ἐσπούδασα,
553 704 714 788 περίψημα
748 705 844 788 ὑμῶν.
891 704 937 767 διό
969 703 1172 786 προσέχωμεν
1205 702 1238 765 ἐν
1273 713 1339 778 ταῖς

159 806 306 890 ἐσχάταις
338 808 483 891 ἡμέραις·
516 810 606 873 οὐδέν
637 811 698 893 γάρ
728 808 884 892 ὠφελήσει
915 808 996 892 ἡμᾶς
1028 808 1128 883 όπᾱς
1150 807 1261 890 χρόνος
1286 818 1339 892 τῆς

133 912 241 996 ῡζωῆς
263 915 315 977 καί
340 924 394 998 τῆς
416 913 548 990 πίστεως
570 914 669 997 ἡμῶν,
692 913 747 977 ἐάν
770 915 811 996 μὴ
835 923 888 977 νύν
911 913 944 976 ἐν
966 920 1010 995 τῷ
1034 911 1140 995 ἀνόμῳ
1162 919 1261 994 καιρῷ
1286 915 1338 975 καί

159 1026 221 1093 τοῖς
255 1017 422 1101 μέλλουσιν
458 1017 664 1097 σκανδάλοις,
692 1017 735 1093 ὡς
765 1016 874 1100 πρέπει
902 1017 977 1092 υίοῖς
1007 1020 1105 1095 θεοῦ,
1136 1017 1337 1098 ἀντιστῶμεν.

161 1127 210 1189 10.
223 1124 274 1186 ἵνα
287 1121 341 1187 ούν
353 1126 395 1205 μὴ
408 1133 470 1207 σχῇ
483 1123 680 1205 παρείσδυσιν
693 1123 710 1185 ό
730 1121 837 1205 μέλας,
850 1121 996 1206 φύγωμεν
1013 1122 1075 1183 ἀπό
1091 1119 1193 1204 πάσης
1209 1121 1339 1204 ματαιό-

159 1247 260 1311 τητος,
283 1226 463 1310 μισήσωμεν
494 1227 619 1303 τελείως
652 1229 691 1290 τά
714 1228 791 1311 έργα
814 1237 868 1311 τῆς
899 1236 1036 1311 πονηρᾶς
1067 1225 1149 1290 όδού.
1196 1227 1238 1309 μὴ
1261 1225 1339 1292 καθ’

160 1330 288 1406 ἑαυτούς
323 1331 498 1408 ἐνδύνοντες
538 1333 687 1415 μονάζετε
720 1331 763 1408 ὡς
795 1333 854 1417 ἤδη
888 1329 1138 1413 δεδικαιωμένοι,
1178 1328 1250 1392 ἀλλ’
1288 1329 1337 1392 ἐπί

122 1454 147 1490 10
161 1435 195 1496 τό
227 1436 303 1497 αὐτό
338 1434 557 1518 συνερχόμενοι
596 1437 773 1520 συνζητεῖτε
809 1437 877 1517 περί
911 1445 965 1498 τοῦ
997 1443 1086 1517 κοινῇ
1117 1432 1336 1518 συμφέροντος.

163 1542 212 1604 11.
232 1537 316 1622 λέγει
339 1541 400 1623 γάρ
422 1538 441 1621 ἡ
464 1539 585 1623 γραφή·
633 1539 717 1604 Οὐαί
741 1543 771 1604 οἱ
796 1543 929 1604 σύνετοι
953 1541 1083 1620 ἑαυτοῖς
1106 1540 1161 1602 καί
1187 1538 1337 1602 ἐνώπιον

160 1643 293 1706 ἑαυτῶν
316 1643 549 1727 ἐπιστήμονες.
574 1641 743 1727 γενώμεθα
767 1641 978 1725 πνευματικοί,
1001 1640 1170 1726 γενώμεθα
1194 1642 1267 1716 ναός
1290 1640 1337 1704 τέ-

160 1743 241 1820 λειος
264 1753 307 1828 τῷ
331 1749 409 1829 θεῷ.
456 1745 506 1828 ἐφ’
529 1749 603 1811 όσον
627 1747 708 1811 ἐστίν
732 1747 764 1810 ἐν
794 1747 882 1830 ἡμῖν,
915 1747 1112 1828 μελετῶμεν
1136 1749 1197 1811 τὸν
1227 1748 1337 1831 φόβον

159 1860 214 1913 τού
238 1854 316 1915 θεοῦ
339 1853 392 1914 καί
416 1850 587 1934 φυλάσσειν
610 1850 843 1936 ἀγωνιζώμεθα
865 1853 920 1926 τὰς
945 1850 1072 1926 ἐντολάς
1096 1853 1204 1928 αὐτοῦ,
1229 1852 1282 1913 ἵνα
1305 1850 1336 1913 ἐν

123 1976 146 2012 1⁶
160 1965 222 2029 τοῖς
245 1955 450 2039 δικαιώμασιν
474 1957 568 2018 αὐτοῦ
599 1956 836 2037 εὐφρανθῶμεν.
883 1959 932 2021 12.
968 1953 1106 2036 όκύριος
1129 1957 1336 2040 ἀπροσωπο-

159 2061 322 2145 λήμπτως
345 2067 456 2145 κρινεῖ
474 2061 528 2122 τόν
550 2059 678 2142 κόσμον.
718 2060 850 2134 ἕκαστος
872 2060 984 2134 καθὼς
1007 2057 1150 2142 ἐποίησεν
1174 2068 1335 2141 κομιεῖται.

159 2165 214 2229 ἐάν
246 2164 428 2250 ᾐάγαθός,
459 2164 479 2247 ἡ
509 2164 689 2248 δικαιοσύνη
718 2166 814 2228 αύτού
844 2164 1053 2248 προηγίγσεται
1084 2164 1196 2226 αὐτοῦ·
1232 2163 1288 2227 ἐάν
1317 2161 1335 2246 Ι

160 2270 309 2354 πονηρός,
333 2271 350 2334 ό
373 2272 487 2353 μισθός
510 2281 564 2354 τῆς
588 2269 734 2354 πονηρίας
757 2270 937 2352 ἔμπροσθεν
961 2270 1073 2332 αύτού·
1122 2272 1171 2335 13.
1207 2269 1260 2332 ἵνα
1283 2267 1337 2351 μή-

160 2395 235 2437 ποτε
259 2374 529 2458 ἐπαναπαυόμενοι
553 2374 596 2450 ὡς
618 2372 727 2458 κλητοί
751 2371 1064 2455 ἐπικαθυπνιύσωμεν
1087 2380 1152 2446 ταῖς
1176 2372 1337 2456 ἁμαρτίαις

121 2498 146 2534 20
160 2477 257 2561 ἡμῶν,
280 2480 334 2541 καί
358 2479 375 2542 ό
398 2480 530 2563 πονηρός
554 2480 659 2560 ἄρχων
682 2476 788 2562 λαβὼν
810 2480 865 2560 τὴν
888 2476 968 2543 καθ’
990 2477 1078 2559 ἡμῶν
1095 2475 1237 2552 ἐξουσίαν
1253 2476 1337 2540 ἀπῶ-

161 2602 251 2665 σηται
280 2581 361 2666 ἡμᾶς
392 2584 454 2646 ἀπό
484 2593 538 2666 τῆς
568 2580 726 2668 βασιλείας
749 2592 803 2646 του
825 2582 943 2664 κυρίου.
991 2586 1040 2648 14.
1075 2581 1119 2643 ἐτι
1142 2581 1177 2643 δὲ
1200 2582 1338 2657 κάκεῖνο,

161 2684 290 2768 ἀδελφοί
313 2707 389 2769 μου,
419 2696 535 2750 νοεῖτε·
570 2689 645 2751 όταν
678 2686 808 2772 βλέπετε
840 2689 919 2770 μετὰ
950 2684 1123 2770 τηλικαῦτα
1150 2694 1264 2769 σημεῖα
1286 2687 1337 2748 καί

161 2789 274 2873 τέρατα
295 2791 447 2876 γεγονότα
470 2791 502 2854 ἐν
527 2799 569 2875 τῷ
594 2790 736 2875 Ἰσραήλ,
767 2792 820 2853 καί
851 2793 949 2865 ούτως
973 2787 1261 2872 ἐγκαταλελεῖφθαι
1286 2790 1337 2851 αύ-

160 2895 248 2970 τούς·
272 2895 485 2978 προσέχωμεν,
509 2894 638 2979 μήποτε,
662 2896 704 2971 ὡς
727 2894 912 2979 γέγραπται,
937 2893 1057 2958 πολλοί
1082 2893 1209 2977 κλητοί,
1233 2893 1336 2976 ὀλίγοι

121 3019 147 3056 ιτ
161 2998 197 3063 δὲ
220 2999 368 3064 ἐκλεκτοὶ
392 2998 582 3082 εύρεθῶμεν.

227 3172 303 3228 θδιό
322 3173 348 3225 h.
370 3174 386 3226 1.
406 3173 528 3228 Ltante
555 3176 701 3244 περίψημα
721 3172 766 3226 SH
791 3173 795 3242 Ι
820 3171 1003 3246 προσέχωμεν
1020 3171 1247 3244 Ιιιπροσεχομεν
1265 3169 1310 3224 SH
1330 3190 1333 3229 !

159 3259 177 3312 4
195 3260 264 3330 ἡμᾶς
283 3259 455 3330 Ηίιιύμαςθ
472 3262 476 3332 Ι
492 3263 509 3314 4
528 3278 568 3327 sq.
589 3272 637 3330 τῆς
655 3264 727 3329 ζωῆς
744 3281 769 3315 κ.
781 3280 805 3315 τ.
824 3263 945 3326 πίστεως
963 3262 1041 3330 ἡμῶν
1055 3277 1060 3310 :
1075 3259 1151 3312 vitae
1171 3263 1287 3312 nostrae
1306 3261 1333 3311 et

160 3345 226 3399 fidei
243 3346 272 3408 L,
293 3367 316 3402 τ.
336 3353 406 3417 ζωῆς
424 3350 504 3420 ἡμῶν
522 3348 555 3410 Η,
576 3368 598 3403 τ.
619 3366 739 3413 πιστεως
757 3352 837 3416 ῢμων
856 3346 873 3399 S
889 3345 894 3416 Ι
910 3346 925 3398 7
945 3341 994 3402 οὖν
1013 3346 1128 3413 H:>s
1145 3347 1148 3416 Ι
1165 3344 1181 3397 8
1201 3340 1337 3418 Qash:

159 3433 230 3490 κακὰ
248 3428 316 3506 ἔργα
335 3435 360 3487 Η
376 3436 380 3503 Ι
398 3435 427 3489 11
448 3432 558 3502 ἑαυτοῖς
575 3431 674 3489 SM»
692 3430 801 3501 ἑαυτοῖς
820 3432 845 3486 Η
865 3432 937 3487 Lxx
963 3434 966 3503 Ι
996 3435 1028 3487 14
1049 3441 1099 3489 τοῦ
1125 3438 1195 3489 θεοῦ
1215 3450 1221 3483 :
1242 3435 1338 3504 κυρίου

160 3519 186 3572 Η
202 3522 205 3589 Ι
221 3526 302 3588 acal>
320 3521 338 3575 S
355 3522 358 3591 Ι
377 3524 408 3577 17
427 3525 477 3593 Ι>
496 3521 521 3574 Η
538 3524 542 3591 Ι
560 3522 592 3576 18
607 3518 655 3576 ‘iva
673 3520 843 3588 SHzpraem
861 3519 1044 3592 προσέχωμεν
1061 3519 1082 3572 L
1105 3520 1108 3587 Ι
1131 3519 1166 3571 22
1184 3517 1301 3591 βλέπετε
1320 3517 1337 3570 S

160 3607 194 3660 cf.
214 3607 312 3661 Winer
330 3609 346 3677 fi
365 3610 406 3671 42,
427 3611 458 3662 5:
477 3608 596 3681 βλέπητε
616 3606 642 3658 Η

203 3747 226 3797 9.
263 3752 301 3818 μὴ
331 3745 474 3816 ἐλλείπειν]
506 3748 592 3801 etiam
624 3746 660 3799 ad
688 3767 731 3819 γρ.
761 3762 820 3798 sam
847 3745 1009 3799 comitatem
1035 3743 1233 3798 declarandam
1252 3743 1337 3810 νυίγςο

159 3830 316 3890 ἐσπούδασα
340 3834 439 3887 referri
466 3836 569 3902 potest.
598 3865 632 3873 -
659 3837 733 3905 περί·
762 3832 920 3886 adhibitum
940 3848 1009 3886 esse.
1027 3863 1061 3870 -
1080 3831 1133 3900 διό]
1153 3830 1231 3885 Haec
1249 3830 1336 3900 parti·

159 3938 238 3991 ψημα
262 3918 351 3990 ὑμῶν]
375 3921 392 3973 i.
413 3937 434 3974 e.
461 3920 555 3974 omnia
577 3937 628 3989 pro
653 3919 733 3973 vobis
762 3920 826 3973 cula
844 3920 961 3988 respicit
980 3920 1015 3973 ad
1034 3919 1117 3972 finem
1136 3937 1160 3970 v.
1182 3919 1206 3971 8.
1245 3916 1337 3971 Verba

161 4010 190 4060 et
209 4006 301 4059 facere
321 4011 349 4061 et
367 4006 430 4076 pati
446 4011 570 4076 paratus.
609 4007 651 4062 cf.
664 4008 688 4067 6,
702 4007 733 4066 5;
761 4007 961 4074 praecedentia
971 4024 1021 4076 pro
1031 4004 1194 4075 parenthesi
1207 4004 1338 4058 habenda

161 4092 253 4146 ICor.
272 4094 296 4155 4,
318 4092 443 4163 1331gn.
465 4093 535 4163 Eph.
554 4095 578 4155 8,
601 4093 689 4155 1318,
711 4094 732 4145 l.
762 4097 834 4147 sunt.
861 4125 896 4132 -
919 4093 999 4151 οὐδὲν
1019 4091 1072 4165 γὰρ
1090 4092 1160 4160 κτλ]
1181 4090 1222 4145 ef.
1243 4091 1336 4145 Doctr.

161 4178 311 4247 Dionysius
338 4180 417 4233 Alex.
446 4181 521 4249 apud
549 4180 613 4235 Eur.
644 4179 676 4233 Η.
703 4142 803 4267 Ε.Ι16,
823 4180 847 4233 2.

160 4264 218 4330 VII,
239 4267 280 4330 22,
300 4269 315 4321 ’ί
335 4266 418 4327 dicit,
439 4268 554 4321 verbum
573 4268 609 4322 ad
628 4266 733 4322 officio·
797 4267 836 4322 10.
856 4266 872 4324 ὁ
889 4266 984 4336 μέλας]
1004 4266 1021 4319 i.
1042 4283 1063 4319 ε.
1083 4264 1220 4327 diabolus,
1240 4264 1276 4320 σί.
1295 4264 1328 4318 20
