2834 5018
176 275 281 341 xcvi
624 268 904 325 raoineorrnna

177 453 342 517 certiorem
364 453 484 517 saciant
507 449 585 533 (13),
610 454 643 514 et
665 447 872 527 Crescentem,
897 471 1063 534 perquem
1086 449 1164 514 haec
1179 452 1352 535 scripserit,

178 556 306 640 eiusque
330 579 469 621 sororem
490 558 570 620 bene
592 555 766 639 suscipiant
789 553 868 637 (14).

737 730 793 795 IV.

264 871 414 954 Epistula
442 892 514 934 cum
533 869 568 934 in
601 871 747 935 omnibus
769 870 930 935 codicibus
963 871 1085 956 graecis
1108 872 1155 935 ita
1178 893 1250 937 cum
1272 872 1353 936 Bar·

177 977 279 1040 nabae
303 974 440 1059 epistula
464 974 682 1059 conglutinata
704 976 754 1052 sit,
779 980 815 1039 ut
830 975 999 1060 Polycarpi
1021 977 1118 1041 verba
1140 976 1194 1037 καὶ
1218 974 1257 1038 δι’
1272 975 1354 1058 ἡμᾶς

178 1076 239 1140 ὑπὸ
262 1077 305 1161 (9,
322 1078 355 1161 2)
379 1079 545 1144 Barnabae
567 1081 664 1144 verba
686 1079 739 1141 τὸν
754 1076 832 1141 λαὸν
854 1078 907 1141 τὸν
929 1078 1038 1142 καινόν
1062 1079 1105 1163 (5,
1127 1078 1160 1164 7)
1184 1082 1352 1166 excipiant

178 1188 284 1248 textus
313 1204 445 1268 graecus
476 1205 539 1249 non
567 1185 692 1270 integer
720 1186 760 1250 ad
788 1207 847 1250 nos
876 1186 1027 1269 pervenit.
1072 1186 1200 1251 Lacuna
1228 1187 1355 1271 quidem

177 1290 320 1353 versione
342 1289 442 1352 latina
468 1290 565 1353 veteri
588 1290 750 1374 expletur,
783 1312 820 1356 ac
842 1297 1005 1375 praeterea
1032 1313 1130 1355 unum
1153 1312 1192 1356 ex
1216 1293 1354 1376 quinque

179 1393 327 1477 capitulis
349 1393 518 1476 postremis
534 1393 601 1473 (13)
626 1394 666 1457 ab
681 1393 821 1458 Eusebio
844 1399 1064 1459 conservatum
1087 1399 1145 1471 est,
1170 1417 1242 1459 cum
1258 1395 1354 1460 Anti·

179 1498 277 1563 ochus
292 1498 464 1562 monachus
480 1496 533 1580 (cf.
550 1522 581 1582 p.
599 1495 699 1580 XCII)
715 1498 793 1563 haec
809 1499 915 1582 capita
937 1521 1002 1563 non
1016 1499 1197 1582 respexerit.
1245 1500 1354 1564 Nihil-

179 1603 303 1667 ominus
327 1608 432 1667 autem
455 1601 624 1667 dolendum
647 1606 704 1678 est,
728 1601 899 1685 epistulam
920 1602 1100 1666 mutilatam
1122 1603 1230 1680 fuisse,
1255 1624 1355 1687 eoque

180 1709 293 1794 magis,
318 1709 402 1793 quod
417 1709 572 1791 interpres
588 1707 706 1770 latinus
728 1727 855 1770 munere
870 1727 928 1770 suo
951 1710 1017 1769 tam
1039 1706 1245 1790 neglegenter
1261 1706 1354 1771 func-

178 1818 231 1877 tus
254 1818 317 1891 est,
351 1818 388 1877 ut
409 1812 580 1896 imaginem
608 1816 714 1876 textus
737 1812 843 1895 graeci
865 1811 955 1876 valde
985 1811 1206 1895 imperfectam
1229 1817 1356 1877 tantum

179 1919 351 1984 exhiberet.
405 1916 484 1982 Cum
517 1940 631 2001 corpus
665 1916 985 2001 pseudoignatianum
1019 1916 1128 1980 eodem
1162 1915 1228 1980 fere
1261 1917 1355 1980 modo

179 2024 370 2088 translatum
392 2023 582 2106 siccumque
605 2021 743 2105 epistula
757 2021 790 2082 in
812 2019 958 2084 omnibus
975 2019 1135 2083 codicibus
1158 2019 1267 2083 latinis
1282 2025 1356 2104 post

180 2127 333 2210 epistulas
356 2126 475 2210 Ignatii
497 2125 548 2189 vel
576 2125 683 2208 potius
704 2129 778 2207 post
799 2123 925 2188 laudem
947 2122 1085 2188 Heronis
1111 2123 1176 2188 illis
1199 2125 1356 2189 adiectam

180 2236 213 2295 et
233 2233 267 2295 in
289 2230 450 2295 nonnullis
480 2252 604 2314 quoque
634 2231 795 2295 codicibus
827 2231 949 2315 graecis
981 2230 1090 2293 eodem
1121 2230 1191 2295 loco
1219 2231 1355 2314 legatur,

180 2337 283 2400 versio
305 2335 475 2419 Polycarpi
497 2357 533 2399 ac
556 2333 794 2418 Pseudoignatii
815 2333 901 2397 haud
925 2333 1018 2398 dubie
1040 2334 1081 2398 ab
1103 2355 1167 2398 uno
1183 2336 1357 2418 eodemque

181 2440 325 2504 confecta
347 2445 403 2504 est.

268 2545 394 2609 Primus
422 2545 596 2609 versionem
628 2543 762 2608 latinam
794 2565 859 2608 una
892 2565 963 2608 cum
996 2542 1141 2627 epistulis
1164 2542 1358 2628 Pa-Ignatii

181 2650 280 2714 edidit
302 2649 363 2714 Iac.
388 2648 491 2715 Faber
514 2648 712 2732 Stapulensis
735 2649 897 2725 a.14981,
921 2648 1016 2731 idque
1039 2669 1056 2711 e
1079 2648 1186 2713 codice
1209 2647 1357 2713 Parisino

181 2754 348 2837 (Biblioth.
382 2752 462 2837 nat.)
497 2755 580 2818 1639
615 2753 730 2818 collato
765 2751 870 2817 codice
904 2750 968 2814 229
996 2749 1132 2836 collegii
1165 2751 1358 2818 Baliolensis

182 2857 355 2925 Oxoniael.
402 2858 522 2923 Textus
551 2859 676 2923 saeculo
699 2857 776 2923 XVI
806 2857 931 2940 saepius
961 2857 1178 2921 recudebatur.
1230 2857 1359 2922 Novam

181 2970 213 3029 et
234 2965 407 3029 fideliorem
430 2965 600 3029 editionem
621 2963 746 3048 paravit
769 2962 793 3027 l.
817 2961 938 3027 Ussher
960 2959 1112 3025 adhibitis
1141 2961 1245 3025 tribus
1269 2962 1357 3026 codi-

181 3069 279 3145 cibus,
303 3069 424 3133 scilicet
446 3068 616 3133 Petaviano
646 3068 692 3152 (in
715 3065 909 3132 bibliotheca
930 3064 1023 3129 Alex.
1044 3065 1176 3141 Petavii,
1201 3066 1358 3130 senatoris

181 3173 378 3250 Parisiensis,
402 3173 497 3238 hodie
519 3178 556 3238 ut
577 3173 701 3238 videtur
722 3171 825 3256 Regio
848 3173 887 3236 81
912 3171 945 3235 in
967 3168 1160 3234 bibliotheca
1174 3168 1357 3252 Vaticana),

181 3278 354 3343 Baliolensi
376 3282 409 3341 et
423 3277 664 3363 Magdalenensi
687 3276 733 3359 (in
748 3276 891 3360 collegiis
908 3275 977 3340 Bal.
996 3281 1028 3338 et
1042 3274 1150 3358 Magd.
1169 3272 1356 3358 Oxoniae)³,

181 3404 314 3467 eamque
338 3382 511 3447 Cotelerius
535 3387 567 3446 et
589 3382 644 3446 alii
665 3380 867 3465 repetierunt
913 3379 1025 3444 Libros
1044 3378 1278 3462 manuscriptos
1302 3381 1356 3444 de·

181 3509 244 3552 nuo
278 3487 490 3551 adhibuerunt
523 3485 677 3550 lacobson
708 3491 740 3550 et
761 3486 908 3561 Dressel,
942 3485 998 3548 ille
1031 3485 1169 3549 codicem
1196 3483 1357 3551 Mediceo·

180 3591 426 3657 Laurentianum
447 3590 527 3675 plut.
545 3589 655 3654 XXIII
670 3614 699 3654 n.
718 3592 761 3655 20
785 3589 877 3673 (saec.
894 3588 979 3671 XV),
1004 3588 1057 3653 hic
1080 3589 1202 3653 codices
1219 3587 1358 3673 Regium

182 3697 222 3760 81
248 3694 342 3779 (saec.
359 3694 418 3778 IX)
441 3700 474 3760 et
496 3694 677 3759 Palatinum
701 3697 763 3760 150
793 3695 886 3779 (saec.
911 3692 1018 3776 XIV),
1051 3694 1191 3757 sednon
1220 3695 1359 3759 multum

253 3886 266 3938 1
286 3882 360 3937 Vide
378 3900 405 3952 p.
424 3880 513 3935 LXIV
531 3898 557 3933 n
577 3881 601 3933 2.

252 3969 269 4020 2
289 3969 330 4023 cf.
350 3985 421 4036 quae
441 3967 500 4022 dixi
517 3967 547 4020 in
565 3967 640 4020 Patr.
660 3971 750 4036 apost.
770 3970 789 4020 t
808 3967 834 4020 Il
853 3984 879 4036 p.
900 3965 978 4019 XVII
997 3983 1057 4035 sqq.

252 4057 268 4110 3
286 4055 435 4125 Polycarpi
454 4059 483 4109 et
500 4054 605 4125 Ignatii
622 4053 773 4124 epistulae:
801 4071 858 4108 una
878 4071 941 4108 cum
959 4058 1055 4109 vetere
1081 4054 1202 4123 vulgata
1220 4054 1358 4125 interpre-

182 4141 292 4196 tatione
310 4140 400 4196 latina
427 4158 461 4195 ex
478 4140 566 4196 triam
591 4139 847 4209 manuscriptorum
874 4139 1004 4194 codicum
1022 4139 1173 4195 collatione
1192 4140 1357 4210 integritati

184 4244 251 4282 suae
270 4228 409 4282 restituta
448 4227 574 4282 Oxoniae
594 4227 668 4282 1644.
