2834 5018
441 689 492 743 AD
513 688 591 744 COR.
610 690 679 755 LIII,
698 690 806 754 5-Lv‚
826 692 850 746 6.
1167 696 1229 762 169

54 869 114 939 tur,
146 886 205 949 pro
230 864 324 949 plebe
356 866 571 931 remissionem
594 865 737 950 postulat
768 873 824 932 aut
846 868 984 952 seipsum
1014 891 1077 933 una
1100 892 1172 935 cum
1194 871 1233 935 iis

57 970 152 1035 deleri
175 972 266 1055 petit.

139 1074 222 1140 LIV.
248 1074 325 1152 Quis
347 1077 448 1160 igitur
469 1076 552 1140 inter
574 1098 629 1141 vos
653 1097 832 1161 generosus,
857 1078 927 1160 quis
949 1078 1136 1157 misericors,
1162 1081 1232 1164 quis

56 1181 188 1245 caritate
217 1181 351 1265 plenus?
384 1183 413 1244 2.
437 1179 552 1245 Dicat:
585 1180 619 1245 si
638 1186 769 1264 propter
798 1202 849 1244 me
879 1181 991 1246 seditio
1014 1187 1047 1246 et
1078 1182 1233 1248 discordia

56 1289 88 1348 et
110 1284 284 1349 schismata
307 1291 378 1350 orta
401 1289 483 1363 sunt,
508 1286 642 1364 discedo,
668 1287 759 1364 abeo,
785 1308 982 1370 quocumque
1004 1287 1176 1365 volueritis,
1201 1292 1260 1352 et⁶

57 1411 136 1473 quae
159 1389 331 1455 multitudo
354 1390 498 1468 iusserit,
524 1390 623 1466 laci03
657 1391 824 1455 dummodo
848 1389 965 1455 Christi
994 1411 1072 1475 grex
1100 1392 1133 1456 in
1155 1413 1233 1476 pace

57 1494 154 1577 degat
177 1516 250 1558 cum
273 1495 453 1559 constitutis
474 1495 677 1578 presbyteris.
723 1495 753 1558 3.
778 1493 840 1571 Qui
862 1494 923 1559 hoc
938 1495 1057 1573 fecerit,
1080 1518 1232 1581 magnam

57 1597 118 1661 sibi
134 1596 273 1682 gloriam
296 1600 328 1663 in
345 1599 472 1664 Christo
496 1597 684 1675 conciliabit,
709 1602 741 1662 et
763 1599 865 1663 omnis
881 1599 971 1664 locus
994 1622 1065 1665 eum
1088 1601 1232 1685 excipiet.

56 1704 193 1766 Domini
216 1709 303 1767 enim
327 1714 378 1768 est
401 1713 494 1768 terra
518 1713 551 1768 et
567 1707 742 1786 plenitudo
766 1712 847 1770 circa
894 1707 923 1769 4.
949 1705 1038 1771 Haec
1057 1706 1180 1772 faciunt
1202 1712 1235 1772 et

55 1805 185 1883 facient,
211 1809 266 1891 qui
289 1808 436 1887 divinam,
462 1808 550 1872 cuius
572 1831 734 1892 nunqnam
757 1809 910 1892 paenitet,
934 1810 1032 1874 vitam
1054 1812 1173 1875 vivunt.
1248 1830 1273 1867 1⁰

142 1910 209 1975 LV.
234 1910 281 1976 Ut
304 1918 410 1977 autem
435 1915 529 1978 etiam
553 1913 697 1997 exempla
729 1913 872 1998 gentium
895 1915 1111 1997 proferamus:
1141 1915 1234 1979 multi

56 2037 148 2101 reges
173 2021 205 2080 et
227 2018 464 2101 gubernatores,
488 2019 639 2102 pestifero
661 2023 803 2103 tempore
819 2018 986 2094 saeviente,
1011 2040 1082 2083 curn
1105 2019 1233 2085 oraculo

56 2126 161 2185 essent
186 2122 356 2199 admoniti,
389 2123 485 2186 morti
507 2145 540 2187 se
571 2123 658 2207 ipsos
687 2124 900 2198 tradiderunt,
933 2127 969 2186 ut
999 2144 1056 2186 suo
1080 2124 1233 2208 sanguine

55 2227 139 2290 cives
163 2225 343 2292 liberarent.
390 2228 495 2306 Multi,
519 2250 559 2291 ne
584 2228 701 2291 diutins
725 2227 836 2291 seditio
852 2227 988 2304 duraret,
1014 2249 1033 2290 a
1053 2228 1233 2292 civitatibus

55 2331 121 2393 suis
145 2335 350 2396 secesserunt.
396 2334 426 2395 2.
451 2331 572 2396 Multos
594 2332 757 2395 internos
781 2331 995 2415 cognovimus,
1021 2332 1075 2414 qui
1097 2332 1232 2415 seipsos
1248 2353 1273 2391 1⁶

56 2435 89 2498 in
112 2435 240 2500 vincula
256 2438 465 2515 coniecenmt,
490 2441 526 2500 ut
549 2436 628 2500 alios
644 2436 843 2500 redimerent.
889 2434 985 2498 Multi
999 2436 1033 2499 in
1048 2435 1232 2500 servitutem

58 2561 91 2603 se
114 2541 201 2623 ipsos
218 2539 403 2605 dediderrmt
418 2546 450 2605 et
466 2545 596 2624 accepto
618 2540 722 2624 pretio
738 2541 787 2605 sui
803 2540 882 2604 alios
898 2541 1051 2605 oibarnnt.
1098 2542 1127 2605 3.
1146 2540 1232 2604 Mul·

56 2649 109 2708 tae
131 2644 281 2708 mulieres
304 2645 409 2728 gratia
432 2645 537 2709 divina
559 2646 779 2709 corroboratae
801 2644 906 2708 virilia
932 2644 1034 2709 multa
1056 2651 1231 2728 gesserunt.

56 2750 86 2812 4.
111 2748 214 2812 Beata
236 2747 361 2827 Iudith,
393 2771 465 2813 cunr
487 2750 562 2813 urbs
587 2750 792 2814 circumsessa
814 2755 911 2827 esset,
936 2750 1061 2835 rogavit
1083 2751 1232 2829 seniores,

57 2857 93 2916 ut
116 2853 177 2916 sibi
200 2852 309 2916 liceret
330 2854 364 2916 in
396 2853 644 2938 alienigenarum
668 2858 772 2918 castra
795 2855 892 2930 exire3
929 2855 958 2918 5.
983 2859 1015 2918 et
1035 2854 1177 2938 periculo
1201 2878 1234 2920 se
1247 2884 1273 2922 ro

57 2958 197 3022 obiciens
219 2962 351 3040 propter
374 2979 513 3022 amorem
534 2959 657 3042 patriae
679 2958 852 3042 populique
876 2958 997 3022 obsessi
1026 2980 1154 3042 egressa
1176 2965 1233 3038 est,

56 3066 89 3125 et
109 3061 243 3125 tradidit
266 3061 342 3125 deus
360 3061 575 3145 Olophemem
597 3064 630 3127 in
652 3084 764 3127 manus
779 3063 930 3127 mulieris.
977 3064 1005 3127 6.
1030 3062 1105 3127 Non
1120 3063 1234 3128 minori

57 3165 200 3249 periculo
224 3166 320 3229 etiam
336 3165 479 3249 perfecta
493 3166 526 3230 in
549 3167 610 3230 fide
625 3165 752 3246 Esther,
777 3172 813 3231 nt
829 3168 994 3232 duodecim
1014 3168 1117 3232 tribus
1135 3167 1234 3231 lsrael

55 3271 94 3334 ab
118 3270 252 3334 instanti
275 3270 370 3333 exitio
393 3270 552 3348 liberaret,
577 3292 610 3334 se
633 3272 735 3354 ipsam
751 3271 875 3336 obiecit.
921 3270 1006 3335 Nam
1031 3293 1102 3336 cum
1117 3273 1234 3336 ieiunio

55 3379 87 3439 et
110 3373 331 3438 humiliatione
360 3379 489 3458 precata
512 3380 561 3440 est
590 3397 695 3439 rerum
729 3376 869 3440 omniurn
899 3376 1109 3458 inspectorem
1131 3376 1232 3440 domi·
1248 3404 1274 3442 aa

55 3502 147 3556 num,
180 3478 378 3543 saeculorum
408 3481 517 3556 deum;
549 3480 604 3564 qni
636 3479 733 3543 animi
765 3480 832 3543 eius
864 3479 1077 3545 humilitatem
1107 3501 1234 3545 cernens

55 3582 211 3668 populum
234 3583 388 3659 liberavit,
413 3585 501 3647 cuius
526 3584 631 3669 gratia
653 3585 710 3649 illa
733 3584 909 3668 periculum
931 3586 1081 3650 subierat.
1253 3575 1257 3581 ⁴

123 3736 141 3790 9
159 3735 203 3788 Ps.
218 3736 260 3800 23,
275 3737 297 3789 l.
317 3767 351 3775 —
370 3736 403 3790 20
421 3735 518 3790 Iudith
530 3737 547 3791 8
558 3754 618 3804 sqq.
638 3767 672 3777 -
691 3738 725 3791 25
745 3737 847 3791 Esther
860 3738 884 3790 7.
898 3738 922 3791 8.
941 3770 976 3777 -
994 3741 1026 3793 27
1039 3738 1142 3793 Esther
1152 3739 1177 3799 4,
1194 3739 1234 3792 16.

55 3859 127 3914 iiten
148 3858 216 3913 1898
234 3877 261 3927 p.
282 3858 421 3912 470-486
439 3859 632 3912 demonstrare
662 3856 774 3912 Celsum
793 3859 818 3923 l,
839 3861 871 3913 31
901 3859 954 3927 (ed.
982 3858 1085 3911 Bened.
1104 3857 1155 3921 IV,
1177 3861 1233 3915 153.

55 3950 174 4000 conatus
194 3950 252 4008 est,
281 3951 392 4014 patrem
417 3947 633 4015 presbyterosa
661 3945 719 4000 393.
739 3948 802 4007 541;
821 3946 841 4011 Ι,
861 3947 932 4012 349).

54 4034 200 4090 seditiosis
213 4035 394 4104 impugnatos
407 4050 514 4104 rogare,
534 4036 566 4087 nt
579 4034 632 4086 dis·
696 4035 719 4086 2.
739 4033 859 4101 noticiae
882 4031 912 4089 ἐν
936 4035 1001 4102 ἡμῖν
1025 4032 1096 4102 κτλ]
1122 4050 1178 4086 non
1198 4032 1236 4085 ad

55 4124 196 4177 cederent.
222 4120 360 4187 Equidem
371 4120 633 4188 interpretationem
660 4122 801 4177 Romanos
821 4120 956 4191 gentiles,
982 4122 1014 4172 ut
1039 4119 1166 4172 nonnulli
1185 4137 1234 4188 pu·

55 4215 183 4265 veterem
193 4212 300 4262 rectam
314 4207 411 4270 habeo,
431 4207 561 4274 idemque
573 4222 632 4260 sen·
660 4212 800 4272 taverunt,
814 4206 864 4260 sed
877 4205 1047 4260 christianos
1057 4206 1235 4260 referendum

54 4298 91 4351 tit
111 4295 261 4358 Humack,
289 4296 368 4350 Teate
393 4296 452 4349 arrd
474 4295 632 4349 000180611-
661 4300 712 4350 est.
750 4295 791 4350 cf.
821 4294 900 4347 Rom.
920 4294 965 4355 16,
984 4294 1013 4354 4;
1044 4292 1116 4347 Phil.
1136 4293 1164 4358 2,
1185 4295 1236 4356 30;

53 4402 153 4455 angen,
172 4384 258 4438 NF.
279 4381 311 4446 V,
332 4384 348 4436 3
368 4382 467 4450 (1900),
486 4381 597 4435 76-80.
661 4382 757 4436 const.
776 4398 820 4450 ap.
844 4379 883 4441 V,
905 4382 927 4434 l.
954 4411 989 4418 —
1017 4377 1173 4452 ἐψώμισαν]
1193 4382 1235 4436 01.

90 4470 145 4536 LV,
169 4472 190 4524 l.
212 4470 337 4540 Respicit
362 4470 438 4524 hunc
462 4470 554 4524 locum
573 4469 632 4524 Ori·
660 4469 754 4523 ICor.
775 4468 814 4529 13,
835 4470 858 4522 3.

54 4575 142 4630 genes
160 4558 193 4611 ln
204 4558 300 4612 loann.
314 4558 351 4612 Vl
371 4575 392 4611 o.
403 4560 449 4620 36;
469 4557 505 4611 of.
516 4556 633 4612 XXVIII
695 4556 772 4610 4-6.
792 4554 877 4610 Clam.
890 4553 933 4607 Al.
947 4553 1047 4608 Strom.
1061 4554 1109 4618 IV,
1130 4555 1170 4619 19,
1186 4554 1236 4611 120

54 4663 80 4700 c.
100 4649 147 4709 14;
167 4645 199 4700 In
219 4663 261 4714 ep.
281 4644 318 4698 ad
336 4645 414 4700 Rom.
433 4645 472 4699 IV
491 4662 512 4699 c
535 4646 583 4707 11;
601 4645 630 4700 0.
661 4658 702 4709 sq.
721 4659 748 4711 p.
767 4642 826 4696 611.
