2834 5018
179 343 243 407 154
644 337 658 392 I
677 336 883 393 CLEMENTIS

177 513 292 598 ἐνδόξῳ
316 515 443 597 ὀνόματι
473 512 708 598 κεκοσμημένη,
742 513 909 577 ἐκέλευσεν
931 517 1002 589 τοὺς
1029 512 1154 576 δώδεκα
1176 512 1355 596 φυλάρχους

176 628 395 703 προσενεγκεῖν
424 620 509 702 αὐτῷ
536 617 668 703 ῥάβδους
699 617 965 703 ἐπιγεγραμμένας
995 617 1129 701 ἑκάστης
1159 618 1261 702 φυλης
1285 614 1356 679 κατ’

177 724 291 805 όνομα·
324 724 377 785 καί
407 721 514 807 λαβὼν
537 724 633 798 αὐτάς
662 723 772 807 ἔδησεν
795 724 849 785 καί
882 723 1069 806 ἐσφράγισεν
1091 731 1154 797 τοῖς
1177 720 1353 796 δακτυλίοις

175 835 238 890 τῶν
262 826 442 910 φυλάρχων,
465 828 518 890 καί
542 826 681 892 ἀπέδετο
704 828 801 900 αὐτάς
824 827 867 902 εἰς
889 829 945 910 τὴν
969 828 1086 910 σκηνὴν
1108 836 1163 889 τοῦ
1187 825 1353 911 μαρτυρίου

149 931 226 995 ιέπί
249 934 304 1015 τὴν
335 931 493 1014 τράπεζαν
515 941 569 993 τοῦ
593 934 682 996 θεοῦ.
728 935 758 998 3.
782 933 836 994 καί
858 931 986 1006 κλείσας
1010 933 1065 1013 τὴν
1094 931 1212 1014 σκηνὴν
1236 929 1352 1012 ἐσφρά-

175 1057 262 1120 γισεν
284 1039 340 1110 τάς
362 1035 487 1112 κλεῖδας
510 1035 659 1111 ὡσαύτως
680 1038 734 1098 καί
756 1038 812 1111 τὰς
828 1035 971 1120 ῥάβδους,
997 1040 1026 1102 4.
1050 1036 1103 1097 καί
1127 1033 1211 1097 εἰπεν
1232 1036 1352 1109 αὐτοῖς·

175 1139 305 1223 Ἀνδρες
328 1139 474 1222 ἀδελφοί,
503 1137 539 1224 ης
563 1141 601 1203 ἂν
624 1140 724 1224 φυλῆς
745 1140 765 1224 ἡ
788 1140 901 1226 ῥάβδος
924 1140 1101 1227 βλαστήση,
1124 1138 1240 1223 ταύτην
1264 1136 1352 1201 ἐκλέ-

175 1243 284 1308 λεκται
307 1245 324 1308 ό
347 1246 424 1320 θεὸς
447 1245 489 1320 εἰς
510 1246 547 1307 τό
571 1245 736 1328 ἱερατεύειν
759 1247 813 1308 καί
837 1245 1026 1330 λειτουργεῖν
1047 1247 1143 1328 αὐτῷ.
1182 1247 1211 1310 5.
1235 1243 1352 1325 πρωίας

175 1348 210 1411 δέ
232 1349 399 1433 γενομένης
423 1348 630 1412 συνεκάλεσεν
653 1350 755 1412 πάντα
777 1351 831 1413 τὸν
856 1349 993 1434 Ἰσραήλ,
1016 1353 1072 1426 τάς
1088 1348 1253 1427 ἑξακοσίας
1275 1347 1352 1431 χιλι-

135 1472 161 1511 io
175 1452 253 1528 άδας
275 1464 337 1518 τῶν
364 1454 501 1536 ἀνδρῶν,
533 1455 587 1515 καί
611 1451 789 1531 ἐπεδείξατο
817 1463 881 1530 τοῖς
904 1453 1075 1537 φυλάρχοις
1101 1456 1156 1528 τὰς
1179 1453 1351 1536 σφραγῖδας

173 1559 227 1620 καί
250 1557 370 1639 ἤνοιξεν
392 1560 448 1640 τὴν
471 1560 589 1642 σκηνὴν
611 1568 667 1621 τοῦ
690 1558 858 1641 μαρτυρίου
880 1560 934 1622 καί
956 1558 1099 1640 προεῖλεν
1121 1560 1177 1633 τὰς
1200 1556 1350 1642 ῥάβδους·

173 1664 227 1725 καί
256 1662 415 1748 εόρίθηη
445 1662 557 1748 ῥάβδος
581 1661 705 1744 Ἀαρὼν
732 1665 769 1726 οὐ
800 1663 895 1746 μόνον
919 1662 1168 1748 βεβλασιηκυῖα,
1192 1661 1350 1725 ἀλλὰκαὶ

173 1769 294 1850 καρπὸν
325 1768 452 1851 ἔχουσα.
500 1770 529 1833 6.
553 1767 582 1830 τί
616 1767 753 1846 δοκεῖτε,
787 1768 959 1852 ἀγαπητοί;
993 1769 1029 1831 οὐ
1059 1767 1185 1851 προῄδει
1216 1765 1351 1850 Merop

172 1882 264 1935 τοῦτο
287 1873 410 1956 μέλλειν
433 1874 583 1948 ἐσεσδαις
617 1871 752 1954 μάλιστα
774 1871 857 1954 ᾐδει·
893 1870 965 1934 ἀλλ’
988 1872 1040 1935 ἵνα
1062 1874 1103 1954 μὴ
1132 1870 1351 1933 ἀκαταστασία

134 1994 159 2033 ιι
173 1975 299 2061 γένηται
330 1977 363 2040 ἐν
393 1983 436 2058 τῷ
461 1975 604 2060 Ἰσραήλ,
637 1980 736 2052 οῦτως
765 1975 929 2062 ἐποίησεν,
963 1978 1005 2052 εἰς
1033 1978 1068 2039 τὸ
1097 1975 1294 2060 δοξασδηναι
1317 1977 1351 2038 τό

173 2083 272 2164 ὄνομα
294 2092 348 2145 τοῦ
375 2082 529 2166 ἀληθινοῦ
556 2085 610 2146 καί
633 2082 729 2166 μόνου
753 2084 849 2147 θεοῦ·
879 2079 903 2165 ᾤ
926 2081 947 2165 η
969 2080 1045 2159 δόξα
1068 2081 1110 2156 εἰς
1140 2083 1212 2156 τοὺς
1235 2081 1350 2155 αἰῶνας

172 2194 235 2250 τῶν
257 2185 389 2250 αἰώνων.
435 2185 526 2270 ἀμήν.

260 2293 371 2358 XLIV.
396 2290 459 2355 Καί
483 2291 511 2355 οἱ
534 2290 702 2354 ἀπόστολοι
725 2291 814 2375 ἡμῶν
829 2292 971 2375 ἔγνωσαν
993 2289 1045 2352 διὰ
1060 2297 1114 2351 τοῦ
1137 2287 1247 2370 κυρίου
1262 2287 1350 2372 ἡμῶν

173 2393 277 2479 Ἰησοῦ
300 2394 454 2477 Χριστοῦ,
488 2398 534 2459 δτι
556 2397 618 2479 ἐρις
640 2396 727 2458 ἔσται
757 2395 807 2458 ἐπὶ
830 2403 885 2458 τοῦ
909 2393 1059 2477 ὀνόματος
1089 2401 1143 2476 της
1166 2390 1349 2475 ἐπισκοπῆς.

132 2514 159 2552 ²⁰
173 2502 202 2565 2.
227 2498 415 2585 διὰταύτην
438 2497 492 2563 οὖν
515 2502 570 2582 τὴν
593 2499 695 2563 αἰτίαν
725 2499 900 2584 πρόγνωσιν
923 2496 1084 2582 εἰληφότες
1113 2495 1236 2560 τελείαν
1259 2494 1351 2559 κατέ-

173 2623 292 2687 στησαν
314 2606 386 2678 τοὺς
408 2603 646 2689 προειρημένους
669 2606 723 2667 καί
748 2603 863 2687 μεταξὺ
887 2603 1035 2685 ἐπινομὴν
1046 2599 1231 2681 δεδώκασιν,
1256 2603 1349 2680 ὅπως,

172 2703 227 2769 ἐὰν
258 2708 474 2790 κοιμηδῶσιν,
508 2706 708 2784 διαδέξωνται
742 2708 840 2790 ἕτεροι
871 2705 1127 2790 δεδοκιμασμένοι
1157 2705 1268 2788 ἄνδρες
1296 2707 1350 2788 την

241 2862 257 2915 3
275 2858 359 2927 αότὸς
377 2860 404 2913 Η
419 2862 424 2929 Ι
440 2858 607 2934 ἐσφράγισεν
619 2861 653 2931 -Ι-
666 2882 697 2919 εν
715 2861 741 2914 Η
758 2862 762 2933 Ι
784 2864 800 2916 6
818 2861 936 2935 ῥάβδους
948 2881 955 2914 ι
968 2862 1058 2936 θύρας
1076 2862 1093 2916 S
1118 2861 1124 2930 Ι
1147 2861 1164 2916 9
1182 2861 1279 2928 cdv>
1297 2859 1324 2914 Η
1343 2862 1347 2917 ἶ

173 2948 204 3002 10
223 2945 344 3014 ἐπέδειξε
362 2945 389 2999 Η
404 2946 408 3014 Ι
427 2947 458 3002 15
477 2947 516 3016 εἰς
534 2949 567 3006 τὸ
586 2944 716 3006 Αιῶστε
735 2950 761 3003 H
776 2951 780 3020 Ι
799 2950 831 3005 16
849 2956 920 3008 θεοῦ
938 2950 1085 3022 δικυρίου
1103 2949 1137 3013 Η,
1158 2948 1256 3003 deficit
1275 2950 1349 3014 Δ.>

171 3034 192 3087 L
210 3033 309 3102 Knopf
323 3034 327 3104 Ι
345 3033 377 3088 19
395 3032 440 3090 ἐπὶ
458 3037 502 3088 A:
515 3041 578 3107 περὶ
597 3036 664 3090 HLs
678 3036 716 3106 (ἰ)
733 3038 736 3104 Ι
752 3035 785 3089 21
804 3034 938 3108 ἐπινομὴν
956 3038 1003 3091 AL
1021 3037 1136 3106 (legem)
1149 3055 1155 3088 ι
1169 3033 1304 3106 ἐπιδομὴν
1315 3033 1348 3096 Η,

170 3119 215 3178 ἐπὶ
232 3126 347 3192 δοκιμὴν
365 3120 409 3174 vel
427 3125 477 3192 γιῇ
495 3123 513 3175 S
529 3123 533 3193 Ι
549 3123 700 3181 δεδώκασιν
719 3139 763 3177 cm
777 3143 784 3176 ι
796 3130 932 3181 εδωκασιν
949 3126 982 3187 Α,
1001 3120 1108 3182 ἔδωκαν
1126 3124 1154 3178 Η
1173 3123 1178 3193 Ι
1201 3123 1236 3177 22
1255 3121 1349 3193 ἐὰν-Ι-

169 3228 242 3274 τινες
260 3207 305 3261 HS
322 3208 326 3278 Ι
342 3203 484 3280 άνδρες>
503 3209 529 3262 Η

169 3331 348 3400 McngeyIL
369 3331 436 3399 162).
465 3361 499 3370 —
527 3332 654 3401 ὀνόματι]
683 3331 701 3384 i.
721 3348 743 3385 e.
771 3342 822 3390 νοῦ
838 3335 908 3404 κτλ]
928 3334 970 3388 Of.
990 3332 1085 3388 Ioann.
1107 3335 1148 3395 17,
1167 3334 1191 3388 3.
1217 3363 1254 3372 -
1271 3333 1348 3397 θεοῦ]

169 3417 263 3472 officio
283 3417 444 3480 sacerdotii,
466 3419 500 3471 cf.
519 3420 561 3479 44,
582 3418 604 3471 1.
772 3420 840 3474 Cum
859 3422 932 3474 hunc
949 3437 1048 3475 vocem
1065 3420 1111 3474 vel
1136 3435 1237 3473 vocem
1253 3421 1350 3491 κυρίου

204 3505 227 3558 6.
247 3505 446 3558 Huncversum
456 3509 484 3558 et
492 3507 655 3571 sequentem
662 3504 744 3574 (4121)
771 3508 864 3577 spatio
878 3508 965 3561 etiam
982 3505 1071 3561 codex
1083 3507 1108 3558 A
1125 3510 1274 3576 agnoscat,
1292 3511 1348 3560 tres

169 3592 307 3658 tanquam
331 3590 470 3661 epistulae
496 3608 517 3643 s.
537 3591 688 3645 Clementis
708 3591 745 3644 ud
771 3597 858 3648 testes
874 3611 940 3664 ergo
953 3592 1141 3655 consentiant,
1159 3608 1216 3646 vox
1227 3592 1348 3646 retinen·

171 3676 331 3732 Corinthios
365 3678 563 3747 depromptum
590 3678 744 3746 paraphro·
771 3682 808 3735 da
834 3698 895 3734 esse
922 3680 1043 3734 videtur.
1088 3679 1207 3732 Latinus
1235 3679 1349 3748 quidem

170 3763 241 3817 stice
250 3765 475 3819 laudatloannes
491 3763 626 3817 diaconus
641 3763 743 3833 Expos.
771 3784 833 3821 eam
846 3767 950 3829 omisit,
970 3772 998 3821 et
1010 3766 1123 3820 facilius
1136 3768 1181 3819 est
1192 3765 1347 3826 intellectu,

169 3849 200 3902 in
217 3849 447 3918 Heptateuchum
466 3852 549 3921 (saec.
567 3849 624 3918 Vl).
659 3851 743 3921 Frug-
771 3871 832 3907 eam
851 3854 978 3908 additum
997 3870 1082 3920 quom
1102 3852 1228 3907 deletum
1246 3853 1347 3913 fuisoe;

170 3941 294 3990 mentum
312 3938 357 3992 vel
375 3937 467 3992 locum
480 3938 636 4008 allegatum
654 3937 745 3990 edidit
771 3940 819 3992 sed
832 3939 919 3993 etiam
931 3939 991 3993 fieri
1004 3941 1107 4009 potuit,
1126 3943 1159 3994 ut
1172 3957 1229 3995 vox
1247 3941 1277 3993 in
1290 3955 1347 3993 ver-

169 4021 254 4084 Piens
274 4024 455 4094 Spicilegium
465 4024 639 4079 solesmense
649 4023 669 4085 Ι,
680 4025 743 4086 293;
771 4025 849 4079 sione
875 4027 920 4079 vel
951 4028 980 4079 in
1011 4027 1167 4096 exemplari
1199 4025 1347 4096 interpreti

171 4108 321 4176 Lightfoot
333 4113 352 4174 Ι,
368 4111 425 4166 187.
461 4108 534 4163 Num
553 4111 743 4165 Ioannestex-
769 4112 916 4182 proposito
935 4129 1003 4166 casu
1032 4113 1129 4180 ulique
1156 4115 1345 4169 evanesceret.

168 4199 229 4248 tum
248 4213 379 4266 graecum
402 4196 504 4265 legerit
526 4214 562 4250 un
586 4198 743 4252 versionem
770 4200 910 4263 Hernack‚
932 4201 1010 4254 Tecto
1026 4201 1086 4255 und
1100 4199 1346 4270 Untereuctonpen,

166 4280 296 4344 tatinum,
316 4298 372 4335 non
390 4281 486 4349 liquet.
513 4314 548 4322 —
574 4293 625 4341 τοῦ
648 4283 743 4354 άληθι-
770 4285 807 4339 N.
827 4285 860 4338 F.
880 4284 911 4347 V,
926 4286 942 4337 3
960 4286 1058 4356 (1900),
1078 4286 1191 4350 70-76,
1211 4299 1345 4354 aequeuc
