2834 5018
204 348 269 414 230
623 345 765 402 IGNATII
783 344 961 400 EPISTULA

205 525 335 604 θρωπον
360 520 481 608 Ἰησοῦν
511 521 666 604 Χριστόν,
698 522 732 586 ἐν
761 533 799 607 τη
828 525 924 586 αύτοῦ
955 523 1054 585 πίστει
1086 524 1139 584 καί
1167 520 1200 584 ἐν
1223 530 1262 604 τη
1287 521 1382 583 αύτοῦ

204 626 321 710 ἀγάπη,
354 626 387 690 ἐν
410 628 508 693 πάθει
531 628 626 689 αύτοῦ
649 628 702 689 καί
730 628 913 690 ἀναστάσει·
947 633 977 693 2.
1001 627 1136 710 μάλιστα
1159 626 1214 688 ἐὰν
1238 626 1255 688 ὁ
1278 625 1383 707 κύριός

203 751 255 814 μοι
278 729 479 814 ἀποκαλύψῃ,
504 732 549 793 ὅτι
573 730 602 793 οί
624 729 695 792 κατ’
718 731 815 813 ἀνδρα
837 741 927 815 κοινῇ·
949 732 1062 806 πάντες
1085 730 1118 794 ἐν
1140 731 1242 813 χάριτι
1266 729 1300 806 ἐξ
1316 730 1382 792 ἀνύ-

204 856 301 919 ματος
323 834 518 917 συνέρχεσθε
538 834 572 898 ἐν
595 844 650 919 μιᾷ
672 834 772 898 πίστει
794 837 848 898 καί
872 836 905 899 ἐν
929 835 1033 920 Ἰησοῦ
1057 835 1199 918 Χριστῷ,
1224 843 1272 919 τῷ
1297 836 1381 899 κατὰ

176 941 316 1024 ισάρκα
339 941 377 1004 ἐκ
399 942 518 1023 γένους
540 939 653 1020 Δαυίὸ,
677 948 720 1024 τῷ
745 941 801 1024 υίῷ
826 940 997 1024 ἀνθρώπου
1019 942 1073 1003 καί
1089 940 1145 1023 υἱῷ
1169 943 1259 1019 θεοῦ,
1285 940 1329 1016 εἰς
1348 942 1381 1002 τδ

203 1043 373 1107 ὑπακούειν
402 1045 481 1127 ὑμᾶς
504 1052 548 1127 τῷ
579 1044 740 1130 ἐπισκύπῳ
762 1048 816 1108 καί
846 1054 889 1129 τῷ
917 1045 1125 1131 πρεσβυτερίῳ
1159 1044 1380 1127 ἀπερισπάστῳ

203 1147 334 1231 διανοίᾳ,
358 1149 413 1212 ένα
437 1151 529 1231 ἀρτον
552 1150 704 1230 κλῶντες,
736 1152 770 1225 ὃς
792 1148 875 1214 ἐστιν
899 1151 1064 1233 φάρμακον
1087 1149 1276 1228 ἀθανασίας,
1301 1148 1380 1212 ἀντί-

203 1251 293 1327 δοτος
317 1262 371 1315 τοῦ
395 1256 436 1337 μὴ
460 1254 645 1333 ἀποθανεῖν,
669 1253 751 1317 ἀλλὰ
774 1255 831 1338 ζῆν
855 1256 887 1319 ἐν
912 1255 1016 1340 Ἰησοῦ
1032 1254 1158 1336 Χριστῷ
1181 1255 1233 1316 διὰ
1255 1253 1380 1328 παντύς.

292 1358 377 1424 XXI.
401 1356 588 1442 Ἀντίψυχον
610 1359 697 1443 ὑμῶν
720 1359 783 1443 ἐγὼ
806 1361 859 1422 καί
877 1356 920 1423 ῶν
944 1358 1103 1441 ἐπέμψατε
1127 1359 1169 1432 είς
1189 1361 1269 1424 θεοῦ
1293 1360 1380 1442 τιμὴν

164 1485 189 1522 ιο
204 1461 246 1536 εἰς
268 1460 432 1545 Σμύρναν,
466 1464 543 1530 ὅθεν
566 1465 619 1526 καί
642 1463 753 1546 γράφω
775 1463 862 1546 ύμῖν,
887 1464 1079 1545 εὐχαριστῶν
1102 1469 1145 1544 τῷ
1169 1461 1278 1545 κυρίῳ,
1302 1463 1380 1546 ἀγα-

203 1574 271 1629 πῶν
295 1565 504 1650 Πολύκαρπον
528 1567 570 1643 ὡς
598 1569 651 1629 καί
675 1566 763 1650 ὑμᾶς.
809 1565 1016 1651 μνημονεύετέ
1038 1588 1116 1650 μου,
1151 1565 1193 1640 ὡς
1216 1567 1272 1628 καί
1296 1567 1379 1649 ὑμῶν

204 1668 326 1756 Ἰησοῦς
358 1669 503 1753 Χριστός.
559 1676 588 1738 2.
619 1671 836 1754 προσεύχεσθε
865 1672 942 1753 ύπέρ
977 1682 1031 1755 τῆς
1063 1670 1234 1755 ἐκκλησίας
1265 1681 1321 1755 τῆς
1349 1670 1379 1732 ἐν

202 1774 309 1861 Συρίᾳ,
333 1779 411 1843 ὅθεν
435 1777 596 1862 δεδεμένος
619 1777 662 1852 είς
686 1775 810 1861 Ῥώμην
827 1777 997 1861 ἀπάγομαι,
1021 1778 1153 1859 ἔσχατος
1170 1777 1214 1839 ὢν
1238 1786 1302 1841 τῶν
1319 1774 1380 1838 ἐκεῖ

201 1889 336 1958 πιστῶν,
361 1882 467 1963 ὥσπερ
495 1880 636 1966 ἠξιώθην
659 1881 702 1956 είς
733 1883 822 1964 τιμὴν
851 1883 931 1946 θεοῦ
959 1881 1135 1964 εύρεθηναι.
1181 1881 1328 1962 ἔρρωσθε
1349 1878 1379 1942 ἐν

164 2008 188 2045 ιι
203 1985 272 2066 θεῷ
295 1986 387 2066 πατρί
409 1987 463 2048 καὶ
486 1985 519 2049 ἐν
543 1983 647 2070 Ἰησοῦ
670 1983 807 2067 Χριστῷ,
830 1994 869 2068 τῷ
891 1994 981 2068 κοινῇ
1004 1984 1103 2047 ἐλπίδι
1126 1983 1225 2067 ἡμῶν.

695 2309 897 2317 ----

567 2557 822 2609 mmmmm
841 2557 1010 2609 ΙΓΝΛΤΙΟΣ.

290 2731 458 2817 Ἰγνάτιος,
491 2734 508 2797 δ
539 2735 591 2796 καί
615 2731 790 2815 Θεοῳύρος,
822 2741 860 2815 τη
890 2729 1081 2815 εὐλογημένη
1112 2729 1144 2794 ἐν
1167 2731 1272 2813 χάριτι
1301 2734 1377 2796 θεοῦ

330 2839 447 2920 πατρὸς
475 2836 507 2901 ἐν
530 2835 657 2919 Χριστῷ
687 2834 791 2920 Ἰησοῦ
815 2842 858 2918 τῷ
889 2845 1003 2918 σωτῆρι
1032 2834 1134 2919 ἡμῶν,
1169 2834 1202 2896 ἐν
1227 2832 1251 2918 ᾧ
1282 2833 1378 2897 ἀσπά-

332 2941 424 3024 ζομαι
458 2944 513 3024 τὴν
547 2940 717 3025 ἐκκλησίαν
751 2943 807 3024 τὴν
840 2936 937 3003 ούσαν
972 2939 1004 3003 ἐν
1038 2939 1206 3024 Μαγνησίᾳ
1235 2949 1274 3023 τῇ
1304 2939 1377 3020 πρὸς

160 3061 186 3098 20
332 3042 500 3129 Μαιάνδρῳ
528 3047 581 3108 καί
605 3048 736 3129 εὔχομαι
764 3044 796 3107 ἐν
820 3047 887 3126 θεῷ
915 3047 1006 3126 πατρί
1039 3046 1091 3107 καί
1116 3042 1148 3106 ἐν
1171 3041 1276 3128 Ἰησοῦ
1299 3040 1376 3123 Χρι-

331 3158 395 3233 στῷ
419 3150 550 3213 πλεῖστοι
572 3149 700 3232 χαίρειν.

288 3309 312 3374 Ι.
343 3307 439 3384 Γνοὺς
473 3309 559 3393 ύμῶν
592 3312 627 3372 τὸ
661 3309 893 3373 πολυεύτακτον
927 3318 981 3393 τῆς
1016 3311 1097 3371 κατὰ
1130 3308 1209 3373 θεὸν
1244 3305 1375 3390 ἀγάπης,

201 3412 436 3497 ἀγαλλιῶμενος
466 3411 653 3498 προειλόμην
681 3413 714 3476 ἐν
742 3413 842 3476 πίστει
865 3411 968 3497 Ἰησοῦ
990 3411 1128 3495 Χριστοῦ
1160 3408 1377 3493 προσλαλῆσαι

270 3569 472 3644 θάποκαλύψη
498 3568 541 3628 ὅτι
569 3568 776 3639 GL(A):o'znox.
802 3590 825 3627 τι
848 3569 925 3622 Ζοίιιι
941 3569 977 3636 14
995 3565 1025 3624 ἐν
1045 3583 1091 3619 see
1110 3561 1264 3620 ῦῦειιὲνι
1282 3562 1376 3617 Τίιοού

200 3657 316 3727 Lightf„
336 3659 365 3710 in
384 3676 440 3713 uno
460 3657 511 3713 Gel
527 3659 531 3725 ί
548 3661 563 3713 7
580 3664 704 3725 κλῶντος
723 3658 799 3727 G19
817 3649 858 3713 ὧν
877 3654 961 3726 gtb'v
979 3654 1061 3709 GLAl
1078 3653 1082 3722 Ι
1100 3657 1130 3708 11
1150 3657 1196 3709 καί
1221 3655 1314 3720 see>
1331 3651 1352 3704 L
1372 3658 1375 3717 ί

203 3746 236 3799 16
255 3744 391 3817 Ἰγνάτιος
405 3745 452 3800 GL
465 3765 471 3798 ι
485 3748 520 3813 >
532 3747 576 3815 Ag
591 3745 595 3815 ί
614 3746 646 3801 18
664 3749 778 3821 Χριστῷ
797 3744 888 3816 Ἰησοῦ
899 3743 966 3810 LAg
979 3762 984 3793 ι
998 3741 1064 3812 Ἰησ.
1083 3745 1136 3812 Χρ.
1150 3739 1175 3794 G
1191 3740 1195 3810 Ι
1211 3741 1376 3811 mogi

200 3832 234 3888 23
252 3835 422 3904 προειλόμην
441 3831 669 3905 ίάιπροειλάμην
687 3852 706 3903 g
725 3832 831 3904 Lightf.

199 3971 264 4008 nem
283 3955 320 4008 ad
339 3955 481 4010 Christum
499 3957 592 4020 refert,
613 3973 675 4009 cum
693 3955 774 4026 Igna·
802 3955 848 4018 IV,
867 3955 908 4008 82.
930 3953 1022 4007 GelaS.
1042 3952 1120 4005 Rom.
1141 3951 1183 4004 De
1195 3950 1308 4004 duabus
1321 3950 1379 4003 nat.

199 4042 257 4095 tius
276 4042 311 4095 de
330 4042 384 4096 fide
404 4059 437 4096 ac
456 4043 575 4097 caritate
592 4043 686 4097 <licere
699 4043 774 4097 vide·
802 4043 836 4095 cf.
856 4045 879 4097 7.
899 4042 915 4095 2
935 4043 993 4093 not.
1012 4041 1120 4109 Fragm.
1141 4056 1194 4105 syr.
1214 4038 1308 4093 Curet„
1328 4037 1378 4091 201

201 4130 281 4190 atur,
320 4146 405 4195 quam
435 4147 485 4185 nos
515 4130 546 4183 in
577 4147 640 4184 eum
670 4129 773 4184 habere
801 4146 850 4195 σιμ,
870 4130 920 4184 236
948 4125 1002 4194 (ὅτι
1020 4158 1056 4167 -
1079 4132 1168 4194 θεοῦ).
1198 4158 1232 4167 -
1259 4127 1380 4196 μάλιστα

201 4216 319 4281 oportet.
800 4216 870 4285 κτλ]
900 4215 1026 4269 Scribam
1053 4214 1132 4267 vobis
1162 4213 1318 4281 epistulam
1342 4212 1380 4266 al·

235 4302 258 4354 2.
278 4301 445 4357 Theodoret.
465 4302 603 4373 Dialog.I
621 4303 664 4358 ού
677 4303 773 4374 Migne
800 4306 907 4364 teram,
938 4300 1105 4372 praesertim
1132 4299 1156 4353 si
1174 4300 1235 4354 Deo
1264 4302 1381 4354 favente
