2834 5018
454 666 503 721 nn
524 664 604 720 coa
624 664 697 728 mx,
716 664 827 728 s-xn
850 668 890 721 11.
1198 672 1258 735 127

90 844 126 907 lis
148 844 368 929 longanimam
390 845 457 908 eius
479 844 674 907 voluntatem
696 843 884 907 intueamur.
930 843 1118 921 Videamus,
1144 852 1260 930 quant·

90 970 181 1032 opere
205 949 392 1014 clementem
415 971 448 1014 se
471 950 623 1033 praebeat
646 969 723 1032 erga
745 970 870 1012 omnem
893 954 1070 1013 creaturam
1094 973 1193 1015 suam.

172 1053 244 1117 XX.
269 1052 356 1118 Caeli
379 1053 607 1139 gubernatione
630 1054 696 1117 eius
720 1054 868 1118 commoti
891 1054 924 1116 in
947 1074 1025 1138 pace
1048 1054 1077 1117 ei
1099 1055 1259 1120 subiciun-

90 1162 152 1229 tur;
177 1159 208 1221 2.
233 1156 301 1221 dies
322 1157 418 1221 etiarn
442 1162 473 1221 et
489 1179 560 1235 nox,
584 1156 673 1221 nullo
695 1158 756 1221 sibi
779 1157 912 1222 invicem
927 1158 1160 1242 impedimento,
1185 1182 1259 1224 con·

91 1261 234 1325 stitutum
265 1262 365 1325 abeo
396 1284 521 1327 cursum
551 1262 728 1327 absolvunt.
774 1265 803 1327 3.
829 1262 939 1328 Solet
969 1264 1047 1328 luna
1069 1269 1100 1329 et
1123 1265 1286 1329 siderumr

91 1366 174 1430 chori
205 1368 378 1430 secundum
410 1367 476 1431 eius
498 1369 683 1431 mandatum
713 1367 780 1431 sine
803 1367 869 1432 ullo
900 1389 1005 1432 errore
1033 1369 1067 1433 in
1096 1369 1262 1433 concordia

90 1471 146 1535 sibi
169 1471 360 1535 constitutas
383 1471 604 1555 dispositiones
620 1471 776 1536 evolvunt.
823 1474 852 1535 4.
878 1471 976 1537 Terra
999 1473 1130 1557 gravida
1148 1495 1260 1538 secun·

91 1577 159 1639 dum
182 1576 251 1639 eius
275 1576 470 1640 voluntatem
493 1577 557 1640 suis
581 1575 776 1658 temporibus
792 1575 981 1655 hominibus,
1006 1577 1082 1642 feris
1105 1583 1137 1642 et
1159 1578 1260 1642 omni·

90 1680 160 1753 bus,
196 1702 278 1762 quae
302 1703 396 1764 super
427 1703 497 1744 earn
519 1687 607 1757 sunt,
642 1680 856 1746 animantibus
887 1681 1071 1746 alimentum
1096 1683 1259 1747 abundans

90 1784 218 1867 profert,
242 1806 305 1848 non
328 1785 490 1849 haesitans
513 1806 614 1868 neque
637 1789 763 1849 mutans
786 1786 958 1870 quidquam
974 1807 1090 1864 eorum,
1116 1809 1196 1872 quae
1220 1788 1259 1852 ab
1275 1809 1301 1845 ιο

89 1888 140 1951 illo
175 1890 305 1953 decreta
338 1894 420 1953 sunt.
479 1891 506 1952 5.
543 1888 740 1971 Abyssorum
774 1890 1010 1974 investigabilia
1043 1896 1074 1953 et
1113 1892 1262 1976 profundi

90 1993 315 2057 inenarrabiles
336 1994 553 2063 institutiones
569 1994 687 2057 eisdem
708 1993 834 2077 legibus
850 1994 1058 2058 continentur.
1106 1996 1134 2058 6.
1160 1995 1262 2060 Moles

89 2097 232 2161 immensi
255 2098 360 2173 maris,
385 2097 693 2182 perordinationem
716 2098 782 2161 eius
805 2098 837 2160 in
859 2098 1003 2162 cumulos
1030 2104 1260 2183 coagmentata,

90 2202 313 2285 circumposita
335 2203 395 2266 sibi
418 2202 558 2267 claustra
578 2224 643 2266 non
658 2201 898 2285 transgreditur,
923 2202 978 2265 sed
1000 2207 1095 2285 prout
1118 2203 1146 2266 ei
1168 2224 1261 2286 prae-

91 2309 177 2391 cepit,
203 2308 250 2371 ita
265 2307 351 2371 facit.
400 2308 427 2370 7.
452 2307 543 2370 Dixit
557 2307 658 2370 enim:
683 2310 754 2371 Huc
775 2327 879 2388 reaque
894 2315 1014 2388 rentes,
1037 2317 1070 2372 el
1084 2314 1119 2372 tn
1143 2317 1175 2372 le
1189 2315 1261 2390 ipso
1276 2331 1301 2367 u

90 2420 301 2477 conterentur
328 2417 450 2495 stractus
473 2419 532 2477 tui.
579 2413 608 2476 8.
634 2411 779 2476 Oceanus
808 2412 1054 2496 impermeabilis
1081 2412 1262 2476 hominihus

91 2522 119 2579 et
142 2517 198 2601 qui
221 2523 310 2580 trans
342 2517 447 2600 ipsum
471 2521 545 2580 sunt
575 2516 684 2580 mundi
707 2517 824 2579 eisdem
854 2517 971 2580 domini
1003 2517 1261 2600 dispositionibus

90 2621 313 2703 gubernantur.
359 2622 388 2685 9.
413 2621 546 2693 Vernae,
564 2621 711 2696 aestivae,
737 2619 935 2683 autumnales
959 2625 991 2683 et
1013 2620 1164 2685 hiemales
1179 2625 1261 2685 tem-

90 2731 226 2809 pestates
250 2726 282 2788 in
304 2747 381 2808 pace
406 2726 487 2789 aliae
510 2724 581 2789 aliis
605 2725 785 2789 succedunt.
834 2726 882 2789 10.
907 2725 1082 2789 Ventorum
1112 2727 1263 2790 stationes

90 2830 239 2913 peculiari
273 2853 330 2894 suo
364 2836 504 2914 tempore
538 2852 651 2894 munus
685 2852 777 2893 suum
811 2829 878 2893 sine
901 2830 1091 2894 offendiculo
1125 2830 1260 2903 obeunt;
1275 2849 1300 2888 ao

90 2934 190 2999 fontes
215 2935 311 2999 etiarn
333 2957 502 3019 perennes,
537 2935 577 2998 ad
599 2955 691 2997 usum
714 2939 747 2997 et
769 2933 937 2997 sanitatem
960 2934 1052 3011 facti,
1076 2934 1173 2998 ubera
1195 2934 1262 2998 sino

91 3040 211 3105 defectu
235 3040 275 3103 ad
297 3041 396 3104 vitam
417 3040 581 3104 hominum
604 3038 843 3102 sustentandam
865 3039 1034 3121 praebent3
1059 3042 1090 3101 et
1112 3038 1261 3102 animalia

90 3146 216 3210 minima
245 3145 278 3207 in
312 3165 390 3226 pace
420 3149 451 3208 et
484 3144 650 3208 concordia
680 3149 787 3209 coetus
817 3166 891 3209 suos
923 3145 1052 3209 faciunt.
1101 3147 1149 3209 11.
1175 3144 1262 3209 Haeo

157 3283 188 3338 17
208 3280 259 3335 Iob
278 3282 319 3345 38,
341 3283 379 3336 11.

91 3401 127 3465 38,
149 3405 193 3466 10;
212 3402 256 3455 Ps.
278 3401 335 3463 103,
356 3402 387 3464 9;
409 3403 465 3465 148,
484 3404 507 3457 6.
688 3404 758 3456 4do
776 3402 925 3455 Britannia
942 3406 1078 3468 tanquam
1101 3400 1168 3454 orbe
1187 3399 1264 3453 ultra

121 3492 145 3546 8.
183 3490 269 3544 Clem.
297 3491 339 3544 Al.
368 3491 467 3546 Strom.
496 3491 537 3551 V,
559 3491 608 3554 12,
628 3490 660 3545 81
689 3506 824 3544 oceanum
843 3489 897 3543 sito
920 3488 1051 3555 loquitur.
1087 3486 1170 3540 Plato
1190 3486 1260 3541 Tim.

90 3594 114 3645 p.
132 3580 190 3634 693.
213 3578 290 3646 Orig.
309 3577 352 3631 De
369 3577 458 3646 princ.
478 3577 509 3640 ll,
529 3579 552 3639 2,
566 3579 595 3637 6;
615 3577 660 3631 Se·
689 3577 730 3639 ⁶24,
751 3576 817 3630 crit.
831 3576 888 3638 108,
908 3576 942 3629 de
960 3574 1083 3637 Atlanti,
1102 3573 1195 3628 insula
1213 3574 1263 3627 im-

90 3662 159 3718 lecta
184 3666 215 3718 in
234 3664 333 3719 Erech.
353 3664 413 3728 8,3
440 3666 493 3733 (ed.
517 3664 620 3718 Bened.
640 3665 660 3725 l,
689 3680 786 3718 mensa
804 3663 879 3717 ultra
897 3662 1026 3716 Herculis
1046 3662 1188 3715 columnas
1207 3662 1263 3715 sita

90 3750 133 3814 82;
161 3753 208 3814 III,
228 3754 298 3821 422).
337 3751 450 3806 Hieron.
478 3752 522 3805 Ad
546 3751 616 3820 Eph.
637 3753 660 3814 2,
689 3768 722 3805 ac
745 3760 861 3821 propter
884 3750 956 3804 vitia
979 3749 1134 3803 incolarum
1161 3748 1262 3812 deleta,

90 3837 659 3908 2010311011571).0611861011
690 3838 842 3892 fabulatur.
888 3837 1038 3906 Reperitur
1065 3839 1159 3891 autern
1186 3836 1263 3904 apud

90 3924 161 3980 haer.
180 3926 214 3985 ll,
227 3927 270 3990 28,
285 3926 314 3988 2;
333 3926 447 3993 Dionys.
468 3925 509 3978 Al.
530 3942 573 3994 ap.
595 3923 659 3978 Eua.
689 3931 798 3980 veteres
824 3924 910 3978 etiam
935 3924 1011 3977 fama
1033 3923 1107 3977 orbis
1135 3922 1261 3976 occiden-

88 4010 119 4065 H.
137 4013 168 4067 Ε.
189 4012 221 4073 V,
240 4015 281 4076 21,
302 4015 330 4075 7;
359 4015 430 4081 Aug.
458 4012 500 4067 De
528 4013 578 4066 civ.
608 4011 661 4065 Dei
689 4010 757 4065 talis
776 4011 820 4065 vel
833 4011 978 4066 Americae
997 4010 1122 4073 obscura,
1143 4026 1261 4075 eamque

88 4097 158 4162 XVI,
178 4100 202 4153 9.
240 4100 293 4153 Hic
320 4099 398 4153 locus
425 4099 532 4168 primus
560 4103 602 4152 est
628 4116 661 4152 ex
690 4097 818 4152 Clemens
845 4098 984 4167 respicere
1011 4097 1131 4151 videtur.
1169 4096 1210 4151 Cf.
1229 4096 1261 4150 A.

88 4186 128 4250 iis,
147 4188 198 4256 qui
221 4186 398 4241 offenderunt
421 4186 553 4239 Photium
578 4185 660 4253 (Bibl
691 4185 725 4239 de
752 4185 922 4250 Humboldt,
952 4186 1077 4240 Exumm
1100 4187 1213 4255 critique
1231 4186 1263 4239 de

89 4274 145 4327 cod.
168 4274 235 4342 126).
266 4305 300 4312 -
324 4271 351 4330 ol
367 4272 430 4341 μετ’
447 4272 533 4329 αὐτὸν
549 4274 661 4342 κόσμοι]
690 4274 708 4326 l’
725 4274 786 4326 bist.
815 4274 847 4325 de
874 4274 901 4326 la
925 4273 1083 4341 pioprapbic
1110 4273 1162 4325 t.I
1188 4271 1262 4334 1836,

89 4360 193 4414 Plinius
213 4359 246 4412 N.
265 4360 299 4413 Η.
319 4360 366 4421 Vl,
385 4361 419 4414 22
437 4362 537 4421 refert,
557 4360 660 4428 Tapro·
690 4359 737 4412 ubi
757 4358 874 4412 collecto
902 4361 980 4417 sunt,
1006 4374 1078 4424 quae
1102 4359 1209 4411 veteres
1229 4356 1263 4410 de

88 4445 178 4502 banen
198 4447 228 4516 (i.
242 4464 264 4501 e.
284 4447 403 4501 insulam
426 4447 535 4517 (bylon)
554 4448 602 4500 diu
622 4447 660 4499 al·
689 4446 742 4497 hac
760 4462 790 4497 re
806 4445 1002 4513 opinabantur,
1021 4449 1050 4499 et
1059 4444 1209 4515 Lightfoot
1228 4444 1263 4497 ad

89 4538 177 4589 terum
196 4535 294 4589 orbern
312 4538 450 4588 terrarum
471 4534 661 4588 existimatam
673 4568 676 4653 p
689 4532 716 4585 h.
735 4530 752 4584 l.

89 4619 181 4687 fuisse,
201 4627 231 4676 et
249 4621 385 4691 Iosephus
404 4621 472 4674 Bell.
487 4620 545 4675 Iud.
567 4620 600 4683 11,
621 4622 660 4683 16,
726 4620 764 4674 10.
784 4619 894 4689 ἀνέμων
905 4621 1039 4691 stadam]
1050 4620 1093 4674 Cf.
1103 4620 1159 4674 lob.
1170 4620 1211 4683 28,
1220 4621 1261 4674 25.
