2834 5018
507 576 532 631 s.
551 576 692 633 renisu
710 576 918 632 sessuris.
1229 581 1300 647 LIX

112 758 223 833 ridetur,
248 761 297 821 ut
326 779 410 822 eum
427 756 464 821 de
486 757 547 822 fine
563 757 789 841 persecutionis
813 758 978 822 certiorem
994 758 1144 824 facerent.
1176 756 1299 822 Troade

115 863 182 927 euin
194 862 384 946 comperit,
409 861 574 926 ecclesiam
589 861 822 926 Antiochenam
838 884 951 946 pacem
966 862 1150 941 obtinuisse,
1175 867 1207 928 et
1220 862 1299 926 Phi·

116 966 334 1051 ladelphenses
360 968 496 1045 monuit,
519 971 557 1031 ut
579 967 746 1031 diaconum
769 967 902 1031 adeam
921 967 1084 1032 mitterent
1106 972 1137 1032 et
1161 968 1198 1032 de
1221 987 1299 1051 pace

118 1074 251 1136 restituta
277 1073 313 1137 ei
338 1072 579 1157 gratularentur
602 1070 739 1154 (Philad.
765 1071 829 1154 10).
876 1070 946 1148 Qua
968 1072 1001 1135 in
1028 1071 1107 1136 urbe
1129 1071 1300 1155 Neapolim

118 1176 315 1260 profecturus
350 1197 464 1240 navem
496 1177 677 1241 conscendit
709 1176 877 1259 (Polycd,
897 1176 928 1259 1)
961 1183 993 1243 et
1024 1176 1184 1262 Philippis
1216 1177 1300 1241 viam

118 1281 285 1365 Egnatium
311 1280 477 1364 ingressus
501 1285 549 1346 est
572 1279 625 1363 (cf.
644 1281 752 1364 Polyc.
777 1281 817 1345 ad
832 1280 973 1366 Philipp.
991 1282 1020 1360 9,
1039 1280 1081 1359 1).
1105 1281 1154 1345 De
1176 1281 1299 1364 reliquo

119 1386 222 1450 itinere
256 1384 347 1450 nihil
382 1386 460 1450 certi
490 1386 642 1450 traditum
675 1386 839 1451 habemus.
892 1385 1042 1451 Conicere
1076 1391 1181 1452 autem
1215 1386 1298 1461 licet,

120 1490 305 1556 Macedonia
329 1494 363 1554 et
384 1488 496 1572 Illyria
518 1510 632 1574 graeca
655 1495 827 1575 peragrata
846 1491 1017 1574 Epidamni
1040 1495 1096 1555 aut
1111 1489 1300 1575 Apolloniae

121 1617 187 1660 enm
208 1596 245 1659 in
267 1614 387 1659 navem
409 1595 585 1659 ascendisse
607 1599 639 1659 et
662 1595 840 1661 Bnmdusio
864 1596 1000 1661 Romam
1029 1595 1145 1661 iterum
1167 1595 1299 1680 pedibus

122 1701 288 1787 perexisse.
335 1698 432 1777 Acta,
467 1721 547 1783 quae
571 1703 643 1765 c.5
674 1701 832 1779 referunt,
866 1699 1031 1765 Adriatico
1062 1700 1300 1784 transnavigato

122 1829 189 1871 eum
211 1826 303 1870 mare
318 1804 519 1887 Tyrrhenum
541 1805 615 1870 nari
636 1805 816 1891 ingressum
839 1828 907 1871 esse
931 1810 962 1870 et
985 1805 1019 1869 in
1040 1803 1141 1869 Portu
1155 1804 1299 1869 Romano

121 1911 152 1975 in
173 1916 294 1976 terram
315 1909 446 1986 exiisse;
478 1909 620 1974 Puteolis
643 1931 715 1974 eum
737 1931 754 1974 e
777 1910 850 1974 navi
872 1910 1058 1974 descendere
1080 1909 1234 1984 voluisse,
1264 1913 1300 1972 ut

123 2015 153 2079 in
172 2016 284 2079 eadem
305 2015 359 2078 ria
388 2037 451 2099 qua
473 2014 593 2079 Paulus
616 2014 781 2098 apostolus
804 2015 940 2082 Romam
966 2015 1100 2092 veniret,
1130 2014 1184 2078 sed
1207 2019 1300 2079 vento

124 2119 299 2184 vehementi
322 2119 356 2184 in
380 2119 480 2183 altum
503 2119 666 2204 repulsum
688 2140 766 2193 esse,
790 2119 844 2183 vix
864 2119 926 2183 fide
950 2119 1046 2202 digna
1067 2122 1150 2182 sunt.

207 2222 372 2308 Ignatium
395 2224 528 2288 testibus
564 2223 708 2307 epistulis
730 2245 794 2288 nou
816 2224 915 2302 mari,
950 2224 1006 2288 sed
1027 2227 1113 2287 terra
1135 2221 1301 2305 Smyrnam

126 2328 311 2410 pervenisse,
337 2329 401 2392 iam
424 2327 581 2393 Eusebius
604 2328 692 2392 vidit.
739 2327 857 2393 Scribit
880 2329 964 2393 enim
987 2328 1027 2392 H.
1051 2328 1089 2392 E.
1113 2327 1169 2403 III,
1194 2328 1245 2405 36,
1263 2328 1300 2390 4;

128 2431 175 2491 καὶ
206 2429 244 2512 δὴ
275 2432 332 2513 τὴν
361 2427 402 2493 δι’
425 2429 535 2506 Ἀσίας
566 2431 757 2514 ἀνακομιδὴν
790 2429 857 2514 μετ’
889 2429 1131 2515 ἐπιμελεστάτης
1159 2437 1301 2513 φρουρῶν

130 2533 266 2617 φυλακῆς
287 2532 473 2616 ποιούμενος
504 2537 560 2610 τὰς
582 2537 665 2598 κατὰ
688 2533 778 2599 πάλιν
801 2532 849 2610 αίς
881 2534 1026 2618 ἐπεδήμει
1049 2534 1212 2618 παροικίας
1234 2542 1301 2609 ταῖς

130 2637 174 2700 διὰ
195 2637 299 2722 λόγων
315 2636 449 2720 ὁμιλίαις
472 2659 506 2701 τε
527 2641 581 2701 καί
601 2648 789 2722 προτροπαῖς
813 2638 1008 2722 ἐπιρρωννὺς,
1032 2639 1065 2703 ἐν
1087 2638 1220 2722 πρώτοις
1243 2638 1301 2721 μά-

130 2740 213 2805 λιστα
228 2740 507 2824 προφυλάττεσθαι
523 2744 578 2818 τὰς
594 2743 726 2826 αἱρέσεις
742 2746 810 2826 άρτι
826 2743 897 2807 τότε
912 2752 1035 2826 πρῶτον
1052 2742 1301 2820 ἐπιπολαζοὺσας

130 2846 271 2930 παρῄνει,
303 2845 477 2929 προῦτρεπέ
500 2867 534 2911 τε
556 2847 647 2931 ἀπρὶξ
670 2848 804 2931 ἔχεσθαι
827 2859 881 2932 τῆς
905 2857 967 2912 τῶν
990 2846 1175 2911 ἀποστόλων
1199 2867 1300 2929 παρα-

130 2949 247 3032 δόσεως,
271 2951 310 3035 ἣν
334 2951 411 3033 ὑπὲρ
439 2949 612 3033 ἀσφαλείας
634 2954 688 3016 καὶ
712 2952 876 3038 ἐγγράφως
898 2953 957 3038 ἤδη
988 2953 1215 3036 μαρτυρόμενος
1237 2953 1302 3016 δια-

132 3059 301 3122 mouebat
326 3057 497 3140 ἀναγκαῖον
520 3055 660 3141 ἡγεῖτοῑ.

694 3233 735 3299 II.

209 3372 373 3457 ignatium
389 3370 540 3456 Smyrnae
556 3378 589 3438 et
604 3373 726 3438 Troade
743 3376 989 3438 commorantem
1005 3375 1127 3456 septem
1148 3369 1302 3454 epistulas

130 3477 286 3561 scripsisse
316 3477 381 3541 iam
402 3476 559 3541 Eusebius
582 3478 687 3553 tradit,
711 3477 856 3562 idemque
884 3479 961 3542 duos
984 3476 1089 3558 (Rom.
1115 3477 1152 3551 53
1176 3474 1300 3558 Smyrn,

130 3582 154 3658 3,
180 3585 208 3646 1.
232 3583 267 3663 2)
290 3581 342 3646 vel
365 3587 429 3647 tres
460 3581 514 3664 (cf.
539 3582 623 3667 Eph.
650 3583 699 3661 19,
727 3580 758 3664 1)
790 3582 997 3666 epistularum
1024 3581 1111 3645 locos
1133 3580 1301 3645 transscri-

129 3684 200 3751 bens
223 3686 348 3771 prodit,
378 3687 554 3752 breviorem
578 3709 658 3771 quae
681 3687 797 3752 dicitur
818 3686 1033 3751 recensionem
1057 3706 1089 3749 se
1112 3706 1208 3749 manu
1230 3706 1301 3748 ver·

130 3815 220 3859 sasse.
268 3792 387 3858 Scribit
409 3794 493 3858 enim
509 3794 550 3858 H.
567 3794 605 3858 E.
622 3793 679 3871 ΙΠ,
697 3795 749 3870 36,
768 3791 788 3855 5
804 3812 891 3876 sqq.:
916 3791 997 3851 otro
1021 3787 1100 3870 δῆτα
1122 3785 1155 3850 ἐν
1178 3785 1302 3869 Σμύρνη
1404 3837 1406 3841 .

129 3895 300 3979 γενόμενος,
323 3895 406 3961 ἔνθα
429 3895 669 3979 ὁΠολὺκαρπος
691 3894 739 3981 ἦν,
763 3892 835 3978 μίαν
851 3893 907 3976 μὲν
930 3901 968 3975 τη
989 3893 1072 3954 κατὰ
1094 3892 1149 3973 τὴν
1164 3889 1302 3972 Ἔφεσον

130 3997 291 4084 ἐπιστολὴν
315 3998 469 4085 ἐκκλησίᾳ
484 4001 607 4085 γράφει,
629 3997 774 4083 ποιμένος
790 3999 885 4079 αὐτῆς
907 3995 1107 4079 μνημονεύων
1123 3991 1302 4079 Ὀνησίμου,

130 4103 232 4187 ἑτέραν
254 4104 290 4167 δὲ
317 4112 357 4188 τῇ
380 4103 413 4167 ἐν
436 4103 603 4189 Μαγνησίᾳ
633 4113 671 4188 τῇ
702 4104 777 4185 πρὸς
799 4099 985 4184 Μαιάνδρῳ,
1017 4100 1098 4166 ἔνθα
1120 4098 1214 4162 πάλιν
1239 4098 1303 4162 ἐπι-

130 4208 246 4271 nereo
268 4206 362 4292 Δάμα
393 4206 515 4291 μνήμην
538 4206 723 4291 πεποίηται,
755 4206 810 4268 καί
834 4213 872 4287 τη
895 4201 927 4266 ἐν
951 4201 1106 4286 Τράλλεσι
1136 4203 1170 4266 δὲ
1192 4201 1302 4286 ἀλλην,

196 4363 270 4419 lDe
297 4365 400 4419 itinere
425 4381 446 4418 s.
465 4362 571 4434 Ignatii
597 4361 633 4416 ef.
653 4361 704 4416 Th
732 4358 827 4421 Zahn‚
855 4358 980 4426 Ιρνιαίίαε
997 4373 1021 4410 ο.
1040 4358 1075 4410 Α.
1101 4373 1128 4426 p.
1147 4356 1301 4417 250-295;

131 4448 273 4521 Lightfoot
291 4452 317 4507 S.
337 4451 468 4522 Ignatius
487 4451 507 4513 1,
528 4450 644 4511 31-37;
673 4447 769 4511 rank,
798 4444 1067 4514 Kircbenyesctiettt
1086 4443 1323 4517 Arandunum

130 4537 184 4591 und
204 4538 440 4608 Untercucbunyen
458 4537 485 4591 11
504 4536 602 4607 (1899),
621 4536 768 4592 338-347.
