2834 5018
162 288 266 355 XCIV
611 280 893 337 raonaoouum.

164 463 199 528 G.
224 463 379 528 Volkmar
401 467 433 526 et
455 461 495 526 A.
519 460 707 546 Hilgenfeld
734 459 942 543 interpolatas
965 481 1033 524 esse
1062 462 1259 533 censuerunt,
1283 457 1337 521 iis·

164 589 225 652 que
247 568 375 632 resectis
398 567 494 630 etiam
524 566 696 650 epistulam
717 566 803 649 typis
833 566 1057 630 excuderunt¹.
1103 563 1233 628 atroci
1260 562 1337 627 alle·

163 672 241 758 gati,
264 677 301 736 ut
323 671 406 736 infra
421 672 552 756 patebit,
576 692 639 735 non
654 671 757 735 solum
781 693 852 735 cum
867 671 997 754 reliquis
1019 669 1174 754 epistulae
1192 668 1339 753 partibus

163 798 227 841 non
250 776 452 854 contendunt,
476 777 532 841 sed
554 776 662 861 potius
685 776 810 841 occasio
834 775 990 840 scribendi
1006 774 1121 852 deficit,
1145 775 1173 839 si
1195 794 1338 838 resecan-

163 886 224 945 tur.
270 881 396 945 Ritschl
412 882 624 965 Polycarpum
646 882 740 965 lapsu
762 880 908 945 Valentis
931 878 1109 964 presbyteri
1131 882 1167 942 ut
1190 877 1341 942 scriberet

164 989 357 1050 commotum
379 1007 447 1050 esse
469 991 571 1070 putat,
596 990 628 1050 et
650 986 882 1051 concedendum
905 989 962 1059 est,
979 983 1201 1067 Philippenses
1222 982 1256 1046 in
1271 981 1339 1065 epi·

164 1091 258 1168 stula,
284 1111 378 1173 quam
401 1091 431 1154 ei
451 1091 613 1167 miserant,
636 1091 723 1154 illius
746 1091 937 1155 mentionem
952 1088 1072 1153 fecisse.
1120 1085 1212 1150 Certe
1235 1089 1340 1150 autem

162 1195 221 1258 illa
243 1217 293 1260 res
316 1215 369 1258 eos
392 1195 432 1258 ad
455 1196 654 1260 scribendum
675 1217 740 1260 non
763 1195 924 1279 compulit,
948 1215 1051 1278 neque
1073 1193 1269 1276 Polycarpus
1290 1212 1340 1254 re·
1400 1253 1403 1257 .

164 1301 358 1383 spondisset,
391 1301 418 1364 si
441 1301 479 1364 de
503 1321 540 1363 ea
569 1299 638 1364 sola
661 1299 776 1364 certior
804 1300 909 1364 factus
932 1303 1024 1364 esset.
1071 1296 1139 1361 Aut
1170 1293 1341 1360 verisimile

164 1408 222 1481 est,
240 1426 312 1469 eum
334 1406 373 1469 de
389 1426 422 1468 re
444 1404 614 1489 principali
631 1404 712 1468 nihil
735 1404 820 1468 aliud
837 1405 961 1479 dixisse,
986 1427 1082 1488 quam
1104 1424 1138 1467 se
1160 1400 1342 1466 contristari

163 1530 222 1592 pro
244 1511 428 1593 presbytero
450 1510 597 1574 infelici?
631 1510 773 1586 Accedit,
797 1510 881 1594 quod
903 1509 1085 1574 testimonia
1107 1511 1249 1571 veterum
1272 1526 1341 1568 om·

164 1614 239 1678 nino
261 1614 441 1698 prohibent,
466 1616 633 1699 quominus
656 1616 696 1679 ad
718 1616 808 1680 illam
830 1616 1019 1680 sententiam
1042 1614 1236 1679 accedamus.
1260 1609 1341 1694 Epi·

164 1718 250 1782 stula
279 1718 363 1782 enim
393 1722 473 1782 teste
505 1719 634 1783 irenaeo
658 1741 683 1784 c.
709 1742 780 1782 ann.
807 1721 869 1784 180
899 1718 1120 1804 vulgatissima
1150 1717 1228 1791 fuit;
1260 1718 1342 1778 teste

164 1822 358 1906 Hieronymo
380 1823 414 1886 in
437 1823 576 1888 ecclesiis
600 1822 696 1887 Asiae
719 1823 980 1907 praelegabatur,
1010 1844 1112 1907 neque
1136 1820 1342 1886 erraverimus

165 1929 355 2005 statuentes,
380 1926 440 1991 hoc
463 1927 581 1991 honore
604 1927 759 1991 samiam
782 1928 865 1991 circa
887 1928 1025 1991 medium
1048 1925 1208 1990 saeculum
1230 1923 1263 1987 Π
1292 1922 1343 1987 vel

165 2031 252 2095 brevi
274 2036 348 2114 post
371 2033 493 2096 obitum
515 2031 687 2115 Polycarpi
711 2032 839 2115 dignam
861 2029 1006 2095 habitam
1028 2031 1134 2095 fuisse.
1181 2027 1216 2093 si
1239 2028 1341 2111 scrip·

165 2140 238 2199 tura
261 2141 367 2199 autem
397 2137 480 2200 tanti
510 2136 756 2211 aestimabatur,
788 2135 873 2199 haud
902 2135 996 2199 facile
1030 2133 1215 2218 interpolari
1237 2131 1344 2214 potuit

165 2260 224 2303 nec
246 2238 440 2322 interpolata
462 2240 604 2323 putanda
626 2244 693 2318 est,
716 2242 779 2304 nisi
801 2240 977 2304 rationibus
1001 2241 1095 2303 certis
1118 2259 1188 2302 eam
1211 2256 1342 2318 corrup·

165 2345 233 2405 tam
257 2363 324 2405 esse
346 2344 475 2425 probari
490 2347 606 2428 potest.
652 2344 797 2429 Denique
811 2365 869 2408 nec
890 2341 1205 2426 praetermittendum
1228 2344 1286 2416 est,
1310 2339 1343 2401 in

166 2445 244 2508 locis
277 2445 331 2528 qui
363 2447 509 2511 dicuntur
539 2448 738 2531 interpolatis
770 2469 869 2531 aeque
900 2447 992 2512 acin
1024 2446 1154 2531 reliquis
1185 2443 1344 2528 epistulae

165 2549 309 2632 partibus
341 2550 433 2633 plura
465 2551 614 2627 inveniri,
650 2574 730 2635 quae
758 2574 774 2616 e
804 2550 975 2616 Clementis
1007 2552 1098 2614 Rom.
1132 2548 1271 2633 epistula
1303 2548 1344 2610 ad

166 2651 347 2717 Corinthios
371 2654 535 2740 desumpta
551 2660 626 2720 sunt
636 2653 658 2718 ².
704 2656 799 2721 Viros
822 2656 894 2720 illos
910 2656 1079 2719 terminum
1092 2657 1215 2718 rectum
1230 2673 1343 2735 super-

166 2778 292 2843 gressos
315 2781 384 2823 esse
407 2761 503 2825 etiam
518 2761 557 2825 D.
575 2759 709 2825 Volter³
734 2760 873 2844 agnovit.
920 2758 975 2824 Sin
999 2763 1104 2822 autem
1125 2758 1193 2842 ipse
1216 2761 1345 2841 praeter

166 2884 257 2927 voces
292 2859 432 2945 Ἰγνατίῳ
464 2864 516 2924 καὶ
540 2866 570 2942 9,
595 2867 612 2928 1
649 2869 746 2949 caput
770 2866 810 2929 13
841 2888 860 2929 a
892 2865 1065 2947 posteriore
1098 2863 1241 2926 additum
1274 2882 1345 2925 esse

167 2968 298 3046 censuit,
322 2967 442 3052 quippe
465 2971 549 3052 quod
564 2971 711 3035 notitiam
733 2969 888 3053 epistulae
905 2968 1075 3033 Clementis
1097 2989 1160 3031 non
1183 2966 1343 3050 proderet,

166 3094 279 3154 parum
302 3073 524 3150 consideravit,
555 3074 744 3157 particulam
773 3074 862 3136 illam
893 3073 1081 3156 scripturam
1109 3071 1246 3135 maxime
1274 3071 1345 3154 epi·

166 3175 284 3238 atulam
307 3175 495 3239 efficientem
524 3178 621 3241 etiam
643 3177 747 3241 minus
777 3177 946 3240 desiderari
968 3197 1062 3258 posse
1092 3197 1187 3258 quam
1210 3180 1344 3249 ceteras,

167 3283 200 3342 et
221 3279 342 3342 auctori
357 3300 428 3343 eam
451 3282 651 3364 componenti
667 3278 837 3345 Clementis
860 3280 1029 3364 epistulam
1044 3302 1108 3345 non
1131 3280 1346 3344 adhibendam

167 3382 275 3460 fuisse,
300 3405 372 3447 cum
395 3384 433 3448 de
456 3386 618 3450 occasione
641 3385 798 3450 scribendi
821 3405 917 3468 agens
939 3406 1003 3447 non
1026 3385 1183 3468 scriptura
1203 3384 1253 3447 uti
1267 3406 1344 3468 pos·

167 3492 225 3566 set,
249 3488 338 3552 cuius
362 3493 472 3552 auctor
493 3490 669 3553 rationibus
698 3489 792 3573 plane
816 3489 944 3552 diversis
968 3489 1008 3553 ad
1035 3489 1234 3553 scribendum
1257 3509 1344 3553 com·

167 3596 272 3657 motus
296 3592 433 3657 fuemt‘.

239 3731 253 3783 1
274 3729 308 3783 G.
326 3728 477 3791 Volkmar,
506 3727 637 3796 Epistula
655 3728 805 3798 Polycarpi
823 3727 968 3795 Smyrnaei
988 3727 1118 3797 genuina,
1138 3725 1237 3796 'Purigi
1257 3727 1344 3787 1885;

168 3815 203 3868 cf.
225 3817 346 3886 Theoloy.
366 3816 522 3882 Zeitscluift
539 3832 591 3869 aus
609 3817 657 3870 der
675 3815 791 3871 Sela-rucis
810 3815 877 3869 1886
896 3831 923 3883 p.
941 3814 1075 3875 99-111,
1099 3812 1148 3866 ubi
1172 3813 1345 3867 sententiam

168 3918 248 3954 suam
267 3902 402 3957 defendit.
422 3934 456 3942 -
474 3900 645 3971 Hilgenfeld,
665 3903 822 3970 Zcitschrist
837 3903 886 3969 fri-r
902 3901 1105 3967 wissenschaftl.
1123 3899 1262 3969 Theolopic
1278 3899 1345 3954 1886

168 4006 196 4058 p.
217 3989 361 4044 185-194.

239 4074 315 4129 20f.
334 4093 360 4144 p.
382 4075 441 4128 XLI
460 4093 500 4142 sq.

240 4163 256 4215 3
273 4162 327 4216 Die
344 4162 568 4230 Iynatr'ana'scbm
585 4161 677 4228 Bricfe
697 4159 764 4213 1892
783 4176 809 4228 p.
829 4156 940 4213 31-33.

237 4246 492 4316 4cf.1)enzinger
515 4247 545 4301 in
566 4247 684 4316 llaolop.
706 4246 917 4314 Quanatschrift
936 4243 1001 4301 1851
1025 4263 1052 4315 p.
1072 4245 1227 4307 399-409;
1258 4245 1344 4309 Zahn,
