2834 5018
176 324 217 387 32
666 313 855 369 DOCTRINA

170 493 252 556 ἐστιν
287 493 380 574 ἄξιος
414 495 468 556 καί
500 493 592 567 αὐτὸς
628 491 733 573 ὥσπερ
763 493 781 554 ὁ
814 492 954 576 ἐργάτης
986 496 1045 575 τῆς
1072 495 1198 575 τροφῆς
1227 491 1350 552 αὐτοῦ·

171 601 200 665 3.
225 608 329 661 πᾶσαν
353 596 406 662 οὖν
430 599 575 680 ἀπαρχὴ-ν
590 595 791 680 γεννημάτων
807 594 902 680 ληνοῦ
917 596 971 658 καί
987 594 1117 673 ἅλωνος,
1142 594 1223 680 βοῶν
1246 614 1281 656 τε
1296 595 1351 655 καί

170 703 335 788 προβάτων
358 702 464 789 λαβὼν
487 701 596 776 δώσεις
619 703 674 784 τὴν
698 701 842 782 ἀπαρχὴν
864 709 928 774 τοῖς
951 698 1141 783 προφήταις·
1173 699 1260 761 αὐτοί
1289 698 1352 781 χοὶρ

170 807 245 870 εἰσιν
268 807 297 870 οί
320 808 470 890 ἀρχιερεῖς
494 807 589 889 ὑμῶν.
629 808 658 871 4.
683 803 737 867 ἐὰν
760 805 794 867 δὲ
817 807 859 887 μή
882 805 975 889 ἔχητε
997 803 1169 887 προφήτην,
1193 803 1264 866 δότε
1286 812 1352 878 τοῖς

144 921 316 993 ὅπτωχοῖς.
363 916 392 977 5.
418 911 472 975 ἐὰν
496 910 594 974 σιτίαν
618 919 716 993 ποιής,
740 911 795 992 τήν
819 910 963 991 ἀπαρχήν
986 907 1091 994 λαβὼν
1114 909 1167 983 δός
1188 910 1272 970 κατὰ
1294 909 1351 990 τήν

169 1015 307 1098 ἐντολήν.
341 1020 369 1082 6.
394 1017 544 1091 ὡσαύτως
560 1016 708 1098 κεράμιον
724 1015 808 1078 οίνου
823 1014 844 1097 ή
859 1013 965 1077 ἐλαίου
982 1013 1114 1092 ἀνοίξας,
1132 1015 1186 1095 τήν
1203 1013 1351 1094 ἀπαρχήν

170 1119 275 1205 λαβὼν
291 1121 343 1196 δός
358 1129 422 1196 τοῖς
436 1120 628 1203 προφήταις·
654 1122 682 1186 7.
699 1119 847 1203 ἀργυρίου
863 1119 897 1182 δὲ
913 1120 966 1181 καί
983 1118 1147 1202 ἱματισμοῦ
1163 1119 1216 1180 καί
1232 1118 1349 1191 παντός

169 1224 326 1307 κτήματος
349 1224 455 1311 λαβὼν
477 1227 533 1308 τήν
557 1226 701 1307 ἀπαρχὴν
723 1223 765 1298 ὡς
789 1225 827 1286 ἄν
850 1244 898 1286 σοι
921 1222 1011 1306 δόξη,
1044 1223 1096 1297 δός
1118 1223 1201 1284 κατὰ
1223 1223 1279 1304 τήν
1304 1221 1351 1284 ἐν·

170 1327 274 1412 τολήν.

133 1445 157 1481 ¹⁰
259 1435 344 1499 XIV.
380 1432 472 1496 Κατὰ
494 1437 646 1517 κυριακήν
670 1435 704 1497 δὲ
727 1433 834 1516 κυρίου
857 1432 1068 1515 συναχθέντες
1091 1431 1233 1494 κλοὶσατε
1257 1432 1351 1512 ἄρτον

171 1538 224 1598 καί
248 1538 508 1621 εὐχαριστήσατε,
543 1538 905 1622 προεξομολογησοίμενοι
928 1539 967 1598 τὰ
990 1533 1228 1618 παραπτώματα
1252 1534 1349 1617 ὑμῶν,

172 1642 256 1714 όπως
279 1643 409 1723 καθαρὰ
429 1641 450 1724 ή
473 1641 571 1708 θυσία
593 1642 679 1725 ὑμῶν
702 1639 729 1724 ᾖ.
778 1645 807 1706 2.
838 1650 898 1715 πᾶς
921 1640 955 1703 δὲ
978 1641 1060 1722 ἔχων
1083 1641 1138 1722 τήν
1162 1637 1352 1723 ἀμφιβολίαν

172 1746 250 1826 μετὰ
272 1755 326 1808 τοῦ
350 1745 471 1829 ἑταίρου
495 1748 590 1809 αὐτοῦ
614 1749 655 1829 μή
681 1744 861 1811 συνελοἑτω
884 1746 964 1828 ὑμῖν,
988 1746 1047 1818 ἕως
1071 1741 1106 1806 οὗ
1128 1741 1351 1826 διαλλαγῶσιν,

173 1850 225 1911 ἵνα
247 1851 289 1931 μή
312 1853 455 1933 κοινωίλή
477 1849 498 1933 ή
521 1850 618 1917 θυσία
641 1850 737 1933 ὑμῶν.
768 1855 797 1916 3.
823 1853 900 1935 αὕτη
915 1850 976 1934 γάρ
994 1849 1076 1912 ἐστιν
1095 1846 1115 1930 ή
1131 1848 1267 1930 ρηόεῐσα
1291 1848 1351 1910 ὑπό

136 1975 160 2013 n
171 1953 295 2034 κυρίου·
318 1953 382 2017 Ἐν
405 1958 507 2019 παντὶ
530 1957 625 2039 τόπῳ
648 1957 701 2017 καί
722 1955 824 2039 χρόνῳ
841 1956 1050 2041 προσφέρειν
1064 1975 1122 2033 μοι
1137 1950 1268 2016 θυσίαν
1291 1974 1351 2016 κα-

173 2055 304 2141 θαράν·
338 2061 388 2123 ὅτι
416 2059 575 2143 βασιλεὺς
597 2062 701 2144 μέγας
725 2064 808 2143 εἰμί,
838 2060 926 2145 λέγει
949 2063 1074 2144 κύριος,
1097 2059 1153 2121 καὶ
1178 2058 1216 2121 τὸ
1241 2059 1352 2138 ὄνομά

173 2183 240 2241 μου
262 2161 466 2244 θαυμαστὸν
488 2165 527 2229 ἐν
549 2172 617 2246 τοῖς
640 2164 766 2230 ἔθνεσι.

261 2269 331 2333 XV.
370 2267 618 2354 Χειροτονήσατε
650 2269 703 2334 οὖν
734 2270 854 2346 ἑαυτοῖς
885 2269 1073 2342 ἐπισκόπους
1101 2268 1154 2330 καὶ
1187 2266 1351 2342 διακόνους

246 2403 275 2456 ll
296 2405 622 2477 προεξυμολογησάμενοι
636 2422 679 2459 cm
692 2423 698 2458 :
711 2413 861 2478 προσεξομ.
875 2404 928 2459 cod
944 2407 947 2475 Ι
966 2407 998 2458 12
1011 2402 1089 2475 ὑμῶν
1101 2422 1144 2459 em
1158 2424 1164 2458 ι
1178 2408 1258 2477 ήιῶν
1278 2407 1332 2461 cod
1349 2409 1352 2474 ]

178 2490 209 2542 13
228 2494 278 2559 τήν
296 2489 349 2543 cod
361 2508 367 2541 :
381 2491 441 2547 τινὰ
460 2492 581 2546 fortasse

177 2611 205 2664 et
216 2627 317 2664 munus
326 2612 446 2665 docendi
458 2615 549 2683 magis
561 2615 687 2685 magisve
700 2633 751 2684 per
776 2615 871 2669 mitius
900 2614 1040 2669 solventes
1063 2615 1223 2669 sacerdotes
1244 2616 1352 2670 obtine·

175 2683 352 2766 praepositos
372 2699 507 2754 ecclesiae
517 2701 594 2770 ipsos
604 2703 750 2756 exercebar
777 2704 854 2756 bant.
892 2701 1026 2756 Similiter
1046 2702 1208 2755 Didascalia
1234 2707 1263 2757 et
1283 2704 1352 2758 Con·

176 2788 230 2837 tur.
241 2784 281 2838 Cf.
293 2783 697 2843 Vincent.Ler.Commonit.c.
708 2791 749 2844 40.
777 2792 939 2846 stitutiones
959 2789 1151 2859 apostolorum
1170 2791 1202 2851 II,
1215 2792 1250 2844 25
1270 2793 1354 2857 (Ana-

211 2871 235 2924 3.
256 2871 298 2925 De
317 2872 379 2944 lege
398 2875 430 2928 V.
451 2876 489 2938 T..
510 2893 567 2943 qua
585 2875 682 2929 Iudaei
694 2877 749 2945 pri·
776 2879 852 2934 lecta
869 2877 1061 2933 Antenicuena
1089 2879 1131 2930 ed.
1151 2878 1265 2930 Bunsen
1287 2879 1353 2934 1854

176 2957 272 3011 mitius
298 2961 490 3016 sacerdotibus
517 2963 584 3016 dare
612 2922 811 3045 iubentunill,
829 2968 879 3020 257
899 2982 939 3031 sq.
960 2965 1030 3034 260).

177 3043 213 3096 cf.
232 3045 317 3100 Exod.
337 3050 386 3111 22,
406 3049 453 3107 29;
481 3049 530 3109 23,
553 3049 598 3111 19;
627 3051 676 3113 34,
703 3051 766 3125 26η
812 3056 836 3108 4.
855 3054 1015 3122 Prophetae
1029 3070 1095 3123 ergo
1108 3068 1165 3106 non
1183 3053 1213 3106 in
1226 3054 1354 3107 omnibus

177 3130 257 3186 Num.
282 3134 320 3197 18,
342 3137 387 3197 12;
407 3135 488 3188 Deut.
511 3137 550 3199 18,
569 3138 592 3191 3.
611 3138 643 3199 4;
662 3139 702 3201 26,
722 3140 750 3199 2;
778 3141 903 3194 ecclesiis
923 3145 1012 3194 erant.

177 3217 276 3273 Erech.
296 3223 338 3285 44,
357 3223 404 3281 30;
432 3220 547 3275 Nehem.
569 3224 613 3287 10,
639 3224 751 3280 35-37.
813 3229 836 3281 5.
856 3227 954 3297 σιτίον]
975 3227 1016 3282 ef.
1030 3228 1110 3282 Num.
1136 3230 1174 3290 15,
1197 3229 1240 3285 20.
1259 3232 1301 3284 21.
1322 3261 1355 3269 -

178 3307 257 3361 Hanc
291 3308 381 3377 legem
414 3309 549 3362 Doctrina
584 3311 751 3365 Christianis
777 3314 848 3370 κατὰ
858 3319 908 3385 τήν
917 3313 1040 3386 ἐντολὴν]
1051 3315 1113 3368 Vox
1125 3314 1217 3384 primo
1230 3317 1265 3369 de
1279 3334 1355 3370 man·

77 3407 79 3411 ·
177 3396 431 3464 quoqueimponit
451 3401 527 3452 tacet
540 3400 635 3452 autem
653 3399 688 3452 de
706 3398 751 3452 de·
778 3403 845 3455 dato
864 3402 951 3456 Musis
962 3402 1154 3471 intellegenda
1167 3408 1217 3456 est.
1244 3403 1354 3458 Deinde

179 3482 265 3547 simis,
286 3499 357 3550 quae
368 3484 478 3537 Iudaeis
487 3489 600 3552 praeter
612 3486 751 3554 primitias
764 3504 766 3545 ζ
778 3489 865 3543 otiam
883 3489 919 3542 ad
930 3494 1113 3558 praeceptum
1127 3489 1241 3543 Domini
1254 3491 1354 3545 Matth.

178 3572 330 3627 solvendae
343 3576 430 3627 orant.
468 3573 603 3627 Similiter
621 3568 766 3627 Irenaeus!
781 3577 820 3639 10,
842 3576 873 3629 10
893 3576 992 3630 referri
1011 3581 1115 3646 potest.

178 3660 246 3713 rav.
266 3661 340 3714 haer.
360 3660 566 3724 1v‚1r.5-18‚
587 3640 767 3715 rosana-¹
814 3665 838 3717 e.
859 3663 900 3719 or.
920 3663 1035 3719 nehem.
1057 3666 1096 3727 10,
1116 3667 1156 3720 si.

177 3745 221 3797 nis
240 3747 379 3815 primitias
394 3746 553 3801 offerendas
573 3763 633 3801 esse
645 3747 705 3802 Deo
719 3738 767 3801 eui
815 3752 837 3804 7.
864 3749 904 3818 ὼς
930 3748 965 3808 όίν
992 3771 1034 3808 σοι
1062 3751 1139 3822 δόξῃ]
1169 3751 1246 3805 Haec
1270 3750 1356 3804 verbu

178 3832 266 3900 ipsius
286 3836 422 3890 creaturis
440 3834 530 3889 docet
550 3865 585 3873 -
602 3834 680 3892 αὐτοὶ
699 3836 752 3910 γὰρ
779 3838 900 3892 fortusse
914 3837 1064 3901 adduntur,
1084 3838 1152 3904 quia
1164 3837 1193 3890 in
1207 3838 1260 3892 hoc
1276 3854 1357 3891 versu

177 3921 247 3990 κτλ]
267 3920 317 3974 His
337 3921 429 3975 verbis
449 3925 547 3975 auctor
565 3921 598 3974 V.
617 3922 647 3975 T.
666 3923 752 3991 respi-
779 3924 922 3992 primitiae
931 3923 1110 3992 postulantur
1122 3941 1222 3986 rerum,
1235 3943 1354 3992 quarum

179 4007 225 4061 cit.
269 4008 423 4061 Christiani
451 4008 584 4061 iubentur
611 4009 752 4078 primitias
779 4013 809 4065 in
828 4013 853 4066 S.
875 4013 1019 4080 Scriptura
1037 4029 1093 4065 nou
1112 4012 1144 4066 fit
1162 4012 1278 4067 mentio,

179 4095 246 4149 dure
258 4097 412 4165 prophetis,
433 4096 500 4163 quia
516 4096 635 4165 hiapud
654 4114 701 4150 eos
713 4097 753 4152 lo·
815 4096 974 4152 XIV-XV.
1011 4099 1166 4165 Postquam
1197 4104 1297 4155 auctor
1325 4099 1355 4153 in

180 4200 243 4237 cum
262 4184 439 4238 sacerdot-um
459 4185 603 4247 obtinent,
633 4201 670 4237 sc.
690 4202 753 4238 eun·
765 4230 768 4247 ,
780 4185 921 4254 capitibus
940 4185 1081 4241 XI-XIH
1100 4187 1134 4240 de
1154 4186 1291 4256 apostolis
1312 4186 1356 4240 vel

179 4271 243 4324 dem
256 4273 356 4334 locum,
377 4288 461 4338 quem
474 4273 549 4341 apud
568 4272 684 4326 ludaeos
697 4272 752 4340 pri·
765 4252 1022 4341 'praedicatoribus
1051 4275 1206 4345 evangelii,
1236 4276 1271 4329 de
1294 4293 1357 4344 pro·
