2834 5018
167 291 256 357 XLII
610 285 894 342 PROLEGOMENA.

303 460 454 531 Polycarpi
473 460 603 530 epistula.
904 460 1056 516 Clementis
1073 459 1201 531 epistula

212 570 243 646 2,
268 570 303 633 1:
339 567 386 629 διό
410 615 449 632 ..
479 566 668 631 δουλεύσατε
700 575 744 651 τῷ
814 569 851 647 θ,
883 571 919 633 1:
958 567 1005 630 διδ
1042 566 1267 648 ὑπακούσωμεν
1303 571 1342 646 τή

169 672 237 754 θεῷ
262 670 295 734 ἐν
318 669 405 755 φόβῳ
431 672 485 734 καί
509 670 646 756 ἀληθείᾳ
668 672 745 735 ἀπο·
770 670 1000 755 μεγαλοπρεπεῖ
1035 671 1088 734 καί
1121 667 1235 753 ἐνδόξῳ
1272 665 1341 751 βου-

169 777 309 852 λιπόντες
331 779 386 860 τήν
409 779 502 860 κενὴν
522 775 744 860 ματαιολογίαν
770 774 858 860 λήσει
874 778 970 840 αὐτοῦ
993 828 1027 843 ..
1047 828 1053 840 .
1070 774 1273 848 ἀπολιπόντες
1287 772 1342 854 τἠν

168 884 221 945 καί
244 884 299 966 τήν
322 890 383 944 τῶν
406 880 533 945 πολλῶν
555 881 686 965 πλάνην.
770 881 992 963 ματαιοπονίαν
1013 879 1082 943 κτλ.

213 990 249 1065 2,
279 989 318 1052 3:
358 985 599 1069 μνημονεύοντες
632 985 668 1049 δέ
701 982 744 1048 ὧν
816 988 866 1063 13,
892 989 920 1051 1.
938 988 977 1051 2:
1002 984 1137 1068 μάλιστα
1159 978 1342 1066 μεμνημένοι

169 1089 253 1155 είπεν
287 1090 304 1152 ό
338 1090 442 1172 κύριος
476 1090 652 1155 διδάσκων·
692 1089 744 1174 Μὴ
770 1096 833 1151 τῶν
863 1088 966 1172 λόγων
995 1098 1050 1152 τοῦ
1084 1087 1191 1170 κυρίου
1212 1084 1263 1165 Ἰ.,
1291 1084 1343 1156 οὓς

168 1194 297 1277 κρίνετε,
321 1195 373 1256 ἵνα
395 1196 437 1277 μὴ
453 1197 602 1279 κριθῆτε·
627 1194 744 1278 ἀφίετε,
771 1191 923 1277 ἐλάλησεν
938 1193 1094 1257 διδάσκων
1118 1237 1202 1258 ....
1225 1188 1343 1266 ἐλεᾶτε,

168 1300 222 1361 καί
257 1297 452 1381 ἀφεθήσεται
486 1298 576 1381 ὑμῖν·
620 1298 744 1379 ἐλεεῖτε,
770 1297 822 1360 ἵνα
838 1297 1008 1383 ἐλεηθῆτε·
1032 1297 1149 1380 ἀφίετε,
1171 1296 1224 1358 ἵνα
1238 1293 1344 1375 ἀφεθῇ

167 1403 220 1466 ίνα
253 1402 423 1487 ἐλεηθῆτε·
459 1402 491 1466 ἐν
515 1400 539 1488 ᾧ
563 1402 664 1487 μέτρῳ
693 1423 745 1486 με-
771 1401 841 1484 ὑμῖν
948 1400 972 1488 ᾧ
996 1401 1096 1486 μέτρῳ
1125 1407 1280 1485 μετρεῖτε,
1312 1395 1344 1459 ἐν

168 1516 278 1589 τρείτε,
301 1505 531 1591 μετρηθήσεται
553 1508 634 1590 ὑμῖν.
771 1508 855 1591 αὐτῷ
878 1506 1107 1592 μετρηθήσεται
1129 1506 1210 1588 ὑμῖν.

214 1616 244 1691 4,
269 1615 306 1676 2;
329 1611 436 1674 ἔπειτα
450 1613 503 1674 καί
526 1612 581 1687 τάς
596 1621 745 1696 γυναῖκας
817 1617 845 1693 1,
869 1616 907 1678 3:
939 1608 1075 1694 γυναιξίν
1103 1629 1138 1672 τε
1161 1607 1193 1671 ἐν
1224 1602 1343 1688 ἀμώμῳ

170 1713 256 1797 ὑμῶν
272 1714 304 1777 ἐν
320 1724 358 1798 τῆ
373 1714 504 1798 δοθείση
520 1716 626 1791 αὐταῖς
646 1715 745 1779 πίστει
771 1718 824 1780 καί
855 1725 953 1800 σεμνή
983 1716 1037 1777 καί
1067 1713 1147 1797 ἁγνή
1173 1707 1344 1791 συνειδήσει

169 1821 223 1881 καί
262 1819 369 1904 ἀγάπη
402 1822 456 1882 καί
491 1818 618 1904 ἁγνείᾳ,
659 1840 745 1902 στερ-
770 1822 873 1886 πάντα
911 1817 1061 1883 ἐπιτελεῖν
1102 1812 1344 1900 παρηγγέλλετε,

169 1921 286 2006 γοὺσας
318 1926 389 1999 τοὺς
422 1923 541 1986 ἑαυτῶν
571 1924 683 2007 ἄνδρας
713 1924 745 1988 ἐν
772 1926 960 2010 στεργοίισας
976 1923 1185 2009 καθηκόντως
1198 1922 1272 1995 τοὺς
1294 1920 1345 1982 ἀν-

171 2027 256 2110 ποίση
268 2027 406 2111 ἀληθείᾳ
417 2029 470 2091 καί
482 2026 655 2112 ἀγαπήσας
670 2029 746 2091 πάν-
772 2029 846 2112 δρας
861 2029 981 2093 ἑαυτῶν
997 2080 1005 2096 .
1023 2079 1031 2095 .
1050 2075 1057 2090 .
1072 2027 1153 2090 πάνυ
1169 2022 1345 2107 σωφρονού-

170 2151 225 2206 τας
249 2131 281 2209 ἐξ
303 2133 372 2194 ίσου
403 2131 435 2196 ἐν
457 2133 544 2217 πάση
571 2132 745 2217 ἐγκρατείᾳ,
772 2155 839 2209 σας.
871 2138 922 2214 21,
948 2138 977 2212 6,
1004 2136 1041 2199 7:
1073 2133 1144 2206 τοὺς
1166 2128 1254 2203 νέους
1276 2149 1345 2191 παι-

170 2237 224 2297 καί
248 2236 286 2298 τὰ
309 2235 404 2298 τέκνα
418 2235 574 2300 παιδεύειν
597 2239 652 2319 τὴν
675 2260 745 2301 παι·
771 2239 929 2321 δεθσωμεν
946 2239 1000 2320 τὴν
1015 2234 1158 2299 παιδείαν
1176 2241 1232 2297 τοῦ
1249 2230 1346 2316 φόβου

170 2337 255 2404 δείαν
277 2348 331 2402 τοῦ
355 2338 453 2425 φόβου
477 2349 531 2403 τοῦ
554 2343 642 2407 θεοῦ.
771 2351 826 2405 τοῦ
855 2344 951 2420 θεοῦ,
986 2342 1041 2414 τάς
1075 2348 1226 2423 γυναῖκας
1259 2336 1346 2419 ήμῶν

772 2444 821 2507 ἐπί
853 2446 889 2507 τό
924 2446 1049 2528 ἀγαθόν
1083 2439 1347 2525 διορθωσὼμεθα,

770 2551 805 2612 τδ
822 2548 1033 2633 ἀξιαγάπητον
1056 2557 1111 2632 τῆς
1126 2545 1252 2631 ἁγνείας
1267 2542 1348 2630 ήθος

772 2653 1033 2731 ἐνδειξάσθωσαν.

215 2757 245 2833 4,
270 2757 305 2820 3:
343 2753 558 2837 γινωσκοὺσας
701 2757 746 2818 ότι
817 2763 877 2836 21,
901 2761 938 2825 3:
983 2756 1117 2840 ἴδωμεν,
1155 2761 1222 2829 πῶς
1257 2751 1349 2837 ἐγγύς

171 2857 273 2921 πάντα
310 2867 563 2941 μωμσσκοπεῐται
602 2862 656 2922 καί
694 2859 745 2922 λέ·
774 2860 856 2925 ἐστιν
879 2862 932 2923 καί
955 2863 1002 2924 ότι
1025 2860 1114 2924 οὐδὲν
1134 2857 1273 2942 λέληθεν
1295 2857 1350 2920 αὖ·

172 2960 272 3046 ληθεν
295 2962 389 3025 αὐτόν
422 2962 511 3026 οὐδέν
540 2965 612 3026 οὔτε
643 2962 747 3048 λογισ-
773 2967 826 3028 τόν
849 2973 910 3027 τῶν
934 2964 1059 3028 ἐννοιῶν
1081 2962 1169 3047 ήμῶν
1193 2962 1266 3026 οὐδέ
1287 2969 1350 3024 τῶν

171 3072 237 3147 μῶν
268 3067 338 3129 οὔτε
369 3066 494 3130 ἐννοιῶν
525 3069 597 3129 οὔτε
627 3088 655 3129 τι
685 3077 746 3132 τῶν
773 3067 983 3152 διαλογισμῶν
1007 3064 1051 3130 ὧν
1072 3066 1261 3149 ποιούμεθα.

171 3176 316 3250 κρυπτῶν
338 3179 393 3253 τῆς
415 3170 552 3252 καρδίας.

216 3275 255 3352 7,
286 3277 327 3338 2;
366 3273 413 3337 διό
451 3274 655 3350 ἀπολιπόντες
691 3276 747 3357 τήν
819 3279 855 3355 7,
880 3280 917 3341 2:
963 3275 1010 3338 διδ
1049 3274 1250 3356 ἀπολίπωμεν
1295 3272 1352 3346 τὰς

172 3376 364 3460 ματαιότητα
387 3386 449 3441 τῶν
465 3376 591 3441 πολλῶν
615 3425 672 3444 ...
698 3377 747 3441 ἐπί
773 3381 866 3454 κενὰς
881 3381 934 3442 καί
958 3378 1090 3462 ματαίας
1110 3376 1275 3461 φροντίδας
1297 3376 1352 3438 καί

171 3481 225 3543 τόν
254 3479 287 3557 ἐξ
310 3480 407 3565 ἀρχῆς
429 3480 501 3565 ήμῖν
527 3481 748 3563 παραδοθέντα
773 3482 919 3566 ἔλθωμεν
936 3481 985 3544 ἐπί
1001 3484 1054 3545 τόν
1070 3480 1184 3565 εὐκλεῆ
1207 3481 1261 3543 καί
1279 3499 1352 3562 σεμ-

172 3581 266 3666 λόγον
300 3583 533 3668 ἐπιστρέψωμεν
653 3606 747 3667 προσ·
774 3588 826 3650 νόν
855 3596 910 3669 τῆς
939 3584 1143 3666 παραδόσεως
1172 3583 1262 3667 ήμῶν
1294 3605 1352 3645 κα-

171 3696 391 3768 καρτεροῠντες
413 3688 583 3774 νηστείαις,
606 3687 747 3771 δεήσεσιν
774 3689 849 3752 νόνα
883 3689 936 3773 (cf.
963 3691 1013 3766 19,
1037 3688 1081 3771 2).
1139 3692 1199 3768 55,
1224 3691 1262 3754 6:
1302 3686 1354 3750 διὰ

173 3789 346 3873 αἰτούμενοι
361 3795 414 3856 τόν
429 3791 745 3876 παντεπόπτηνθεόν.
773 3794 833 3876 γὰρ
856 3802 910 3875 τῆς
932 3791 1074 3876 νηστείας
1096 3792 1150 3854 καί
1169 3801 1224 3875 τῆς
1247 3812 1355 3854 ταπει·

774 3893 899 3969 νώσεως
932 3896 1027 3977 αὐτῆς
1065 3894 1198 3978 ήξίωσεν
1239 3897 1297 3979 (sc.
1333 3894 1354 3979 ἡ

771 3996 907 4080 Ἐσθήρ)
930 3999 983 4061 τόν
998 3999 1219 4082 παντεπόπτην
1240 3998 1354 4063 δεσπό-

774 4121 839 4183 την.

218 4205 247 4282 8,
272 4206 310 4269 2:
347 4205 474 4288 μιμηταί
498 4201 552 4269 οὖν
581 4201 749 4286 γενώμεθα
822 4207 850 4282 5,
877 4207 916 4269 7:
940 4203 1097 4287 ὑπομονῆς
1111 4205 1280 4288 γενόμενος
1302 4205 1355 4289 μέ-
