2834 5018
168 307 232 371 280
591 302 733 360 Iounun
751 303 927 359 ausuum

168 481 197 544 2.
221 481 274 542 καί
296 482 357 563 γάρ
384 481 452 562 περί
474 478 562 563 ἡμῶν
586 481 621 544 τὸ
646 481 721 543 αὐτὸ
739 491 912 563 φρονοῦσιν.
958 480 986 543 τί
1009 481 1069 563 γάρ
1092 500 1130 563 με
1153 479 1271 560 ὠφελεῖ
1294 501 1352 559 τις,

168 585 195 648 εί
218 585 272 667 ἐμέ
296 584 425 664 ἐπαινεῖ,
448 585 501 647 τδν
525 584 559 647 δὲ
581 584 687 667 κύριόν
710 605 769 669 μου
793 585 978 670 βλασφημεῖ,
1003 586 1044 668 μὴ
1070 583 1232 667 ὁμολογῶν
1254 585 1353 646 αὐτὸν

168 692 381 774 σαρκορὸρον;
419 690 493 754 ὁδέ
515 699 607 753 τοῦτο
634 693 676 773 μὴ
700 689 801 774 λέγων
825 689 950 764 τελείως
979 690 1073 752 αὐτὸν
1096 687 1281 772 άπὴρνηται,
1306 688 1377 750 ὢν·

168 795 367 877 νεκροφόρος.
411 799 442 861 3.
467 794 563 858 τὰδὲ
587 793 725 877 ὀνόματα
748 795 867 873 αὐτῶν,
899 796 975 857 ὄντα
997 796 1128 872 ἄπιστα,
1162 794 1220 855 οὐκ
1243 791 1352 869 ἔδοξέν

142 919 219 982 νμοι
243 899 410 984 ἐγγράψαι.
457 898 540 962 ἀλλὰ
563 899 642 984 μηδὲ
664 898 784 984 γένοιτό
807 919 858 982 μοι
882 899 984 962 αὐτῶν
1006 897 1216 982 μνημονεύειν,
1241 895 1351 980 μέχρις

168 1002 204 1067 οὗ
227 1002 461 1087 μετανοήσουσιν
484 1003 527 1079 είς
549 1005 584 1066 τὸ
609 1003 724 1083 πάθος,
749 1005 766 1066 ὅ
790 1002 873 1066 ἐστιν
896 1003 984 1086 ἡμῶν
1008 1002 1185 1077 ἀνάστασις.

255 1111 310 1175 VI.
335 1107 450 1192 Μηδείς
483 1108 675 1174 πλανάσθιυ’
710 1109 763 1170 καί
791 1109 830 1170 τὰ
861 1106 1029 1189 ἐπουράνια
1058 1104 1153 1188 καίη
1181 1105 1258 1184 δόξα
1288 1116 1352 1170 τῶν

169 1211 312 1296 ἀγγέλων
337 1214 389 1274 καί
413 1212 442 1275 σί
471 1214 618 1295 ἄρχοντες
647 1212 751 1294 δρατοί
774 1232 808 1275 τε
830 1214 884 1274 καί
907 1212 1050 1294 ἀόρατοι,
1081 1210 1135 1275 ἐάν
1158 1214 1200 1294 μὴ
1224 1211 1351 1276 πιστείι·

169 1338 263 1379 σωσιν
286 1316 329 1391 εἰς
351 1317 387 1378 τὸ
419 1313 496 1398 αίμα
525 1314 672 1398 Χριστοῦ,
704 1316 861 1391 κάκείνοις
892 1314 990 1398 κρίσις
1022 1315 1114 1380 ἐστίν.
1161 1314 1201 1380 Ὁ
1224 1323 1352 1401 χωρῶν

130 1441 155 1476 10
168 1423 328 1506 χωρείτω.
379 1420 473 1495 τόπος
496 1420 614 1505 μηδένα
636 1420 808 1503 φυσιοῦται·
832 1422 942 1504 τὸγὰρ
966 1420 1039 1484 ὅλον
1063 1420 1145 1483 ἐστίν
1168 1419 1270 1495 πίστις
1294 1422 1348 1484 καί

169 1524 293 1608 ἀγάπη,
327 1521 370 1587 ὧν
393 1525 482 1587 οὐδὲν
514 1523 723 1608 προκέκριται.
771 1529 801 1590 2.
826 1525 1031 1608 καταμάθετε
1053 1525 1088 1587 δέ
1111 1528 1181 1600 τοὺς
1205 1525 1349 1606 ἑτεροδο-

169 1626 296 1705 ξοῦντας
321 1629 363 1704 εἰς
385 1631 441 1712 τὴν
463 1628 554 1712 χάριν
568 1626 672 1712 Ἰησοῦ
688 1627 824 1711 Χριστοῦ
845 1631 900 1712 τἠν
924 1629 966 1704 είς
989 1628 1071 1711 ἡμᾶς
1094 1627 1266 1708 ἐλθοῦσαν,
1283 1638 1350 1704 πῶς

169 1733 300 1797 ἐναντίοι
324 1735 400 1798 εἰσίν
424 1744 462 1819 τη
484 1733 593 1818 γνώμη
616 1744 670 1796 τοῦ
695 1736 783 1799 θεοῦ.
830 1735 899 1815 περί
923 1730 1047 1817 ἀγάπης
1070 1735 1106 1796 οὐ
1122 1732 1209 1816 μέλει
1232 1735 1350 1812 αὐτοῖς,

168 1839 204 1901 οῦ
227 1840 295 1921 περί
318 1838 428 1922 χήρας,
453 1839 489 1901 οὐ
512 1839 581 1919 περί
604 1837 751 1919 ὀρφανοῦ,
776 1838 812 1900 οὐ
836 1839 903 1920 περί
921 1836 1119 1921 θλιβομένου,
1145 1838 1181 1900 οὐ
1204 1839 1274 1920 περί
1298 1839 1349 1902 δε-

130 1964 155 2000 u
168 1940 297 2025 δεμένου
320 1943 340 2025 ἡ
363 1941 544 2025 λελυμένου,
568 1941 605 2003 οῦ
627 1941 694 2022 περί
718 1949 885 2015 πεινῶντος
906 1940 927 2023 ἢ
950 1941 1111 2023 διψῶντος.

257 2046 327 2113 VII.
352 2045 561 2130 Εὐχαριστίας
587 2046 639 2106 καί
663 2054 840 2128 προσευχῆς
865 2043 1053 2127 ἀπέχονται,
1076 2046 1127 2108 διὰ
1150 2047 1185 2108 τὸ
1209 2049 1252 2129 μὴ
1278 2046 1349 2130 ὁμο·

168 2149 271 2234 λογεῖν
301 2154 357 2235 τὴν
387 2149 585 2234 εὐχαριστίαν
622 2148 724 2230 σάρκα
756 2146 832 2211 είναι
864 2159 920 2212 τοῦ
953 2160 1091 2233 σωτηρος
1121 2148 1211 2233 ἡμῶν
1246 2148 1349 2234 Ἰησοῦ

168 2256 302 2336 Χριστοῦ
326 2258 381 2339 τἠν
405 2256 483 2337 ὑπὲρ
506 2261 568 2317 τῶν
592 2253 750 2335 ἁμαρτιῶν
777 2252 865 2337 ἡμῶν
890 2257 1068 2333 παθοῦσαν,
1092 2254 1129 2337 ἣν
1153 2264 1192 2338 τῇ
1214 2253 1347 2339 χρηστέ-

168 2380 234 2443 τητι
258 2360 274 2422 δ
298 2362 400 2443 πατὴρ
432 2356 564 2444 ἤγειρεν.
611 2357 639 2420 οἱ
662 2355 716 2420 οὖν
749 2358 962 2442 ἀντιλέγοντες
984 2368 1022 2442 τη
1055 2359 1158 2442 δωρεᾷ
1189 2368 1245 2422 τοῦ
1270 2362 1348 2425 θεοῦ

130 2487 155 2523 ιο
170 2464 372 2547 συζητοῦντες
403 2462 671 2546 ἀποθνήσκουσιν.
724 2462 890 2545 συνέφερεν
922 2464 957 2526 δέ
989 2465 1093 2539 αὐτοῖς
1123 2464 1268 2547 ἀγαπᾶν,
1298 2464 1350 2526 ἵνα

240 2638 252 2690 1
271 2640 352 2706 με>
370 2656 389 2709 g
407 2636 505 2691 Theod
530 2637 534 2704 Ι
560 2657 600 2704 τις
617 2637 644 2690 h.
666 2637 683 2689 l.
705 2636 773 2692 GLc
793 2655 799 2688 :
820 2641 886 2705 post
905 2635 1011 2693 ἐπαινεῖ
1027 2638 1051 2687 A
1062 2635 1190 2704 gTheod
1215 2636 1322 2706 Lightf.
1343 2638 1346 2703 ]

168 2724 185 2777 3
202 2719 243 2781 ὥν
256 2744 262 2777 :
274 2717 315 2780 ὧν
335 2725 358 2780 G
375 2727 378 2794 Ι
395 2724 438 2790 8]9
456 2723 648 2794 πιστεύσωμεν
667 2725 690 2779 G
707 2727 711 2794 Ι
727 2724 743 2777 9
763 2729 887 2796 Χριστοῦ
906 2723 999 2779 GLAC
1014 2742 1020 2776 ι
1034 2724 1068 2794 -]-
1082 2732 1132 2779 τοῦ
1151 2729 1222 2780 θεοῦ
1243 2724 1277 2777 Sf
1290 2722 1349 2793 (qui

168 2816 211 2866 est
231 2811 310 2882 deus)
324 2812 387 2867 Tim
405 2811 466 2879 (qui
484 2815 528 2865 est
546 2811 603 2881 dei)
616 2812 721 2882 Lightf.
739 2813 743 2884 Ι
761 2813 793 2865 10
812 2814 899 2880 τόπος
912 2831 918 2864 :
932 2810 1054 2879 qualiter
1072 2811 1116 2880 (τὸ
1134 2814 1206 2876 πῶς]
1218 2810 1249 2871 L,
1260 2812 1347 2877 >A2

170 2899 201 2952 15
220 2900 236 2969 ἢ
253 2899 403 2969 λελυμένου
422 2898 487 2953 GL:
501 2901 536 2963 >
549 2898 648 2967 Ac(g)
671 2898 675 2967 Ι
700 2899 731 2953 16
750 2913 905 2971 προσευχῆς
929 2897 1079 2969 ἀπέχονται
1092 2917 1098 2950 :
1111 2896 1281 2969 προσφορὰς
1299 2897 1350 2955 οὐκ

167 2985 349 3058 ἀποδέχονται
369 2985 466 3039 Theod
482 2988 486 3053 Ι
504 2986 536 3040 19
555 2989 589 3056 τῇ
608 2985 733 3039 Gthuio
753 2988 841 3056 (τῇδε)
861 2985 882 3037 L

167 3124 221 3177 hos
240 3139 353 3190 quoque
371 3121 432 3176 loco
452 3126 482 3176 et
500 3124 522 3186 7,
543 3125 560 3177 2
578 3141 632 3178 non
652 3124 743 3178 solum
770 3125 895 3178 baiulum
908 3123 953 3177 vel
971 3122 1112 3176 hominem
1131 3124 1216 3177 funus
1235 3129 1350 3194 porten-

168 3209 203 3264 de
215 3207 362 3279 evangelio
375 3208 488 3277 scripto,
500 3211 549 3263 sed
563 3209 597 3263 de
611 3210 743 3264 universa
769 3215 827 3265 tem
846 3212 970 3265 denotat.
1008 3212 1067 3279 lgn.
1088 3227 1150 3263 eum
1170 3212 1206 3265 sal
1226 3210 1350 3267 Docetas

168 3296 649 3367 evangelicupraedicatioueloqui
667 3298 742 3351 vide·
770 3301 872 3361 refert,
901 3299 1008 3367 quippe
1036 3298 1084 3364 qui
1104 3298 1210 3353 Christi
1237 3316 1351 3355 earnem

167 3387 226 3447 tur,
253 3400 423 3450 quamquam
448 3383 533 3437 verba
552 3384 644 3438 minus
667 3385 744 3439 clara
770 3385 968 3455 impugnantes
978 3402 1056 3438 suum
1069 3401 1181 3452 quoquo
1193 3384 1352 3451 destruant

169 3475 234 3525 sunt
253 3488 339 3537 quam
357 3470 467 3524 Philad.
486 3472 510 3535 5,
532 3474 553 3526 l.
770 3472 813 3524 itu
832 3475 938 3525 utnon
957 3489 1072 3541 corpus,
1101 3473 1149 3525 sed
1168 3473 1291 3528 cadaver
1310 3492 1351 3530 so·

203 3560 226 3610 2.
247 3558 413 3612 'l'heodoret
431 3558 449 3610 1.
461 3574 482 3611 ο.
504 3561 542 3624 (τί
558 3557 611 3631 γὰρ
620 3561 699 3627 κτλ).
710 3589 743 3598 -
771 3557 828 3611 lum
847 3561 968 3627 portent.

168 3665 195 3700 n.
216 3649 293 3716 ημῶν
313 3648 345 3702 τὸ
364 3645 432 3702 αὐτὸ
451 3647 511 3718 φρ]
537 3645 616 3700 Sicut
640 3645 744 3700 Christi
806 3644 909 3707 3-VI,
931 3648 952 3700 1.
981 3647 1104 3702 Timoth.
1132 3646 1226 3702 Aelur.
1257 3649 1352 3704 Curet

168 3731 392 3787 incarnationem
406 3737 434 3786 et
450 3733 612 3801 passionem
630 3734 744 3802 negent,
755 3742 758 3787 Ι
770 3732 829 3794 210,
848 3734 899 3786 243
918 3734 1025 3807 (μέχρις
1043 3728 1076 3790 οὗ
1093 3738 1165 3801 κτλ.)
1194 3765 1230 3777 -
1256 3736 1354 3809 μέχρις

169 3817 210 3871 itu
221 3834 314 3871 meam
332 3818 492 3888 passionem
511 3819 546 3872 ed
563 3819 684 3872 nihilum
703 3837 743 3873 re·
769 3819 838 3888 κτλ]
858 3821 875 3871 i.
896 3836 918 3873 e.
939 3820 1027 3874 donee
1047 3821 1178 3883 credant,
1205 3822 1353 3878 Christum

169 3903 277 3973 digunt.
315 3906 356 3959 cf.
384 3906 415 3966 4,
440 3908 464 3959 2.
495 3937 526 3946 -
554 3907 742 3978 σαρκοφόρος]
770 3921 834 3958 vere
844 3922 958 3975 passum
968 3911 998 3960 et
1009 3910 1151 3960 mortuum
1163 3923 1233 3973 esse,
1253 3911 1283 3963 in
1297 3928 1355 3979 qus

170 3991 255 4045 clem.
276 3991 377 4046 Strom.
397 3992 430 4055 V,
449 3992 472 4055 6,
492 3993 526 4046 34
544 4010 571 4061 p.
590 3992 655 4046 665:
679 3993 902 4075 vap-[passione
921 3998 949 4048 et
966 3997 1058 4048 morte
1072 3995 1148 4048 salus
1167 3999 1269 4051 nostre
1289 4016 1353 4053 con·

168 4080 292 4149 κοφόρος
311 4079 462 4150 γενόμενος
479 4080 599 4151 ὁλόγος.
623 4077 698 4147 Orig.
714 4079 741 4133 C.
771 4081 847 4135 sistit
866 4081 996 4149 (Hefsle).

170 4160 239 4215 Cels.
253 4164 313 4228 VII,
330 4167 375 4219 13:
394 4164 433 4234 ὼς
451 4175 532 4236 σῶμα
550 4174 648 4240 φορῶν
666 4165 743 4237 ὁἸη·
808 4168 851 4227 Vl.
873 4169 894 4221 1.
916 4168 1027 4237 Frugm.
1047 4186 1100 4238 syr.
1122 4169 1217 4225 Curet
1229 4173 1291 4239 219,
1304 4175 1355 4229 249

169 4256 235 4314 0053
262 4250 366 4319 popm,
396 4283 432 4293 -
468 4252 650 4325 νεκροφόρος]
681 4253 743 4307 Vox
756 4273 759 4322 ι
772 4260 817 4322 (—
835 4259 924 4327 κρίσις
942 4254 1035 4323 ἐστίν).
1054 4287 1089 4295 -
1108 4254 1264 4332 ἐπουράνια
1282 4262 1356 4333 κτλ]
