2834 5018
188 298 252 363 360
588 293 720 349 enema
738 292 965 349 FRAGMENTA

251 468 411 555 Κέχρηται
434 470 461 535 δ’
485 471 578 547 αὐτός
600 470 779 555 μαρτυρίαις
801 471 864 533 ἀπό
887 479 941 553 τῆς
957 468 1105 533 Ἰωάννου
1127 469 1286 552 προτέρας
1308 469 1377 533 ἐπι-

187 573 300 658 στολης
327 577 382 638 καί
405 575 468 639 ἀπό
501 585 555 660 τῆς
584 573 705 659 Πέτρου
737 575 859 659 ὁμοίως.
907 573 1083 640 ἐκτέθειται
1114 574 1148 637 δέ
1179 575 1236 637 καί
1267 573 1376 658 ἀλλην

188 678 323 762 ἱστορίαν
351 683 420 763 περί
446 682 593 765 γυναικός
624 679 673 744 ἐπί
705 680 836 756 πολλαῖς
865 679 1028 764 ἁμαρτίαις
1058 679 1290 765 διαβληθείσης
1322 679 1375 742 ἐπί

188 794 242 848 τοῦ
263 785 381 869 κυρίου,
404 788 442 871 ἣν
464 789 500 851 τό
521 785 594 850 κατ’
613 784 776 871 Ἑβραίους
798 784 980 870 εὐαγγέλιον
1004 785 1149 868 περιέχει.
1194 787 1251 848 καί
1268 794 1375 848 ταῦτα

161 887 258 971 ιὴμῖν
281 889 460 975 ἀναγκαίως
482 893 558 973 πρὸς
581 900 643 966 τοῖς
666 891 843 958 ἐκτεθεῖσιν
866 890 1113 976 έπιτετηρίγσθω.

379 1010 454 1082 [Eue.
474 1012 507 1065 Η.
526 1009 557 1065 Ε.
575 1010 623 1075 ΙΙΙ,
642 1013 676 1067 39
695 1012 737 1065 ed.
757 1012 929 1074 Heiniehen;
949 1012 984 1066 of.
1007 1013 1089 1066 Rufin
1108 1010 1143 1066 H.
1155 1010 1186 1065 E.
1200 1011 1248 1074 ΙΠ,
1269 1011 1308 1066 39
1327 1009 1372 1065 eri

342 1098 448 1152 Beatus
467 1098 619 1152 Rhenanus
641 1100 707 1155 1544
725 1118 751 1169 p.
772 1102 818 1163 7ος
837 1099 953 1170 Niceph.
976 1100 1010 1153 H.
1029 1100 1060 1154 E.
1080 1099 1127 1161 ΙΙΙ,
1146 1100 1201 1169 20]

744 1279 800 1343 ΙΙΙ.

278 1417 306 1478 1.
331 1411 566 1496 Ἀπολιναρίου·
591 1412 659 1478 Οὐκ
683 1415 826 1481 ἀπέθανε
841 1425 880 1500 τη
903 1416 1022 1500 ἀγχόνη
1042 1414 1171 1493 Ἰούδας,
1197 1414 1274 1478 ἀλλ’
1299 1414 1371 1478 έπε-

187 1515 244 1601 βίω
274 1519 481 1600 καθαιρεθείς
512 1520 572 1600 πρό
600 1528 655 1582 τοῦ
687 1520 903 1604 ἀποπνιγῆναι.
948 1521 1002 1583 καί
1034 1529 1125 1583 τοῦτο
1153 1517 1307 1603 δηλοῦσιν
1337 1520 1371 1582 αἱ

187 1629 249 1685 τῶν
273 1621 458 1687 ἀποστόλων
474 1621 614 1706 Πράξεις,
638 1625 685 1687 ότι
700 1627 817 1709 πρηνὴς
831 1625 997 1708 γενόμενος
1020 1624 1158 1707 έλοίκησε
1180 1622 1289 1706 μέσος,
1314 1625 1369 1685 καί

146 1735 171 1773 ¹⁰
184 1724 321 1811 ἐξεχύθη
350 1729 390 1789 τὰ
413 1727 579 1811 σπλάγχνα
609 1729 714 1791 αὐτοῦ.
760 1739 851 1792 τοῦτο
878 1730 913 1792 δέ
940 1728 1131 1825 σαφέστερον
1160 1728 1279 1811 ἱστορεῖ
1302 1727 1369 1791 Πα·

183 1829 255 1906 πίας
278 1831 295 1894 ό
318 1834 465 1898 Ἰωάννου
488 1835 633 1918 μαθητὴς
662 1833 763 1918 λέγων
793 1837 891 1910 οότως
919 1834 952 1898 ἐν
980 1842 1024 1917 τῷ
1048 1833 1075 1896 δ’
1098 1842 1153 1915 της
1183 1830 1369 1916 ἐξηγήσεως

183 1943 245 1998 τῶν
267 1945 425 2019 κυριακῶν
448 1936 561 2021 λόγων.
1229 2016 1232 2022 ,

314 2046 343 2108 2.
369 2040 480 2126 ,Μέγα
501 2042 536 2105 δέ
558 2041 701 2128 ἀσεβείας
724 2041 897 2125 ὑπόδειγμα
921 2040 1076 2124 ἐντούτῳ
1105 2048 1150 2123 τῷ
1173 2040 1289 2124 κόσμῳ
1313 2061 1367 2103 πε-

269 2145 453 2230 ριεπάτησεν
476 2144 629 2221 ὁἸοὺδας
652 2148 805 2231 πρησθείς
829 2146 879 2209 έπί
896 2157 1044 2210 τοσοῦτον
1068 2149 1123 2228 τὴν
1140 2145 1258 2228 σοίρκα,
1285 2146 1367 2208 ὥστε

270 2251 348 2334 μηδέ
370 2251 489 2316 όπόθεν
513 2249 617 2333 ἅμαξα
639 2251 752 2335 ῥᾳδίως
782 2250 935 2333 διέρχεται
959 2251 1077 2314 ἐκεῖνον
1100 2249 1261 2315 δύνασθαι
1285 2249 1365 2312 διελ-

270 2357 350 2433 θεῖν,
374 2353 457 2417 ἀλλὰ
480 2355 557 2438 μηδὲ
580 2357 673 2419 αὐτόν
696 2357 790 2439 μόνον
813 2358 866 2420 τόν
889 2367 943 2440 της
967 2355 1107 2439 κεφαλῆς
1133 2357 1231 2438 δγκον
1255 2357 1364 2418 αὐτοῦ.

269 2458 308 2520 τά
340 2459 395 2541 μέν
423 2460 484 2542 γὰρ
514 2458 656 2545 βλέφαρα
684 2470 746 2524 τῶν
778 2461 955 2544 ὀφθαλμῶν
985 2462 1080 2523 αὐτοῦ
1111 2461 1187 2542 φασί
1212 2471 1365 2523 τοσοῦτον

270 2560 434 2646 ἐξοιδησαι,
458 2562 500 2638 ὡς
523 2565 616 2627 αὐτὸν
650 2566 705 2648 μέν
734 2565 879 2631 καθόλου
902 2567 937 2627 τό
968 2573 1034 2647 φῶς
1057 2566 1098 2646 μὴ
1122 2561 1268 2648 βλέπειν,
1293 2567 1365 2638 τοὺς

270 2665 456 2750 ὀφθαλμοὺς
478 2668 513 2731 δέ
528 2669 623 2732 αὐτοῦ
647 2669 725 2754 μηδὲ
741 2670 801 2732 ὑπό
825 2670 930 2752 ἰατροῦ
949 2668 1031 2755 [διὰ]
1056 2668 1203 2750 διόπτρας
1220 2669 1365 2752 ὀφθῆναι

268 2770 440 2837 δύνασθαι·
463 2783 611 2836 τοσοῦτον
635 2772 735 2859 βοίθος
752 2771 836 2855 είχον
860 2774 922 2836 ἀπό
946 2783 999 2856 της
1023 2772 1143 2850 ἔξωθεν
1160 2771 1363 2854 ἐπιφανείας·

180 2941 308 2996 Aoristus
326 2941 450 3006 indicat,
479 2959 512 2997 eo
531 2947 670 3013 ternpore,
699 2962 754 3013 quo
767 2949 769 3059 γ
782 2947 865 3001 3-11
885 2946 930 2998 vel
956 2945 1052 3014 potine
1071 2948 1095 3008 7,
1114 2945 1209 3007 53-8‚
1232 2948 1264 3000 ΙΙ
1294 2945 1363 3015 legi-

180 3029 293 3099 soripsit
329 3029 449 3099 Papias,
491 3031 755 3101 interpretationem
780 3036 834 3086 tur.
872 3033 950 3096 Quae
977 3032 1111 3100 pericope
1138 3049 1202 3085 oum
1231 3031 1310 3087 desit
1335 3035 1364 3086 et

179 3115 259 3168 illam
275 3116 334 3168 iam
353 3115 469 3170 desiisse
493 3122 580 3184 atque
597 3120 754 3174 versionem
781 3119 809 3172 in
837 3118 964 3172 omnibus
1000 3118 1092 3171 bibliis
1120 3118 1231 3187 graecis
1265 3136 1363 3173 manu·

179 3201 327 3271 Evangelii
351 3202 485 3272 scriptam
510 3205 657 3260 exstitisse.
676 3237 712 3245 -
730 3205 893 3274 ascriptis
919 3205 1030 3258 saeculo
1049 3204 1088 3258 VI
1115 3204 1310 3259 anterioribus
1335 3210 1364 3258 et

181 3288 313 3347 Ἰωάννου
325 3289 464 3362 προτέρας
476 3289 632 3362 ἐπιστολῆς]
651 3293 753 3361 Papias
781 3292 810 3346 in
828 3291 985 3346 veterrimis
1004 3291 1029 3345 S.
1044 3291 1207 3359 scripturae
1226 3292 1363 3347 versioni-

178 3376 268 3445 igitur
284 3379 358 3430 teste
369 3374 491 3431 Eusebio
509 3377 630 3446 primam
642 3379 753 3433 Ioannis
779 3380 839 3438 bus,
858 3379 957 3442 latina,
978 3379 1095 3447 syriace,
1113 3378 1295 3447 aegyptiaca
1314 3396 1363 3448 go-

179 3463 330 3532 epistulam
341 3464 483 3534 cognitam
493 3465 600 3518 habuit.
620 3465 752 3519 Animad·
779 3466 863 3530 thien,
876 3471 962 3533 atque
976 3469 1137 3519 contextum
1151 3466 1364 3535 interrumpere

180 3555 275 3614 verto,
299 3550 374 3603 hane
392 3550 544 3619 epistulam
569 3568 632 3605 aum
653 3554 753 3618 quarto
779 3552 915 3615 videatur,
934 3553 1030 3622 plures
1048 3552 1102 3605 viri
1122 3551 1200 3606 docti
1220 3569 1287 3606 eam
1305 3569 1364 3607 non

179 3637 333 3708 Evangelio
353 3638 483 3691 omnibus
501 3640 561 3692 fere
580 3639 752 3692 eonsentien-
766 3655 797 3692 ¹a
814 3638 917 3692 Ioanne
931 3640 1071 3707 scriptam,
1093 3639 1142 3692 sed
1161 3640 1260 3707 potins
1280 3657 1298 3693 a
1310 3640 1362 3694 Pa-

179 3723 254 3778 tibus
280 3726 350 3778 adeo
370 3727 431 3778 arte
456 3741 609 3778 connexam
630 3741 701 3787 esse,
721 3704 829 3793 ueipia
855 3728 993 3790 tanquam
1022 3728 1118 3797 λόγιον
1144 3728 1283 3797 κυριακὸν
1309 3744 1363 3796 per

178 3811 260 3865 testis
284 3810 361 3864 illius
386 3808 471 3864 etiem
494 3809 576 3864 huius
599 3811 680 3864 testis
703 3829 752 3880 pu·
780 3810 904 3864 seniores
936 3810 1052 3865 oraliter
1082 3811 1221 3865 traditum
1249 3814 1288 3867 ad
1316 3830 1363 3867 ex·

179 3898 280 3951 tandus
313 3897 358 3952 sit.
388 3928 423 3936 —
452 3901 517 3970 περὶ
551 3899 679 3968 γυναικός
708 3897 752 3954 ἐπὶ
778 3897 940 3966 plioandum
973 3897 1089 3951 effatum
1116 3898 1231 3952 Domini
1264 3901 1362 3954 Ioann.

178 3989 293 4051 πολλαῖς
302 3982 458 4056 ἁμαρτίαις]
466 3985 582 4038 Rufinus
590 3984 753 4037 haeeverba
764 3968 767 4063 ζ
778 3987 802 4046 8,
823 3985 855 4038 15
874 3984 945 4037 libro
963 3982 1144 4056 Ἐξηγὴσεως,
1162 3990 1295 4054 ternpore
1312 4004 1363 4056 po·

178 4070 277 4123 vertit:
303 4072 338 4123 de
356 4071 473 4124 muliere
492 4070 633 4131 adultera;
664 4074 692 4124 et
710 4069 750 4123 hi·
763 4066 766 4145 ξ
779 4071 894 4125 steriore
929 4074 1024 4123 autem
1052 4087 1069 4122 a
1099 4070 1224 4124 librariis
1257 4080 1363 4140 quarto

180 4155 274 4218 storia,
286 4172 358 4222 quae
368 4156 665 4218 hiooommemoratur‚
675 4155 751 4208 haud
763 4150 766 4195 ἕ
778 4155 931 4226 Evangelio
954 4156 1089 4211 insertam
1114 4161 1143 4211 et
1168 4158 1288 4224 quidem
1305 4159 1364 4228 pri·

180 4238 264 4293 dubie
292 4243 390 4296 eadem
417 4247 476 4307 eat,
505 4258 578 4310 quae
604 4242 699 4296 loann
725 4200 854 4304 &imum
871 4244 901 4297 in
926 4243 1071 4312 margine,
1100 4242 1205 4298 deinde
1225 4245 1257 4298 in
1280 4247 1364 4301 textu
