2834 5018
452 615 478 669 s
498 613 638 670 reuanr
656 613 864 671 sesannia.
1162 617 1249 683 va

66 791 193 874 (hieriae
208 795 358 878 epistula
373 796 413 858 ad
426 795 588 879 ignatium
611 795 681 859 sola
695 801 836 878 excepta,
861 817 956 878 quam
971 794 1094 860 Ussher
1116 817 1144 858 a.
1164 794 1249 858 1644

66 896 159 961 latine
193 899 316 963 adiecit
340 903 372 963 et
395 922 422 963 a.
450 900 583 964 16461.
607 899 691 965 Voss
714 898 837 984 graece)
864 899 1123 983 publicaverunt,
1158 899 1247 962 inde·

67 1024 124 1085 qne
146 1004 187 1067 ab
211 1024 251 1067 eo
277 1007 423 1088 tempore
446 1026 521 1088 pars
544 1004 752 1088 epistularum
775 1026 887 1088 graece
910 1010 942 1069 et
963 1005 1077 1080 latine,
1100 1025 1175 1087 pars
1198 1003 1247 1068 la·

67 1106 129 1170 tine
151 1111 282 1172 tantum
304 1107 484 1192 legebatur.
530 1107 642 1191 Itaque
659 1108 801 1191 quaestio
824 1113 894 1172 orta
914 1112 971 1186 est,
994 1131 1070 1173 num
1092 1107 1248 1192 epistulae

67 1209 183 1276 latinae
206 1234 309 1297 aeque
334 1234 371 1277 ac
394 1234 527 1296 graecae
542 1213 696 1296 genuinae
719 1212 878 1295 putandae
897 1217 1011 1289 essent,
1035 1217 1067 1276 61
1090 1212 1246 1296 aliquam·

67 1315 120 1379 din
142 1314 302 1381 Catholici
325 1316 534 1394 affirmarunt,
559 1339 585 1381 e.
610 1337 640 1400 g.
666 1316 775 1381 Sixtus
798 1315 945 1381 Senensis
962 1316 989 1395 ¹,
1014 1318 1127 1381 Petrus
1150 1315 1246 1381 Cani·

68 1417 166 1497 sius',
200 1421 331 1486 saeculo
354 1420 446 1486 XVII
468 1422 597 1487 ineunte
628 1421 725 1486 etiam
756 1421 870 1485 Petrus
893 1419 1056 1485 Halloix³.
1103 1420 1165 1485 Sed
1187 1421 1247 1484 riri

68 1525 247 1610 sagaciores
277 1547 333 1589 eas
360 1548 385 1590 s.
409 1526 535 1611 Ignatio
567 1525 832 1591 abiudicarerunt.
878 1524 946 1589 Iam
977 1525 1134 1590 Batonius
1162 1525 1245 1590 Ann.

68 1631 118 1703 48,
136 1631 197 1707 253
225 1630 298 1707 109,
315 1631 358 1695 34
382 1652 434 1696 eas
450 1653 513 1695 non
537 1629 675 1714 amplius
692 1628 857 1693 defendere
873 1632 1005 1693 conatus
1019 1634 1076 1693 est.
1121 1629 1246 1694 Bellat-

68 1735 172 1799 minus
195 1735 229 1799 in
259 1735 342 1799 libro
366 1735 637 1818 descriptoribus
669 1735 887 1799 ecclesiasticis
916 1756 969 1798 eas
992 1737 1150 1819 reprobat,
1175 1758 1248 1800 cum

68 1861 169 1924 neque
192 1840 227 1903 in
249 1838 410 1904 codicibus
441 1839 563 1924 graecis
587 1839 764 1903 habeantur
791 1861 893 1923 neque
917 1840 1107 1924 gravitatem
1129 1839 1247 1925 eloquii

68 1967 91 2007 s.
108 1943 229 2029 ignatii
252 1944 380 2008 omnino
396 1942 567 2007 redoleant.
613 1943 747 2008 loannes
767 1943 870 2009 Maria
885 1944 1139 2022 Brasichellenis‚
1163 1968 1245 2029 pon·

69 2049 157 2113 tificii
181 2042 296 2132 palatii
310 2049 464 2133 magister
470 2048 493 2124 ⁴.
518 2054 550 2112 et
564 2048 723 2112 Martialis
738 2047 937 2113 Mastraeus⁶
961 2070 999 2113 ex
1014 2049 1109 2113 simili
1124 2050 1248 2114 ratione

70 2175 121 2216 eas
143 2154 178 2217 in
200 2152 503 2217 commentationum
525 2153 779 2237 apocrypharum
808 2153 947 2218 ordinem
970 2154 1128 2238 redigunt.
1174 2153 1243 2218 No-

70 2258 141 2321 stris
163 2257 275 2321 diebus
299 2255 524 2320 Constantinus
547 2256 727 2322 Skworzow
750 2257 837 2322 solus
859 2279 912 2322 eas
935 2258 975 2322 ab
995 2258 1121 2342 Ignatio
1144 2258 1245 2341 scrip·

72 2365 118 2424 tas
139 2382 207 2425 esse
230 2361 380 2445 opinatus
403 2364 451 2423 est
461 2360 483 2423 ⁶.

153 2465 231 2529 Alia
261 2465 404 2550 quaestio
435 2469 519 2541 erat,
552 2467 628 2550 quid
651 2467 688 2530 de
718 2466 862 2549 epistulis
893 2467 1015 2551 graecis
1046 2467 1246 2532 sentiendum

72 2575 158 2648 esset,
183 2571 277 2634 etde
299 2569 350 2633 his
373 2591 490 2653 magna
519 2571 730 2634 controversia
752 2571 839 2636 facta
866 2578 923 2637 est.
971 2572 1137 2650 Catholici,
1161 2594 1188 2637 e.
1213 2593 1243 2656 g.

73 2673 257 2739 Valentinus
279 2673 445 2756 Hartung‚
478 2672 635 2738 Baronius
658 2674 903 2756 6111110919,
927 2676 1139 2742 Bellarminus
1161 2677 1182 2740 l.
1208 2699 1244 2753 6.,

73 2799 121 2843 eas
136 2800 244 2844 omnes
260 2800 285 2843 s.
302 2776 429 2861 Ignatio
445 2777 691 2842 vindicaverunt.
730 2779 887 2845 Baronius
901 2780 983 2846 Ann.
1003 2783 1075 2858 109,
1091 2784 1133 2848 20
1149 2782 1247 2846 etiam

72 2884 244 2960 contendit,
274 2882 474 2965 incorruptas
497 2886 530 2946 et
551 2883 692 2966 integras
716 2905 768 2948 eas
792 2886 832 2948 ad
854 2891 996 2950 nostram
1019 2890 1155 2951 aetatem
1177 2907 1245 2949 ser·

71 2993 155 3052 ratas
178 3008 257 3051 esse.
303 2986 462 3050 Martialis
484 2985 682 3051 Mastrsens²
707 2992 813 3053 antem
835 2991 1002 3068 concessit,
1027 3012 1080 3055 eas
1104 2991 1144 3055 ab
1167 2990 1245 3054 hae·

71 3093 172 3156 reticis
196 3096 229 3155 et
252 3114 271 3155 a
293 3089 455 3155 Graeculis
487 3092 715 3175 posterioribus
747 3094 864 3158 alicubi
893 3094 1102 3179 interpolatas
1128 3117 1165 3159 ac
1189 3096 1244 3159 de·

72 3201 215 3278 praratas
239 3195 348 3259 fuisse.
394 3195 612 3260 Protestentes
634 3219 709 3261 vero
733 3198 788 3262 alii
810 3199 965 3282 epistulas
979 3221 1097 3276 omnes,
1121 3199 1175 3263 alii
1191 3220 1244 3262 eas

71 3300 189 3378 saltem,
215 3322 351 3385 quarum
364 3300 522 3365 Eusebius
546 3305 578 3365 et
593 3300 804 3386 Hieronymus
827 3325 891 3368 non
906 3303 1028 3367 faciunt
1043 3305 1243 3381 mentionem,

72 3528 153 3590 varia
173 3527 218 3580 cui
237 3527 340 3582 titulus
359 3529 418 3580 est:
437 3525 647 3596 Theologorum
665 3526 775 3593 aliquot
786 3528 912 3579 veterum
932 3522 1152 3578 orthodoxorum
1170 3523 1244 3577 libri.

139 3617 152 3669 1
169 3613 351 3669 Bibliotheca
368 3616 468 3668 sancta
487 3614 554 3668 1566
572 3631 600 3682 p.
620 3615 677 3669 141.

137 3703 153 3756 2
173 3702 215 3756 De
234 3702 328 3756 Maria
344 3700 455 3771 virgine
474 3701 486 3754 I
507 3717 530 3754 c.
551 3701 582 3756 13
603 3701 644 3755 ed.
664 3699 817 3770 ingolstad.
839 3698 905 3754 1677
924 3716 952 3767 p.
971 3697 1005 3751 96
1024 3715 1064 3765 sq.

137 3791 153 3844 3
171 3789 276 3842 illustr.
298 3788 395 3842 eccles.
415 3789 514 3842 orient.
533 3787 701 3857 scriptorum
719 3787 795 3841 vitae
814 3789 842 3839 61
861 3785 1037 3840 documenta.
1067 3784 1157 3839 Duaci
1177 3786 1244 3839 1633

72 3872 90 3936 1,
106 3875 164 3930 467.
205 3875 367 3930 Notandum
396 3878 439 3930 est
466 3878 573 3939 autem,
602 3879 745 3929 auctorem
772 3892 798 3943 p.
818 3874 869 3928 435
898 3871 933 3925 de
961 3870 1093 3940 ambiguo
1120 3870 1244 3925 Catholi-

73 3977 163 4016 corum
182 3964 288 4017 iudicio
307 3963 387 4030 loqui
406 3964 435 4016 et
452 3962 546 4032 ipsum
559 3961 594 4016 de
613 3961 762 4016 authentia
775 3959 962 4030 epistularum
979 3959 1132 4012 latinarum
1144 3957 1243 4026 paulu-

72 4045 126 4101 lum
144 4050 202 4103 iam
221 4050 376 4104 dubitasse.

136 4136 259 4192 4Index
285 4137 421 4191 librorum
449 4137 695 4206 expurgandornm
724 4135 798 4189 1607.
836 4132 877 4188 cf.
897 4132 1019 4197 Ussher,
1049 4130 1165 4186 Dissert
1186 4135 1244 4186 c.5

73 4236 97 4288 p
115 4221 212 4277 XXIX.

137 4311 153 4363 5
170 4309 262 4365 Notae
280 4309 318 4364 ad
336 4309 471 4379 epistolas
490 4326 510 4362 s.
531 4308 637 4378 Ignatii
654 4325 682 4376 p.
704 4309 741 4361 15.

136 4397 374 4466 oPatrouqucle
396 4397 630 4464 Unteeulunqen
643 4394 710 4449 1875
729 4411 755 4463 p.
769 4393 880 4447 55-97.
917 4393 995 4448 Idem
1013 4396 1120 4449 ceteras
1137 4390 1243 4464 ignatii
1325 4454 1331 4469 Ι

73 4484 206 4553 epistulas
225 4484 337 4555 Ignatio
357 4483 469 4538 cuidam
486 4482 655 4552 Theophoro
675 4499 697 4535 c.
717 4498 779 4535 ann.
801 4480 849 4534 160
869 4479 1027 4550 adscripsit.

138 4573 154 4626 7
172 4569 265 4626 Notae
283 4588 311 4640 p.
330 4571 373 4626 21.

120 4675 185 4715 Fan
194 4676 225 4727 k,
239 4675 320 4715 Patres
334 4678 409 4724 apost.
424 4674 460 4714 cd.
472 4673 505 4713 11.
1017 4678 1034 4720 e
