2834 5018
279 666 503 722 MARTYRIUM
522 666 548 721 S.
567 666 772 722 POLYCARPI
791 666 862 731 XIV,
876 667 1001 731 a-xvt
1016 672 1039 724 1.
1181 674 1245 738 333

67 849 106 911 de
130 846 276 910 omnibus
299 849 331 909 te
354 845 466 920 laudo,
496 846 557 910 tibi
578 846 747 920 benedico,
779 848 811 909 te
834 844 976 929 glorifico
1000 868 1057 929 per
1079 848 1245 931 sempiter-

67 974 145 1014 num
177 954 209 1014 et
237 949 402 1013 caelestem
434 950 616 1032 pontificem
638 949 744 1013 lesum
767 946 945 1024 Christum,
976 949 1124 1015 dilectum
1157 956 1246 1016 tuum

67 1057 182 1127 filium,
206 1077 263 1138 per
286 1076 379 1138 quem
401 1055 461 1119 tibi
485 1077 556 1119 omn
578 1055 649 1138 ipso
673 1059 705 1119 et
721 1054 834 1138 spiritu
856 1059 967 1119 sancto
991 1055 1094 1138 gloria
1117 1061 1149 1120 ct
1162 1079 1246 1122 nunc

68 1167 100 1225 et
123 1161 156 1224 in
179 1159 289 1224 futura
311 1158 446 1223 saecula.
493 1159 605 1223 Amen.

157 1264 227 1329 XV.
263 1263 306 1327 Et
335 1268 505 1348 postquam
540 1263 643 1327 Amen
670 1262 826 1327 emisisset
855 1262 1132 1346 precationemque
1159 1285 1272 1328 com-s

66 1369 233 1452 plevisset,
265 1369 402 1433 ministri
423 1369 508 1454 ignis
534 1369 643 1452 ignem
673 1367 889 1431 accenderunt.
937 1364 1016 1431 Cum
1038 1389 1111 1431 vero
1134 1369 1247 1452 ingens

68 1474 198 1537 flamma
220 1474 404 1551 emicasset,
434 1473 622 1536 miraculum
644 1471 796 1545 vidimus,
820 1493 887 1547 nos,
914 1471 1028 1555 quibus
1051 1472 1132 1536 illud
1153 1495 1245 1557 spec-

68 1583 138 1641 tare
161 1598 343 1641 concessum
365 1577 435 1653 fuit,
462 1576 516 1661 qui
539 1581 571 1641 et
593 1577 664 1639 ideo
686 1576 837 1639 reservati
861 1598 977 1653 sumus,
1003 1581 1038 1641 ut
1061 1577 1141 1654 aliis,
1166 1601 1247 1661 quae

67 1682 288 1765 contigerunt,
324 1683 591 1745 annuntiaremus.
644 1682 673 1743 2.
705 1679 792 1762 Ignis
827 1679 911 1743 enim
947 1681 1077 1746 fornicis
1111 1683 1248 1766 speciem

67 1789 240 1872 praebens,
273 1789 436 1870 tamquam
459 1785 548 1848 navis
571 1783 676 1847 velum
699 1788 835 1847 avanto
867 1784 1043 1868 repletum,
1074 1787 1108 1850 in
1131 1787 1247 1852 circulo
1262 1809 1286 1846 n

69 1915 184 1976 corpus
214 1891 362 1973 martyris
390 1888 614 1963 circumdedit;
646 1888 730 1971 quod
752 1887 785 1951 in
807 1888 910 1951 medio
939 1889 1096 1972 positum,
1126 1914 1190 1955 non
1212 1897 1248 1956 ut

69 2019 144 2061 caro
168 2018 240 2060 assa
261 1995 437 2069 videbatur,
461 1993 516 2056 sed
537 1992 636 2056 veluti
659 1991 750 2074 panis
774 1996 881 2056 coctus
904 1992 954 2056 rel
979 1993 1061 2059 sicut
1083 2008 1194 2060 aurum
1217 2003 1249 2061 et

70 2105 239 2185 argentum
261 2100 294 2162 in
324 2099 452 2162 fornace
483 2097 627 2160 candens.
674 2096 810 2159 Tantam
833 2101 938 2160 autem
970 2121 1029 2163 nos
1052 2101 1248 2183 percepimus

68 2206 258 2269 suavitatem
282 2202 402 2277 odoris,
439 2201 524 2265 acsi
547 2200 621 2264 thus
651 2205 706 2264 aut
730 2200 816 2265 aliud
849 2203 1007 2285 quoddam
1037 2205 1246 2287 pretiosorum

69 2315 249 2374 aromatum
271 2306 412 2370 cluisset.
1264 2329 1289 2367 n

158 2411 243 2475 XVI.
269 2411 409 2475 Tandem
424 2409 526 2494 igitur
548 2412 711 2472 sementes
726 2408 872 2491 improbi,
898 2431 1012 2494 corpus
1028 2413 1094 2476 eius
1118 2414 1158 2478 ab
1174 2413 1248 2498 igne

68 2540 133 2582 non
157 2538 250 2600 posse
274 2515 424 2591 consumi,
448 2514 608 2577 iusserunt
630 2513 843 2577 confectorem
864 2515 994 2598 propius
1018 2517 1165 2581 accedere
1186 2541 1247 2601 pu·

70 2623 227 2707 gioneque
251 2642 323 2683 eum
345 2619 541 2702 transfigere.
588 2615 680 2693 Quod
703 2640 774 2683 cum
796 2618 852 2682 ille
867 2616 1005 2697 fecisset,
1031 2621 1154 2687 effluxit
1178 2621 1248 2706 [co-

69 2726 179 2789 lumba
202 2723 247 2805 et]
269 2728 360 2788 tanta
391 2723 555 2808 sanguinis
578 2722 689 2806 copia,
720 2729 756 2786 ut
778 2723 886 2807 ignem
909 2725 1125 2810 exstingueret
1151 2732 1248 2812 utque

69 2879 123 2939 tur,
143 2877 164 2930 ii
182 2877 423 2940 immittebantur,
448 2876 498 2943 qui
520 2892 569 2930 eas
586 2892 646 2930 coa·
674 2875 783 2929 uncinis
811 2876 933 2931 includo.
970 2879 1102 2933 Fortasse
1126 2878 1247 2942 Pionius,

66 2967 176 3032 ficerent
194 2980 227 3017 ac
246 2964 405 3018 occiderent
424 2963 592 3033 (Iacobson).
612 2992 647 3000 -
674 2962 724 3028 qui
736 2962 902 3030 Martyrium
921 2982 936 3019 e
956 2965 1051 3020 codice
1070 2966 1247 3036 corruptissi-

68 3050 219 3124 περιστερὰ
244 3052 299 3120 aar]
328 3051 387 3104 Has
414 3066 497 3105 voces
524 3066 582 3103 non
601 3066 647 3118 ge·
674 3066 719 3104 mo
739 3048 888 3119 descripsit
907 3053 953 3121 (cf.
975 3055 1016 3113 21,
1036 3055 1063 3119 3)
1087 3057 1115 3108 et
1134 3070 1151 3106 a
1169 3053 1248 3107 cuius

68 3138 170 3192 nuinas
191 3153 252 3190 esse
277 3136 359 3190 multi
377 3136 434 3189 iam
456 3136 565 3206 pridem
585 3151 646 3189 cen·
674 3137 839 3206 apographo
851 3137 960 3193 codices
978 3139 1068 3192 nostri
1078 3140 1247 3208 dependent,

69 3228 195 3288 suerunt,
215 3228 244 3278 et
257 3223 401 3292 quomodo
414 3223 443 3277 in
462 3227 571 3278 textum
585 3238 645 3291 per·
673 3223 760 3276 verba
774 3223 901 3287 inseruit,
921 3224 1006 3292 idque
1026 3227 1154 3280 conicere
1172 3227 1247 3290 licet,

70 3311 214 3375 venerint,
244 3311 293 3363 alii
322 3310 379 3363 alia
409 3309 546 3378 suspicati
573 3311 646 3362 sunt.
674 3326 737 3362 cum
754 3310 784 3363 in
802 3309 870 3365 Vita
880 3311 1030 3382 Polycarpi
1048 3313 1249 3367 miraculorum

69 3398 286 3467 speciosissima
304 3399 348 3452 est
366 3398 540 3461 coniectura,
561 3413 646 3464 quam
674 3401 816 3451 amantem
834 3414 864 3451 se
888 3403 970 3467 gerat
988 3401 1017 3453 et
1035 3400 1080 3463 XI,
1098 3401 1114 3454 6
1133 3400 1179 3467 (cf.
1194 3401 1246 3454 vol.

70 3484 394 3554 Wordsworthfflippot
414 3487 471 3539 aad
488 3487 529 3540 the
548 3486 647 3539 church
673 3483 710 3550 ll)
735 3484 892 3540 columbam
921 3487 951 3540 in
979 3488 1072 3556 capite
1098 3486 1249 3556 Polycarpi

69 3573 104 3640 of
121 3572 204 3627 Rotae
221 3591 248 3641 p.
269 3573 319 3627 318
335 3577 387 3639 sq.)
406 3574 533 3628 instituit
551 3590 646 3640 quam-
674 3572 710 3625 ad
729 3572 925 3641 episcopatum
952 3575 1136 3644 promovendi
1160 3575 1249 3628 visam

70 3674 127 3724 que
147 3656 213 3711 olim
232 3659 431 3728 comprobavi,
455 3661 564 3715 scilicet
583 3676 646 3714 auc·
674 3674 735 3712 esse
748 3662 850 3712 narret.
887 3659 1016 3715 Fortasse
1035 3662 1137 3729 aliquis
1149 3662 1250 3731 postea
1364 3676 1372 3692 ·

70 3748 161 3798 torem
179 3749 243 3818 περὶ
261 3746 385 3818 στύρακα
395 3748 549 3816 scripsisse.
569 3748 647 3814 Quae
674 3762 789 3799 manum
821 3747 932 3802 adiecit.
984 3749 1113 3804 Ceterum
1146 3748 1250 3803 similia

70 3832 159 3885 verba
178 3832 261 3887 facile
285 3833 434 3906 περιστερὰ
458 3838 504 3890 καὶ
522 3834 580 3902 legi
597 3850 647 3902 po·
676 3831 725 3884 alii
753 3831 788 3886 de
814 3834 985 3902 martyribus
1013 3837 1150 3899 referunt,
1179 3853 1202 3889 θ·
1223 3853 1248 3904 8·

69 3919 160 3973 tuisse
178 3937 261 3973 nemo
286 3938 344 3973 non
361 3921 445 3975 videt.
482 3922 575 3975 Minus
601 3938 647 3974 au·
675 3919 844 3974 Prudentius
872 3920 906 3973 de
940 3919 1053 3975 llulalia
1082 3921 1248 3992 (Peristeph.

69 4012 129 4060 tem
148 4006 246 4072 liquet,
267 4022 315 4060 cur
334 4013 433 4062 auctor
451 4024 485 4061 ea
497 4007 647 4077 scripserit,
676 4006 721 4069 ΙΙΙ,
737 4008 892 4077 161-165).
917 4006 1063 4078 Dollinger
1074 4010 1250 4078 (Hippolytus

71 4093 179 4162 quippe
198 4110 271 4160 quae
291 4094 348 4148 sint
364 4093 512 4163 superflua.
548 4096 648 4162 ltaque
675 4095 733 4147 aad
745 4094 883 4149 Kallistus
901 4111 927 4162 p.
942 4094 986 4162 63)
1004 4092 1056 4147 has
1073 4096 1249 4150 narrationes

70 4198 128 4235 non
147 4181 268 4249 amplius
287 4197 320 4234 ea
338 4180 461 4249 recipere
474 4182 571 4235 audeo.
602 4180 648 4234 Al·
675 4185 751 4236 reeta
764 4184 919 4237 admoram
931 4183 1083 4245 revocavit,
1103 4199 1158 4249 quo
1172 4182 1250 4236 Chri-

70 4272 132 4324 tera
151 4285 185 4322 ex
203 4273 287 4338 parte
306 4269 391 4323 lectio
411 4268 539 4323 codicum
558 4269 648 4338 suspi-
676 4269 762 4323 stiani
779 4274 890 4324 veteres
903 4267 1069 4335 columbam,
1089 4285 1161 4336 quae
1180 4267 1249 4337 ipsis

69 4357 182 4410 cionem
207 4356 285 4409 haud
304 4357 434 4426 exiguam
458 4355 528 4409 mihi
545 4361 648 4419 movet,
677 4360 737 4410 erat
765 4355 859 4425 imago
888 4355 1033 4410 animaee
1060 4372 1175 4426 corpore
1200 4356 1250 4408 mi·

70 4461 134 4497 cum
153 4443 304 4507 Eusebius,
332 4444 356 4495 si
375 4445 403 4495 in
423 4441 577 4512 exemplari
595 4443 649 4496 sibi
677 4441 794 4511 grantis,
815 4441 845 4494 in
858 4441 1011 4510 epitaphiis
1025 4448 1077 4498 etc.
1098 4458 1183 4512 saepe
1204 4443 1249 4497 de·

70 4531 220 4599 proposito
240 4547 303 4583 eam
329 4529 492 4591 habuisset,
521 4530 569 4583 vix
587 4547 650 4584 eam
675 4528 838 4598 pingebant.

70 4616 230 4677 omisisset,
261 4620 290 4671 et
317 4618 403 4671 verba
428 4616 580 4690 περιστερὰ
603 4621 650 4674 καὶ
