2834 5018
152 299 216 363 526
583 288 897 346 Ηυιιιιιιινωνοιι

152 469 229 550 ὑπέρ
252 478 307 552 τῆς
328 466 471 543 πτελέας.
516 469 615 541 ούτως
637 469 691 530 καί
714 467 744 530 οἱ
764 466 893 551 πένητες
915 467 994 548 ὑπὲρ
1016 475 1083 530 τῶν
1108 463 1281 528 πλουσίων
1302 462 1345 526 ἐν·

152 573 357 658 τυγχάνοντες
380 573 456 654 πρὸς
471 573 524 635 τδν
539 571 645 654 κύριον
660 572 895 657 πληροφοροῶοι
916 573 972 636 τὸν
987 570 1133 634 πλοῦτον
1156 571 1282 648 αὐτῶν,
1296 569 1345 630 καί

152 677 246 742 πάλιν
269 678 298 741 οἰ
320 677 462 740 πλούσιοι
494 686 700 761 χορηγοῦντες
731 686 795 752 τοῖς
821 676 931 760 πένησι
960 677 1001 739 τὰ
1030 674 1151 739 δέοντα
1186 673 1345 759 πληροφο-

153 793 240 865 ροῠσι
262 783 318 856 τὰς
341 781 444 863 ψυχὰς
466 782 580 844 αὐτῶν.
625 784 655 848 9.
679 782 815 866 γίνονται
839 779 893 845 ούν
915 781 1090 864 ἀμφότεροι
1116 781 1274 845 κοινωνοὶ
1296 785 1346 841 τοῦ

127 888 246 971 ιέργου
268 896 323 949 τοῦ
351 885 482 951 δικαίου.
528 895 626 949 ταῦτα
657 883 711 950 οὖν
741 887 759 949 ὁ
786 894 884 949 ποιῶν
913 886 973 948 οὐκ
1002 882 1346 968 ἐγκαταλειφθήσεται

155 991 216 1054 ὑπὸ
239 999 294 1053 τοῦ
317 992 407 1068 θεοῦ,
431 988 503 1052 ἀλλ’
526 990 614 1052 ἔσται
635 989 848 1074 γεγραμμένος
871 991 914 1065 εἰς
935 991 992 1065 τὰς
1016 988 1152 1075 βίβλους
1177 998 1248 1053 τῶν
1271 986 1345 1066 ζῶν·

157 1115 228 1158 των.
277 1095 326 1159 10.
350 1092 497 1176 μακάριοι
521 1093 549 1157 οἰ
572 1094 696 1177 ἔχοντες
719 1096 773 1157 καί
796 1093 958 1173 συνιέντες,
981 1096 1030 1156 δτι
1045 1095 1140 1175 παρὰ
1155 1101 1220 1156 τοῦ
1243 1091 1346 1175 κυρίου

159 1197 394 1275 πλουτίζονται·
419 1196 435 1258 ὁ
458 1198 518 1280 γὰρ
541 1196 654 1261 συνίων
676 1207 767 1261 τοῦτο
790 1198 952 1282 δυνήσεται
974 1198 1030 1259 καί
1052 1196 1259 1281 διακονῆσαί
1280 1218 1317 1263 τι.

596 1369 699 1455 Ἀλλη
722 1369 896 1455 παραβολή.

115 1535 143 1572 ιο
241 1508 363 1586 Ἔδειξέ
385 1529 437 1591 μοι
460 1506 571 1587 δένδρα
593 1505 697 1569 πολλὰ
719 1509 761 1590 μὴ
784 1507 898 1589 ἔχοντα
921 1504 1037 1588 φύλλα,
1060 1506 1140 1570 ἀλλ’
1167 1508 1253 1573 ὡσεί
1276 1508 1346 1592 ξηρὰ

156 1613 257 1677 ἐδόκει
279 1635 330 1697 μοι
354 1609 445 1676 εἰναι·
493 1614 584 1694 ὅμοια
606 1613 667 1695 γὰρ
689 1609 726 1696 ἦν
749 1611 861 1677 πάντα,
906 1613 959 1674 καί
983 1610 1069 1695 λέγει
1093 1632 1169 1694 μοι·
1217 1613 1346 1687 Βλέπεις

153 1721 193 1781 τὰ
226 1718 337 1801 δένδρα
369 1726 484 1796 ταῦτα;
517 1715 646 1796 Βλέπω,
680 1716 773 1801 φημί,
808 1716 909 1799 κύριε,
943 1719 1037 1800 ὃμοια
1069 1718 1155 1781 ὄντα
1179 1720 1241 1782 καί
1265 1717 1344 1803 ξηρέ

154 1822 338 1906 ἀποκριθεές
360 1844 412 1906 μοι
435 1822 535 1906 λέγει·
583 1819 692 1883 Ταῦτα
724 1821 763 1882 τὰ
796 1820 922 1902 δένδρα,
956 1822 978 1882 δί
1009 1818 1164 1905 βλέπεις,
1191 1823 1225 1886 οἱ
1248 1843 1345 1886 κατοι-

154 1937 281 2003 κοῦντες
305 1928 381 1991 εἰοίν
404 1926 437 1990 έν
460 1933 504 2008 τῷ
527 1925 615 1988 αἰῶνι
638 1923 749 2007 τούτῳ.
785 1929 815 1991 2.
839 1924 926 1988 Διατί
941 1921 1006 2003 οὖν,
1024 1924 1119 2009 φημί,
1144 1927 1255 2009 κύριε,
1279 1927 1345 1990 ῶοεί

116 2057 141 2093 ιι
155 2031 233 2116 ξηρά
256 2032 314 2095 εἰσι
337 2032 390 2093 καί
413 2033 522 2113 δμοια;
560 2025 642 2105 Ὅτι,
666 2027 768 2111 φησίν,
793 2031 864 2091 οὔτε
887 2028 915 2092 οἰ
936 2028 1051 2091 δίκαιοι
1076 2029 1259 2111 φαίνονται
1281 2033 1346 2095 οὔτε

155 2134 183 2197 οἱ
206 2133 385 2217 ἁμαρτωλοὶ
409 2133 441 2195 έν
464 2139 508 2214 τῷ
532 2131 621 2194 αἰῶνι
643 2133 754 2214 τούτῳ,
777 2131 850 2195 ἀλλ’
872 2131 972 2214 ὅμοιοί
994 2131 1090 2196 εἰσιν·
1131 2134 1150 2197 ὁ
1184 2139 1253 2220 γὰρ
1276 2137 1345 2199 αἰὼν

155 2236 244 2312 οὗτος
267 2246 329 2311 τοῖς
352 2236 483 2311 δικαίοις
504 2235 622 2319 χειμών
645 2237 720 2316 ἐστι,
743 2239 796 2299 καί
820 2239 856 2300 ού
880 2237 1041 2320 φαίνονται
1057 2241 1235 2321 μετὰτῶν
1251 2245 1345 2327 ἁμαρ·

154 2340 264 2404 τωλῶν
294 2350 522 2421 κατοικοῦντες.
572 2345 602 2408 3.
631 2341 736 2422 ὥσπερ
766 2344 826 2425 γὰρ
854 2341 887 2405 έν
916 2349 959 2424 τῷ
991 2351 1130 2425 χειμῶνι
1162 2349 1210 2409 τὰ
1241 2347 1346 2429 δένδρα

156 2443 396 2530 ἀποβεβληκότα
418 2447 458 2506 τὰ
481 2444 586 2527 φύλλα
609 2447 700 2528 ὅμοια
723 2447 780 2508 εἰσι
803 2448 857 2509 καί
880 2448 915 2509 οὐ
931 2445 1099 2527 φαίνονται
1115 2451 1160 2512 τὰ
1176 2450 1264 2537 ξηροὶ
1279 2451 1346 2516 mei

116 2577 142 2614 ιο
156 2548 232 2610 εἰσιν
255 2548 276 2630 ἡ
298 2549 336 2609 τὰ
359 2548 476 2627 ζῶντα,
507 2552 604 2625 ούτως
637 2549 669 2612 ἐν
699 2557 742 2632 τῷ
773 2550 861 2613 αἰῶνι
892 2551 991 2633 τούτῳ
1014 2552 1053 2613 οὐ
1077 2552 1259 2634 φαίνονται
1282 2559 1345 2620 οὔτε

156 2651 184 2715 οἰ
207 2651 320 2714 δίκαιοι
344 2654 415 2714 οὔτε
438 2652 467 2714 οἰ
490 2651 679 2736 ἁμαρτωλοί,
703 2652 785 2716 ἀλλὰ
808 2654 921 2729 πάντες
943 2653 1045 2736 ὅμοιοί
1068 2656 1165 2721 εἰσιν.

594 2825 696 2910 Ἀλλη
719 2827 892 2912 παραβολὴ.

241 2963 361 3041 Ἐδειξέ
395 2985 446 3047 μοι
477 2963 570 3026 πάλιν
600 2963 711 3046 δένδρα
745 2965 865 3046 πολλοὶ,
887 2968 908 3029 ἃ
930 2966 985 3048 μέν
1017 2965 1239 3051 βλαστῶντα,
1272 2970 1343 3034 ἃδέ

154 3068 242 3152 ξηροί,
265 3071 318 3131 καί
341 3067 425 3152 λέγει
448 3089 513 3149 μοι·
559 3066 710 3147 Βλέπεις,
734 3069 825 3152 φησί,
848 3073 888 3133 τὰ
911 3069 1023 3152 δένδρα
1047 3082 1173 3153 ταῦτα;
1219 3075 1343 3151 Βλέπω,

114 3202 140 3240 2⁶
155 3172 250 3255 φημί,
280 3172 383 3253 κύριε,
413 3172 530 3253 τὰμὲν
554 3170 756 3255 βλαστῶντα,
788 3176 827 3236 τὰ
850 3175 885 3237 δέ
907 3173 993 3259 ξηρά.
1042 3179 1072 3242 2.
1103 3175 1238 3261 Ταῦτα,
1263 3178 1342 3264 φηοέ,

154 3278 193 3339 τὰ
216 3275 326 3358 δένδρα
348 3278 387 3338 τὰ
418 3274 601 3360 βλαοτῶντα
631 3274 660 3337 οἰ
682 3274 795 3338 δίκαιοί
817 3277 893 3341 εἰσιν
916 3277 944 3340 οἰ
975 3276 1150 3361 μέλλοντες
1181 3291 1342 3348 κατοικεῖν

154 3380 197 3453 εἰς
220 3381 273 3442 τὸν
297 3380 395 3443 αἰῶνα
417 3382 470 3442 τδν
493 3378 676 3461 έρχύμενον·
701 3380 718 3441 ὁ
741 3381 802 3462 γὰρ
817 3381 927 3444 αἰὼνύ
949 3381 1121 3465 ἐρχόμενος
1146 3388 1268 3468 θερεία
1283 3385 1342 3449 ἐστὶ

153 3493 216 3557 τοῖς
246 3483 389 3563 δικαίοις,
416 3492 480 3558 τοῖς
511 3483 545 3545 δὲ
574 3482 768 3565 ἁμαρτωλοῖς
800 3482 928 3566 χειμών.
973 3487 1049 3548 ὅταν
1083 3489 1144 3551 οὖν
1175 3489 1342 3575 ἐπιλάμψῃ

154 3587 190 3647 τὸ
221 3586 308 3662 ἔλεος
342 3595 397 3648 τοῦ
428 3586 551 3668 κυρίου,
586 3587 657 3649 τύτε
687 3587 965 3671 φανερωύὴοονται
997 3589 1025 3651 οἰ
1057 3589 1276 3672 δουλεύοντες
1301 3599 1342 3675 τῷ

115 3717 141 3754 ω
154 3692 233 3772 θεῷ,
257 3692 310 3752 καί
333 3691 445 3765 πάντες
469 3690 767 3774 φανερωθήσονται·
813 3696 842 3758 3.
868 3693 972 3774 ὥσπερ
999 3693 1134 3777 γὰρτῷ
1158 3696 1256 3782 δέρει
1280 3699 1342 3772 ἑνὸς

226 3827 238 3878 l
261 3822 335 3882 οὕτω
354 3826 378 3881 G
394 3827 398 3895 Ι
414 3824 483 3899 ύπέρ
503 3836 559 3883 τῶν
576 3830 715 3884 πλουσίων
732 3827 758 3880 h.
770 3826 788 3880 1.
806 3828 875 3882 PLA
889 3848 895 3881 :
907 3832 974 3899 post
991 3829 1090 3902 κύριον
1103 3832 1131 3888 G
1148 3833 1189 3905 12
1210 3838 1247 3895 τύ
1264 3842 1342 3893 πλού

155 3929 202 3975 τος
222 3909 405 3979 Ρ13οἰ...
426 3923 483 3980 τοῖς
502 3913 605 3967 (ὶι...
625 3912 1153 3986 ΡίέγεένονταιΡΙθύκὸΡτιέπό
1174 3921 1343 3993 ΘΙείςτὰς

157 3994 305 4065 (έτ...ας
323 4000 345 4052 Ρ
370 4000 374 4068 Ι
399 4000 591 4072 γεγραμμένος
619 4000 674 4054 ΡΙ,1
688 4019 694 4052 :
707 3997 828 4075 έπιγεγρ.
858 4003 950 4058 GUA
975 4005 981 4073 Ι
1005 4004 1022 4058 8
1040 4003 1057 4061 ὁ
1084 4006 1145 4080 γὰρ
1175 4039 1216 4048 -
1244 4031 1273 4067 τι
1291 4006 1342 4064 PL*

156 4079 236 4146 (UA)
249 4101 255 4133 :
269 4087 302 4149 >
316 4084 340 4138 G
356 4088 360 4151 Ι
375 4091 421 4141 καὶ
438 4092 507 4143 διακ.
528 4108 554 4142 τι
566 4086 621 4140 PL¹
635 4106 641 4138 :
655 4086 764 4154 aliquid
782 4089 850 4143 boni
868 4090 980 4159 operari
993 4091 1034 4155 L‘,
1056 4092 1136 4147 bona
1157 4113 1252 4166 opem
1264 4109 1344 4167 agere

156 4165 180 4216 A
196 4165 201 4233 ἰ
218 4169 248 4221 11
267 4170 375 4241 βλέπεις
393 4173 442 4225 GA
455 4193 461 4225 :
474 4175 508 4243 «Ι-
520 4172 614 4240 inquit
633 4173 654 4226 L
678 4176 682 4243 1
706 4174 739 4226 27
764 4179 860 4248 θερεία
879 4177 902 4231 Ρ
926 4180 945 4243 (.
958 4216 964 4229 .
979 4180 1051 4249 ρεια)
1072 4179 1123 4235 LA
1137 4201 1145 4236 ι
1159 4186 1272 4259 θρόνος
1289 4183 1313 4239 0
1336 4183 1341 4252 Ι

158 4249 191 4302 30
209 4252 310 4320 πάντες
328 4277 424 4331 φανερ.
444 4259 585 4316 (λεπᾶσιν
604 4265 720 4333 φανεροὶ
739 4256 848 4320 ἔσονται
868 4264 906 4332 (ἰ)
926 4262 980 4328 LA,
1000 4303 1069 4319 ....
1089 4268 1114 4321 P
