2834 5018
519 660 584 715 VIS.
603 659 650 723 III,
671 664 692 725 l,
714 662 789 716 1-6.

565 907 654 971 Visio
677 906 732 971 ΙΠ,

157 1043 189 1111 1.
230 1069 326 1130 quam
358 1047 442 1125 vidi,
477 1046 613 1123 fratres,
648 1047 723 1111 talis
758 1052 814 1111 est.
872 1049 902 1111 2.
938 1046 1015 1112 Cum
1050 1049 1239 1113 ieiunassem

64 1153 299 1236 frequentaret
322 1173 484 1235 rogassem
506 1153 683 1230 dominnm,
718 1157 754 1217 ut
776 1153 854 1217 mihi
876 1153 1094 1217 manifestaret
1117 1152 1238 1217 revela·

63 1258 198 1331 tionem,
232 1280 327 1340 quam
349 1258 429 1321 mibi
461 1258 649 1341 promiserat
672 1280 706 1322 se
735 1263 936 1322 ostensurum
967 1279 1035 1322 esse
1065 1278 1122 1340 per
1144 1280 1240 1321 anum

63 1362 169 1437 illam,
202 1362 235 1424 in
258 1363 328 1444 ipsa
351 1367 443 1426 nocte
475 1363 624 1446 apparuit
646 1363 737 1427 mihi.
756 1385 834 1427 anus
858 1367 890 1427 et
912 1362 992 1427 dixit
1020 1361 1115 1425 mihi:
1152 1359 1265 1436 Quo-s

63 1467 150 1530 uiam
173 1466 218 1529 sic
248 1466 393 1549 indigens
417 1488 449 1530 08
473 1489 509 1531 ac
532 1468 691 1531 studiosus
722 1468 930 1552 cognoscendi
957 1467 1081 1544 omnia,
1114 1466 1186 1530 veni
1208 1466 1240 1529 111

65 1591 188 1654 agrum,
213 1570 268 1635 ubi
291 1571 388 1635 alicas
412 1570 503 1648 colis,
537 1576 568 1635 et
591 1572 675 1636 circa
698 1572 807 1636 horam
831 1573 975 1656 quintam
999 1571 1159 1655 apparebo
1182 1569 1241 1634 tibi

65 1680 98 1739 01
120 1677 284 1739 ostendam
306 1676 380 1752 tibi,
413 1698 493 1761 quae
523 1681 649 1760 oportet
678 1682 709 1741 te
732 1678 846 1741 videre.
893 1679 922 1742 3.
946 1675 1145 1759 Interrogavi
1172 1696 1242 1739 eam

64 1780 190 1843 dicens:
215 1780 361 1856 Domina,
385 1781 418 1844 in
442 1804 535 1864 quem
557 1780 662 1846 locum
685 1782 779 1866 agri?
809 1779 883 1858 Ubi,
908 1781 1020 1864 inquit,
1045 1781 1102 1844 vis.
1148 1779 1242 1864 Elegi

64 1885 171 1948 locum
194 1885 339 1968 pulcrum
362 1891 525 1950 semotum.
572 1887 762 1971 Priusquam
786 1890 892 1950 autem
913 1885 1038 1950 locutus
1061 1907 1131 1948 sum
1153 1884 1182 1947 ei
1204 1906 1242 1948 ac
1256 1915 1280 1951 rc

64 1989 130 2052 dixi
153 1988 267 2067 locum,
293 1990 338 2054 ait
360 1990 456 2053 mihi:
477 1990 616 2063 ¹Veniam
630 1990 716 2067 illuc,
742 1991 868 2055 ubivis
915 1991 945 2053 4.
970 1989 1090 2074 Itaque,
1117 1989 1240 2065 fratres,

64 2093 188 2156 contuli
211 2116 261 2157 me
283 2094 316 2158 in
341 2116 453 2178 agrum
476 2098 508 2158 et
530 2096 711 2179 computavi
726 2095 821 2160 horas
845 2101 877 2159 et
899 2094 971 2158 veni
993 2095 1026 2158 in
1049 2093 1163 2169 locum,
1187 2092 1243 2156 ubi

64 2197 292 2271 constitueram
315 2200 415 2262 eima
438 2221 506 2263 esse
529 2204 705 2277 venturum,
731 2205 762 2264 et
785 2201 875 2264 video
896 2197 1081 2263 subsellium
1102 2196 1243 2280 positum

65 2303 249 2377 eburneum,
274 2307 306 2367 et
328 2325 424 2386 super
446 2304 630 2369 subsellium
652 2305 793 2388 positum
816 2309 884 2369 erat
914 2302 1047 2368 cervical
1070 2301 1188 2365 lineum
1212 2304 1243 2364 et

64 2428 163 2488 supra
186 2406 318 2470 linteum
341 2429 515 2492 expansum
537 2409 656 2473 lineum
679 2409 886 2473 carbasinum.
934 2410 962 2471 5.
988 2405 1075 2482 Quae
1098 2428 1169 2469 cum
1194 2405 1243 2468 vi·
1259 2435 1282 2471 u

66 2510 182 2573 dissem
205 2511 310 2593 posita
333 2516 364 2574 01
386 2512 542 2576 neminem
565 2512 597 2576 in
619 2512 691 2577 loco
714 2517 926 2595 praesentem,
951 2510 1151 2593 stupefactus
1174 2531 1244 2573 sum

65 2620 98 2679 01
123 2615 214 2698 quasi
237 2621 356 2679 tremor
379 2638 428 2680 me
452 2617 706 2699 comprehendit,
735 2621 767 2681 et
791 2616 899 2699 capilli
921 2615 984 2679 mei
1006 2619 1177 2689 stetemnt;
1213 2617 1244 2677 et

66 2718 166 2783 veluti
197 2719 309 2784 horror
338 2721 417 2784 mihi
448 2721 596 2796 accessit,
630 2742 825 2786 cumessam
857 2719 953 2784 solus.
1000 2718 1050 2783 Ad
1074 2740 1124 2783 me
1147 2717 1245 2803 igitur

65 2846 140 2888 cum
163 2846 304 2889 reversus
328 2826 459 2889 fuissem
482 2848 519 2890 ae
541 2826 754 2890 meminissem
777 2825 898 2909 gloriae
922 2824 972 2888 dei
995 2827 1026 2887 et
1041 2823 1246 2907 sumpsissem

66 2929 241 3004 audaciam,
265 2930 378 3012 positis
402 2929 534 3012 genibus
552 2930 726 2993 confitebar
749 2929 875 2992 domino
890 2928 1006 2991 iterum
1028 2932 1159 3010 peccata
1174 2947 1244 2989 mea
1258 2955 1283 2991 a>

66 3033 149 3097 sicut
172 3039 204 3097 et
227 3038 308 3097 ante.
356 3035 385 3096 6.
411 3032 471 3095 llla
494 3037 599 3097 autem
623 3034 708 3097 venit
730 3055 802 3098 cum
825 3054 879 3096 sex
901 3032 1085 3108 iuvenibus,
1113 3052 1191 3115 quos
1215 3035 1246 3094 et

65 3142 141 3201 ante
163 3137 319 3214 videram,
353 3141 384 3201 et
407 3137 530 3200 adstitit
557 3143 631 3221 post
653 3160 703 3202 me
734 3143 766 3203 et
789 3138 937 3203 audiebat
966 3159 1015 3201 me
1049 3142 1192 3200 orantem
1215 3138 1246 3198 et

66 3306 154 3359 clesia
171 3308 217 3375 (01.
238 3323 259 3359 0.
272 3309 296 3370 3,
310 3309 345 3376 3),
366 3309 414 3362 sed
436 3325 492 3361 non
511 3324 551 3371 00,
572 3324 644 3375 quae
707 3311 729 3370 1,
748 3309 772 3363 2.
801 3307 951 3380 νηστεύσας
967 3305 1037 3375 att]
1066 3304 1107 3358 01.
1135 3303 1194 3357 Vis.
1213 3302 1245 3364 11.

66 3410 164 3448 omnes
184 3394 372 3458 Christianos,
392 3395 482 3448 iustos
501 3396 530 3447 et
546 3411 644 3463 pecca·
671 3396 695 3459 2,
718 3399 739 3451 1.
776 3390 1246 3449 Ε11011111811108101111101010101

64 3486 162 3542 tores,
190 3479 404 3550 complectitur,
432 3481 481 3534 sed
501 3496 552 3544 00,
572 3499 644 3548 quoe
673 3484 738 3535 ante
767 3482 911 3536 visionem.
950 3480 990 3534 01.
1019 3478 1059 3532 lV
1082 3477 1142 3531 1101.
1161 3478 1184 3539 6,
1205 3477 1245 3530 31.

65 3568 196 3622 continet
209 3567 322 3622 nonnisi
341 3568 430 3622 iustos
443 3569 490 3622 vel
503 3585 568 3622 vere
579 3569 644 3622 fide·
672 3570 714 3624 35.
727 3600 762 3607 -
769 3567 930 3642 χονδριζειν]
946 3569 989 3620 est
1000 3565 1092 3619 forma
1102 3563 1159 3616 alia
1167 3563 1247 3616 verbi

65 3654 116 3708 108.
155 3656 232 3719 Quae
251 3673 314 3709 cum
331 3656 373 3709 110
391 3655 455 3721 sint,
476 3673 532 3709 non
549 3673 645 3710 omnes
670 3656 834 3729 χονδρεὺειν.
875 3654 952 3719 Quae
971 3670 1035 3707 cum
1047 3650 1173 3707 hocloco
1187 3654 1247 3705 tan·

65 3742 177 3811 lapides
197 3743 226 3812 (i.
246 3760 269 3796 e.
289 3743 435 3796 credentes
462 3757 511 3795 scu
530 3743 645 3797 Christi·
672 3746 733 3796 tum
760 3741 921 3796 inveniatur
953 3744 981 3794 et
1009 3756 1064 3793 vox
1090 3737 1248 3810 χονδρεύειν

65 3827 127 3895 ani)
155 3828 191 3881 ad
209 3832 310 3885 turrim
337 3828 541 3883 aedificandam
566 3828 645 3881 adhi·
672 3831 788 3900 insuper
805 3846 869 3882 rara
887 3828 938 3892 sit,
957 3826 1080 3881 librariis
1099 3825 1184 3879 facile
1203 3842 1247 3879 00-

66 3916 185 3979 bantur,
215 3916 265 3970 sed
291 3934 357 3986 pars
385 3921 513 3980 tantum
544 3916 646 3984 reliqui
674 3917 776 3986 gitatio
795 3915 851 3970 loci
868 3913 1037 3968 immutandi
1061 3912 1183 3966 incidere
1200 3927 1247 3981 po-

65 4003 253 4072 prciciuntnr.
273 4003 400 4058 Ecclesia
418 4006 513 4057 autem
528 4002 578 4056 illa
590 4020 647 4057 non
674 4004 737 4057 tuit.
758 4001 800 4057 01.
821 4001 899 4055 Zahn
916 4002 934 4055 1.
953 4017 976 4054 0.
994 4018 1021 4069 p.
1041 3999 1082 4054 83.
1120 3999 1161 4053 110
1180 4015 1248 4070 agro

66 4088 160 4143 solum
178 4090 208 4143 in
235 4091 321 4144 caelis
349 4093 406 4154 081,
436 4091 485 4144 sed
511 4092 597 4144 etiam
617 4091 647 4143 in
674 4090 794 4144 Hermae
813 4089 848 4145 01.
868 4087 924 4142 Vis.
944 4088 991 4149 IV,
1015 4089 1036 4151 1,
1056 4087 1079 4139 2.

65 4182 159 4239 terram
179 4177 378 4246 complectitur
391 4178 465 4230 enim
485 4195 542 4232 uon
555 4177 646 4232 solum
708 4179 733 4231 4.
753 4175 887 4249 ἐγενόμην
904 4174 973 4244 κτλ.]
995 4170 1188 4235 0111111019,
1202 4173 1249 4226 26:

65 4265 210 4328 mortuos,
235 4263 285 4317 sed
304 4263 391 4317 etiam
410 4263 535 4318 viventes
555 4264 602 4334 (cf.
623 4281 645 4318 c.
675 4263 711 4318 Et
728 4263 872 4332 profectus
892 4280 967 4325 sum,
987 4261 1061 4315 siout
1080 4260 1154 4314 dixit
1171 4260 1248 4325 mihi,

65 4354 93 4415 5,
116 4355 142 4418 1)
162 4354 248 4418 atque
268 4351 433 4404 aedificatur
450 4349 480 4402 in
500 4354 583 4405 terra.
605 4350 646 4404 cf.
675 4350 705 4403 in
732 4366 873 4417 campum,
903 4349 952 4416 qui
980 4352 1097 4403 vocatur
1124 4347 1249 4417 Arphad,

64 4438 160 4500 Zahn‚
191 4440 249 4493 Der
268 4440 330 4494 Hint
348 4456 374 4507 p.
397 4437 540 4492 194-210.
559 4439 646 4507 Apoc.
660 4484 662 4505 ,
676 4444 704 4492 01
723 4436 782 4491 sedi
801 4433 849 4489 ibi.

64 4526 151 4582 Pauli
171 4544 192 4580 c.
215 4527 316 4581 19-30
344 4523 481 4578 nonnulla
507 4523 647 4595 leguntur,
710 4527 734 4579 5.
753 4522 901 4597 πρότερον]
922 4521 963 4577 01.
983 4522 1042 4576 Vis.
1062 4521 1081 4585 Ι,
1104 4521 1125 4582 1,
1145 4522 1168 4574 3.

65 4629 143 4682 quae
156 4613 222 4668 huic
235 4611 338 4667 visioni
351 4615 476 4683 cognata
489 4610 646 4667 videantur.
709 4611 734 4666 6.
754 4609 914 4679 νεανίσκων]
935 4608 975 4663 01.
995 4608 1054 4663 Vis.
1074 4609 1093 4673 l,
1112 4608 1136 4671 4,
1158 4608 1180 4662 1.

123 4719 164 4758 Fu
174 4731 189 4758 n
199 4720 228 4773 k,
242 4721 324 4760 Patro·
339 4723 415 4768 00011.
431 4719 469 4760 ed.
481 4717 515 4759 II.
999 4702 1041 4765 28
