2834 5018
438 657 488 710 AD
507 654 716 711 MAGNESIOS
735 655 795 720 VH,
816 657 914 720 l-IX‚
935 661 957 713 1.
1227 661 1290 725 237

112 837 193 901 nihil
216 835 304 911 fecit,
328 857 430 920 neque
452 857 510 918 per
533 859 566 901 se
589 838 694 922 ipsum
716 858 818 919 neque
841 857 899 920 per
920 837 1099 920 apostolos:
1123 838 1169 902 ita
1189 858 1291 921 neque

112 963 168 1005 vos
203 941 271 1005 sine
301 942 450 1025 episcopo
483 945 515 1005 et
544 940 737 1024 presbyteris
770 941 942 1025 quidquam
973 941 1155 1025 peragatis3
1190 964 1292 1026 neque

113 1046 365 1132 aggrediamini,
397 1053 434 1111 ut
466 1046 638 1131 quidquam
661 1069 680 1110 a
702 1045 792 1111 vobis
825 1046 997 1129 separatim
1026 1045 1147 1110 factum
1179 1047 1292 1113 decens

114 1157 286 1236 appareat,
311 1154 367 1216 sed
388 1153 422 1216 in
444 1173 544 1216 unum
566 1152 824 1216 convenientibus
847 1173 910 1215 una
932 1150 974 1215 sit
996 1151 1108 1228 oratio,
1132 1174 1195 1215 una
1217 1174 1291 1237 pre·

115 1257 209 1331 cati0,
234 1278 297 1320 una
319 1276 422 1332 mens,
454 1277 517 1319 une
540 1275 613 1337 spes
634 1255 668 1318 in
691 1255 840 1330 caritate,
871 1254 905 1318 in
927 1255 1043 1339 gaudio
1066 1260 1183 1331 sancto,
1208 1256 1319 1339 quode

116 1367 164 1424 est
188 1360 276 1423 lesus
300 1359 454 1436 Christus,
479 1380 541 1444 quo
564 1359 644 1423 nihil
667 1360 882 1444 praestantius
905 1365 963 1425 est.
1010 1363 1040 1425 2.
1066 1360 1183 1425 Omnes
1206 1361 1294 1425 velut

115 1466 148 1529 in
172 1488 269 1528 unum
285 1466 442 1549 templum
459 1466 508 1528 dei
524 1465 708 1542 concurrite,
733 1465 820 1530 velut
836 1467 876 1529 ad
890 1488 990 1530 unum
1005 1465 1115 1542 altare,
1140 1466 1180 1529 ad
1194 1487 1293 1530 unum

113 1569 221 1634 lesum
244 1566 421 1646 Christum,
456 1570 510 1653 qui
533 1572 574 1635 ab
597 1591 661 1634 uno
683 1574 774 1654 patre
806 1571 925 1654 prodiit
948 1576 980 1636 et
1002 1572 1089 1656 apud
1110 1593 1208 1635 unum
1231 1571 1294 1636 fuit

113 1675 154 1739 ad
178 1696 313 1758 eumque
337 1696 478 1739 reversus
502 1680 559 1741 est.

200 1778 291 1844 VIII.
315 1780 366 1846 Ne
389 1780 582 1846 seducamini
614 1779 726 1845 alienis
749 1781 898 1846 doctrinis
930 1803 1032 1866 neque
1062 1783 1219 1847 veteribus
1242 1782 1292 1846 fa·
1308 1800 1332 1836 10

112 1887 210 1956 bulis,
235 1909 316 1971 quae
339 1892 413 1951 sunt
435 1885 574 1950 inutiles.
621 1885 654 1949 Si
677 1885 760 1949 enim
783 1885 886 1949 adhuc
918 1885 1007 1949 iuxta
1028 1885 1223 1951 Iudaismum
1245 1887 1293 1951 vi·

112 1991 234 2068 vimus,
265 1992 465 2067 confitemur,
500 2012 557 2054 nos
581 1991 718 2074 gratiam
740 2012 804 2054 non
828 1989 994 2073 accepisse.
1041 1990 1070 2053 2.
1095 1991 1294 2056 Divinissimi

114 2118 253 2180 namque
275 2097 450 2181 prophetae
478 2097 568 2160 iuxta
588 2094 694 2159 Iesum
718 2094 878 2159 Christum
907 2095 1060 2158 vixerunt.
1108 2095 1157 2160 Ob
1180 2096 1240 2160 hoc
1263 2100 1295 2160 et

115 2201 367 2284 persecutionem
394 2201 481 2284 passi
504 2203 594 2277 sunt,
630 2200 735 2284 gratia
764 2199 864 2283 ipsius
887 2199 1050 2282 inspirati,
1081 2204 1117 2263 nt
1139 2200 1294 2265 increduli

116 2306 194 2369 certi
218 2305 440 2381 redderentur,
474 2306 558 2387 quod
580 2327 661 2369 unns
684 2304 726 2368 sit
749 2304 840 2378 dena,
866 2302 921 2386 qui
944 2303 1082 2387 seipsum
1105 2304 1292 2369 manifesta·
1310 2321 1335 2359 ¹⁶

116 2410 197 2474 verit
219 2431 277 2492 per
299 2409 403 2473 lesum
426 2408 587 2473 Christum
609 2408 710 2472 filium
733 2430 842 2483 suum,
878 2407 932 2491 qui
955 2410 1003 2470 est
1032 2407 1163 2471 verbum
1186 2409 1253 2472 eius
1277 2430 1294 2472 e

115 2513 243 2576 silentio
274 2534 494 2598 progressum,
533 2513 587 2595 qui
615 2513 647 2576 in
677 2512 821 2576 omnibus
852 2513 899 2588 ei,
935 2511 990 2595 qui
1018 2512 1124 2596 ipsum
1152 2513 1292 2591 miserat,

115 2616 317 2700 complacuit.

205 2721 261 2785 IX.
286 2721 321 2786 Si
343 2723 450 2807 igitur,
477 2722 531 2804 qni
553 2722 586 2784 in
608 2721 707 2785 veteri
730 2743 834 2785 rerum
857 2721 965 2786 ordine
986 2722 1148 2805 degerunt,
1174 2723 1214 2785 ed
1235 2743 1293 2787 no·

115 2850 188 2890 vam
220 2849 308 2909 spem
337 2831 563 2910 perveneumt,
595 2849 659 2890 non
688 2826 825 2911 amplius
857 2827 1026 2891 sabbatum
1053 2826 1209 2904 colentes,
1240 2828 1295 2891 sed
1308 2842 1333 2879 2⁰

117 2961 251 3015 Severum
261 2962 474 3024 Antiochenum,
485 2961 534 3029 qui
546 2963 639 3015 aetate
647 2961 690 3014 Ti·
703 2962 706 3041 l
720 2967 818 3017 sancto
837 2965 960 3030 martyre
978 2965 1180 3025 removeretur,
1209 2979 1294 3029 qnam

115 3050 231 3102 motheo
252 3050 379 3118 fereper
398 3052 456 3112 est,
476 3049 580 3103 notitia
598 3054 692 3103 autem
720 3067 753 3103 eu
772 3066 833 3103 esse
852 3048 979 3103 delenda.
1015 3050 1116 3117 Itaque
1143 3049 1294 3103 lectionem

119 3134 528 3206 epistuln1·umlgnatianarum
547 3152 610 3190 enm
629 3154 692 3206 sup·
719 3136 871 3206 vulgatam,
882 3152 955 3204 quae
965 3136 1169 3191 recentioribus
1182 3140 1294 3191 tantum

117 3227 178 3277 erat
196 3223 357 3292 (profitetur
369 3224 464 3291 aliquo
475 3223 546 3286 loco,
557 3240 587 3276 se
596 3223 691 3293 plures
718 3224 840 3277 testibus
859 3223 974 3286 nititur,
1001 3239 1090 3290 aeque
1116 3239 1149 3276 ec
1168 3223 1247 3277 Zehn
1265 3227 1294 3277 et

118 3313 229 3366 codices
249 3309 409 3373 contulisse,
431 3311 522 3365 Curet.
541 3309 600 3373 213,
620 3310 691 3379 245),
719 3309 866 3380 Lightloot
902 3311 1061 3377 relinquere
1095 3327 1152 3364 non
1187 3309 1293 3364 dubito.

117 3416 181 3452 cum
199 3399 326 3452 versione
346 3397 507 3451 armeniaca
524 3397 691 3459 consentire,
719 3397 821 3451 Sensus
841 3401 937 3451 autem
956 3399 1046 3451 nostri
1065 3398 1120 3452 loci
1139 3401 1196 3452 est:
1216 3397 1293 3452 Chri-

115 3504 173 3541 non
184 3484 340 3538 haesitabis
350 3485 416 3539 huic
425 3484 550 3554 palmam
559 3484 690 3539 tribuere.
719 3490 779 3541 stus
799 3490 865 3540 ante
884 3485 997 3539 saecula
1023 3486 1099 3555 apud
1117 3490 1229 3556 patrem
1249 3501 1294 3538 ex·

116 3572 252 3634 Accedit,
284 3570 360 3638 quod
378 3572 464 3625 lectio
483 3575 566 3645 λόγος
584 3570 640 3629 ἀπὸ
659 3572 691 3625 li·
719 3576 821 3628 sistens
840 3575 875 3640 (6,
897 3576 923 3643 1)
942 3578 1008 3643 post
1025 3573 1141 3643 longum
1159 3573 1241 3641 quasi
1259 3572 1293 3626 si-

116 3660 224 3713 brarios
251 3658 386 3724 quosdam
412 3658 523 3713 lucilius
549 3659 692 3714 offendere
719 3660 836 3714 lentium
868 3677 931 3714 cnm
962 3660 1121 3714 hominibus
1150 3676 1294 3714 conversa·

115 3749 229 3817 poterat
249 3762 335 3812 quam
354 3745 451 3799 altera.
490 3748 559 3801 Cum
578 3746 691 3801 Graecis
719 3752 797 3801 turus
811 3749 841 3801 in
859 3747 993 3802 mundum
1006 3747 1114 3817 prodiit
1133 3747 1295 3801 aeverbum

118 3833 323 3887 recentioribus
349 3834 381 3889 τὸ
400 3840 551 3904 προελθεῖν
577 3849 691 3903 genera-
719 3835 763 3890 vel
783 3855 813 3891 os
832 3837 884 3892 Dei
912 3836 1003 3903 (Rom.
1022 3835 1046 3898 8,
1067 3837 1095 3903 2)
1123 3835 1221 3889 evasit.
1252 3832 1293 3886 cf.

118 3919 224 3974 tionem
238 3919 343 3973 Christi
362 3924 506 3974 aeternam
520 3919 693 3988 signiticaret
704 3960 707 4003 Ι
719 3921 875 3991 Prolegom.
889 3924 942 3977 cd
959 3954 994 3962 -
1011 3945 1037 3979 κ.
1050 3924 1141 3979 πάντα
1154 3920 1295 3994 είηρὲστη-

118 4008 165 4074 (cf.
193 4007 311 4060 Severus
339 4007 403 4059 Ant.
433 4005 525 4059 Curet.
553 4007 611 4068 213,
630 4007 770 4074 alapam
786 4010 855 4079 nt]
875 4009 917 4064 cf.
936 4009 1032 4063 Iosnn
1052 4010 1076 4072 8,
1096 4009 1137 4062 29.

118 4100 147 4148 et
165 4093 258 4148 verbis
282 4094 337 4149 ἀπὸ
360 4105 438 4164 σιγῆς
461 4093 611 4164 προελθὼν
629 4092 692 4145 doc·
755 4096 800 4159 IX,
821 4098 843 4149 1.
865 4096 890 4153 οἱ
910 4094 940 4152 ἐν
957 4102 1085 4163 παλαιοῖς
1102 4096 1172 4164 κτλ]
1192 4097 1208 4148 i.
1224 4112 1247 4148 e.
1265 4094 1294 4157 ii,

118 4182 193 4236 trina
204 4182 414 4250 proponeretur,
433 4195 505 4247 quae
519 4185 619 4247 quarto
632 4180 693 4247 qui·
721 4183 812 4248 quiin
830 4182 942 4252 legibus
956 4183 1077 4238 iudaicis
1091 4184 1192 4237 imbuti
1206 4186 1294 4237 erant.

119 4268 184 4322 dem
204 4267 314 4321 saeculo
327 4266 472 4320 Valentini
492 4266 620 4321 Gnostici
632 4283 692 4320 esse
721 4268 823 4324 Sensus
843 4276 899 4325 est:
929 4270 952 4323 si
970 4270 1068 4325 Iudaei
1096 4272 1132 4325 ad
1152 4268 1295 4326 Christum

118 4355 268 4409 videbatur
295 4352 401 4421 (Cyrill.
421 4352 481 4406 Cat.
500 4353 552 4413 Vl,
574 4353 632 4423 17),
660 4352 692 4405 li·
720 4357 847 4410 conversi
861 4357 1011 4411 sabbatum
1023 4357 1172 4412 observare
1186 4357 1295 4412 desine·

121 4442 231 4495 brarins
252 4441 365 4494 facilius
384 4442 413 4495 in
433 4439 634 4509 cogitationem
652 4441 692 4494 in·
719 4441 797 4503 bant,
817 4441 985 4497 Christianis
1006 4462 1020 4498 e
1040 4443 1194 4515 gentilibus
1212 4446 1249 4514 (v.
1266 4446 1294 4514 2)

121 4528 213 4582 cidere
230 4529 339 4596 pot-uit,
364 4528 450 4582 verba
474 4526 560 4595 ἀΐδιος
584 4528 635 4587 οὐκ
653 4528 692 4582 in·
721 4530 808 4583 etiam
820 4530 912 4583 minus
926 4531 993 4585 licet
1006 4530 1078 4585 ritus
1095 4530 1223 4587 iudaicoe
1236 4549 1294 4587 sec·

121 4617 240 4670 serenda
258 4632 327 4677 esse,
347 4621 379 4670 ut
398 4615 520 4684 suspicio
539 4615 663 4671 haeresis
676 4634 694 4670 a
719 4615 783 4672 tari.
803 4647 837 4657 —
854 4618 995 4691 κυριακήν]
1015 4617 1296 4690 Subintellagendum
