2834 5018
167 293 230 356 508
599 283 753 338 υυιωιωι
772 282 913 338 PASTOR

170 467 219 529 11.
243 464 343 525 ἀκουε
364 471 428 540 νῦν,
453 461 537 545 φησί,
560 462 628 543 περὶ
651 468 706 523 τοῦ
730 459 903 542 πνεύματος
926 469 982 522 τοῦ
1006 458 1161 544 ἐπιγείου
1198 463 1260 525 καί
1286 471 1363 526 κενοῦ

167 569 222 631 καί
245 567 373 650 δύναμιν
396 570 438 651 μή
462 567 599 648 ἔχοντος,
622 564 705 627 ἀλλὰ
738 566 827 640 όντος
849 574 965 647 μωροῦ.
1015 569 1067 631 12.
1096 574 1241 648 πρῶτον
1276 565 1365 650 μὲνό

168 674 337 753 ἅνθρωπος
370 671 488 746 ἐκεῖνος
519 669 662 732 ὁδοκῶν
694 678 817 751 πνεῦμα
843 669 925 751 ἔχειν
949 669 1025 751 ύήοῖ
1048 669 1176 734 ἔαυτόν
1203 673 1265 734 καί
1290 671 1364 738 θέλε

168 775 447 858 πρωτοκαθεδρίαν
470 774 552 857 ἔχειν
575 774 629 836 καί
653 773 750 847 εὐθὺς
773 772 880 855 ἰταμός
904 772 968 835 ἔστι
991 775 1046 836 καί
1063 775 1215 861 ἀναιδὴς
1241 778 1299 840 καί
1320 798 1364 839 τι»

144 881 307 957 ιλύλαλος
337 882 391 943 καί
422 879 454 943 ἔν
477 887 606 961 τρυφαῖς
629 876 760 951 πολλαῖς
784 878 1057 961 ἀναστρεφόμενος
1081 882 1144 943 καί
1183 881 1223 944 ἔν
1259 881 1365 964 ἑτέρας

168 986 301 1061 πολλαῖς
324 985 458 1059 ἀπάταις
481 984 535 1046 καὶ
559 983 674 1065 μισθόν
698 979 851 1064 λαμβάνει
874 990 927 1064 τής
942 983 1146 1067 προφητείας
1171 987 1301 1050 αὐτοῦ·
1323 986 1366 1050 ἐὰν

169 1091 267 1174 δὲμὴ
292 1089 383 1175 λάβη,
409 1090 444 1152 ού
476 1085 672 1170 προφητεύει.
719 1084 847 1149 δύναται
879 1082 932 1149 ούν
962 1095 1088 1170 πνεῦμα
1126 1092 1229 1155 θεῖον
1260 1092 1365 1175 μισθὸν

170 1194 339 1280 λαμβάνειν
362 1195 415 1257 καὶ
437 1190 660 1276 προφητεύειν;
683 1192 742 1254 ούκ
764 1190 921 1273 ἐνδέχεται
944 1201 1037 1254 τοῦτο
1053 1202 1165 1257 ποιεῖν
1193 1198 1283 1261 θεοῦ
1304 1215 1366 1277 πρυ·

172 1299 292 1382 φήτην,
324 1297 408 1360 ἀλλά
441 1306 503 1361 τῶν
538 1295 685 1360 τοιούτων
718 1305 885 1380 προφητῶν
913 1295 1049 1379 ἐπίγειόν
1074 1296 1149 1362 ἔστι
1175 1302 1217 1362 τὸ
1243 1311 1364 1384 πνεῦμα

132 1408 223 1470 1013.
248 1401 315 1467 είτα
345 1402 427 1478 όλως
456 1402 498 1477 εἰς
522 1403 707 1485 συναγωγήν
731 1400 851 1483 ἀνδρῶν
874 1399 1002 1463 δικαίων
1034 1402 1096 1463 ούκ
1133 1402 1276 1488 ἐγγίζει,
1307 1403 1366 1468 ἀλλ’

171 1507 342 1592 ἀποφεύγει
366 1506 494 1583 αύτούς·
517 1505 671 1569 κολλᾶται
694 1505 728 1568 δὲ
751 1514 813 1580 τοῖς
837 1503 977 1586 διψύχοις
1000 1506 1054 1568 καί
1071 1517 1188 1583 κενοῖς
1210 1512 1272 1572 καί
1296 1510 1366 1572 κατὰ

171 1612 287 1698 γωνίαν
311 1614 414 1688 αὐτοῖς
437 1611 623 1695 προφητεύει
645 1612 698 1673 καί
722 1611 828 1693 ἀπατᾷ
851 1610 962 1683 αὐτοὺς
985 1607 1095 1672 λαλῶν
1113 1614 1210 1675 κατὰ
1230 1615 1291 1690 τὰς
1313 1613 1366 1677 ἐυ-

172 1717 288 1801 θυμίας
312 1718 414 1780 αὐτῶν
437 1716 540 1779 πάντα
562 1724 678 1791 κενῶς·
702 1723 803 1790 κενοῖς
825 1716 886 1797 γὰρ
908 1715 961 1776 καί
985 1714 1222 1796 ἀποκρίνεται·
1259 1719 1366 1802 τὸγὰρ

172 1825 262 1887 κενδν
285 1831 396 1897 σκεῦος
418 1823 497 1905 μετά
519 1828 581 1883 τῶν
613 1829 713 1883 κενῶν
737 1818 958 1902 συντιθέμενον
992 1819 1029 1881 οὐ
1065 1820 1261 1902 θραύεται,
1297 1821 1368 1886 ἀλλὰ

134 1954 159 1990 ιι
173 1936 390 2011 συμφωνοῦσιν
414 1924 572 2008 ἀλλήλοις.
621 1928 670 1990 14.
694 1926 769 1987 όταν
792 1924 827 1987 δὲ
849 1923 931 2006 ἔλθη
962 1922 1004 1998 εἰς
1033 1928 1243 2010 συναγωγὴν
1276 1927 1367 2010 πλήρη

174 2033 294 2114 ἀνδρῶν
317 2031 445 2095 δικαίων
469 2030 605 2113 ἑχόντων
628 2038 749 2112 πνεῦμα
772 2027 922 2112 θεότητος
944 2029 997 2090 καί
1021 2027 1167 2106 ἔντευξις
1194 2031 1257 2095 ἀπ’
1274 2034 1367 2095 αὐτῶν

173 2137 309 2222 γίνηται,
332 2147 476 2201 κενυῦται
501 2135 518 2197 ό
542 2138 710 2218 ἄνθρωπος
734 2134 937 2213 ἐκεῖνος,καί
960 2133 996 2194 τό
1018 2142 1149 2216 πνεῦμα
1172 2137 1213 2198 τό
1239 2135 1368 2221 ἐπίγειον

174 2243 237 2303 ἀπό
260 2251 314 2304 τοῦ
338 2240 437 2326 φόβου
461 2240 567 2324 φεύγει
591 2239 644 2302 ἀπ’
669 2241 774 2318 αὐτοῦ,
797 2240 851 2301 καί
866 2246 1028 2319 κωφοῦται
1044 2236 1061 2298 ό
1079 2239 1272 2320 ἅνθρωπος
1295 2241 1368 2304 ἐκέ·

175 2367 226 2420 νος
248 2348 301 2408 καί
325 2345 406 2422 ὅλως
430 2345 649 2427 συνθραύεται,
673 2344 768 2429 μηδὲν
784 2343 952 2427 δυνάμενος
968 2340 1118 2425 λαλήσαι.
1157 2348 1215 2411 15.
1243 2345 1303 2409 ἐὰν
1317 2347 1369 2429 γὰρ

136 2473 161 2511 τι
175 2449 218 2524 είς
241 2450 409 2535 ἀποθήκην
433 2451 580 2535 στιβάοης
603 2447 685 2512 οίνον
708 2448 728 2531 ή
751 2447 856 2511 ἔλαιον
879 2449 932 2509 καί
948 2446 980 2510 ἐν
996 2447 1103 2522 αὐτοῖς
1127 2450 1201 2533 θῇς
1223 2452 1369 2534 κεράμιον

174 2556 266 2617 κενδν
289 2557 342 2618 καί
365 2554 459 2618 πάλιν
483 2554 690 2640 ἀποστιβάσαι
714 2552 853 2637 θελήοης
874 2555 930 2636 τήν
952 2551 1136 2636 ἀποθήκην,
1157 2556 1199 2617 τό
1216 2557 1365 2639 κεράμιον

175 2658 285 2739 ἔκεῖνο,
309 2663 326 2724 ὃ
349 2662 472 2745 ἔθηκας
496 2660 598 2739 κενόν,
621 2660 713 2722 κενόν
736 2660 790 2721 καὶ
807 2657 961 2740 εὑρήσεις·
986 2658 1068 2719 ούτω
1084 2659 1142 2719 καί
1161 2658 1195 2722 οἱ
1212 2670 1367 2743 προφῆτα

175 2765 204 2829 οἱ
226 2767 310 2829 κενοί
334 2767 408 2829 όταν
432 2765 570 2831 ἔλθωσιν
594 2766 637 2841 είς
659 2764 821 2847 πνεύματα
844 2763 984 2843 δικαίων,
1008 2762 1111 2825 ὁποῖοι
1142 2761 1281 2848 ἦλθον,
1315 2785 1367 2826 τα·

175 2880 259 2933 οῦτοι
281 2872 335 2933 καί
359 2870 563 2953 εὑρίσκονται.
611 2875 661 2937 16.
689 2871 771 2953 ἔχεις
801 2867 984 2953 ἀμφοτέρων
1008 2874 1069 2929 τῶν
1102 2878 1288 2953 προφητῶν
1318 2870 1366 2950 τήν

137 2991 163 3029 2⁶
176 2973 276 3057 ζωήν·
300 2975 451 3058 δοκίμαζε
474 2971 528 3038 ούν
553 2975 615 3036 ἀπό
638 2982 700 3036 τῶν
723 2973 823 3057 ἔργων
846 2973 900 3035 καί
924 2981 977 3055 τής
1000 2970 1084 3053 ζωῆς
1108 2970 1166 3033 τόν
1193 2973 1365 3054 ἄνθρωπον

175 3079 228 3141 τόν
251 3077 384 3162 λέγοντα
406 3079 517 3142 ἔαυτόν
540 3076 796 3160 πνευματοφόρον
820 3074 906 3140 είναι.
955 3077 1005 3140 17.
1040 3075 1078 3136 σὺ
1103 3072 1140 3136 δὲ
1165 3074 1302 3140 πίστευε
1324 3081 1362 3156 τῷ

175 3182 325 3265 πνεύματι
348 3190 392 3265 τῷ
417 3180 575 3265 ἐρχομένῳ
598 3183 661 3244 ἀπό
685 3191 739 3244 τοῦ
763 3184 842 3246 θεοῦ
867 3182 920 3243 καί
944 3181 1047 3262 ἔχοντι
1070 3176 1230 3261 δύναμιν·
1260 3189 1306 3264 τῷ
1336 3178 1365 3241 δὲ

175 3285 325 3369 πνεύματι
349 3294 393 3370 τῷ
417 3285 542 3371 ἔπιγείῳ
566 3288 619 3350 καί
643 3294 724 3369 κενῷ
748 3285 843 3370 μηδὲν
866 3285 1001 3362 πίστευε,
1026 3284 1073 3345 ότι
1098 3281 1132 3345 ἔν
1156 3285 1250 3367 αύτῷ
1274 3284 1362 3347 δύνα-

176 3412 225 3474 μις
260 3392 318 3454 ούκ
350 3393 449 3455 ἔστιν·
495 3392 558 3454 ἀπό
592 3400 646 3454 τοῦ
680 3389 828 3476 διαβόλου
860 3391 921 3474 γὰρ
951 3389 1085 3470 ἔρχεται.
1136 3389 1191 3454 18.
1229 3391 1361 3452 ἄκουσον

138 3511 163 3549 ³0
179 3492 265 3580 [οὖν]
289 3498 345 3578 τήν
368 3495 559 3581 παραβολήν,
583 3495 620 3578 ήν
642 3494 747 3578 μέλλω
772 3517 820 3558 σοι
843 3493 961 3578 λέγειν·
985 3490 1064 3577 λάβε
1087 3490 1184 3558 λίθον
1210 3495 1266 3556 καί
1289 3490 1361 3578 βάλε

178 3600 220 3675 είς
242 3601 295 3663 τόν
318 3599 458 3681 οὐρανόν,
482 3599 538 3679 ἴδε,
561 3599 588 3662 εί
610 3598 741 3662 δύνασαι
769 3599 918 3682 ἅψασθαι
941 3599 1054 3661 αὐτοῦ·
1101 3598 1123 3681 ἢ
1158 3597 1257 3662 πάλιν
1288 3594 1362 3680 λάβε

178 3704 299 3786 σίφωνα
322 3705 433 3779 ύδατος
461 3705 515 3766 καί
546 3701 713 3786 σιφιύνισον
744 3703 787 3778 είς
819 3704 872 3766 τόν
904 3701 1051 3783 οὐρανόν,
1075 3701 1142 3780 ἰδε,
1175 3702 1206 3765 εἰ
1235 3703 1363 3766 δύνασαι

249 3905 1074 3979 1νῦνΙιιοῦνῦ,>116μισῦὸν(ὶῦῖΑιμισῦοῦςΙο1
1097 3909 1102 3978 1
1126 3908 1364 3979 ’ίμισθόνιμισ-

178 3997 320 4066 901391211
339 4000 414 4064 11112
431 4001 607 4070 καταγωνίαν
627 3996 720 4068 (1112
739 4003 842 4055 λαλοῦν
861 3997 884 4052 G
909 3997 913 4067 1
937 3995 969 4051 16
990 3996 1129 4065 θεότητος
1150 3995 1223 4067 Lm)
1237 4017 1244 4051 ι
1258 4000 1364 4055 oam-

179 4083 270 4137 tovG
296 4085 299 4152 Ι
324 4082 370 4140 ἀπ’
390 4082 517 4140 [ἐάντ’
538 4083 695 4150 G‚>L¹A
720 4084 724 4153 Ι
749 4083 876 4155 αύτῆςίλ
900 4084 904 4150 1
933 4085 963 4137 17
983 4079 1109 4153 ἐπίγειον
1134 4079 1300 4157 ΙιΑιῖίγισν
1318 4084 1364 4152 61

181 4168 212 4221 19
230 4169 314 4238 μηδὲν
332 4171 470 4242 Β1Α1ιμή
489 4171 583 4242 (1130
602 4165 653 4228 οὖν
672 4171 914 4242 ύ1Α1ι>ίλ131
934 4168 973 4227 ίόε
992 4200 1026 4208 -
1044 4168 1181 4239 αύτυῦ>
1198 4169 1232 4225 L¹
1250 4172 1305 4243 182
1323 4193 1367 4230 συ·

180 4252 346 4325 φώνισονίλ
