2834 5018
411 671 545 727 PAPIAE
563 670 791 728 FRAGMENTA
802 672 849 736 ΙΙΙ,
862 672 947 726 2-v.
1202 679 1266 743 363

178 849 268 913 diora
290 854 321 913 et
344 850 465 915 maiora
488 850 673 934 apparuisse
696 855 791 934 atque
814 872 872 934 per
894 872 931 914 ea
950 851 1070 915 saniem
1092 856 1124 915 et
1146 873 1266 917 vermes

178 977 216 1018 ex
239 959 307 1019 toto
332 977 463 1039 corpore
478 956 671 1020 confluentes
694 956 727 1019 in
750 955 972 1020 contumeliam
992 977 1064 1019 cum
1086 975 1266 1020 excremen-

178 1059 219 1123 tis
242 1059 321 1143 ipsis
353 1060 477 1143 elapsos
509 1081 586 1124 csse.
633 1061 661 1124 3.
686 1060 765 1124 Post
796 1061 898 1124 multa
921 1064 1027 1124 autem
1048 1064 1207 1124 tormenta
1229 1082 1266 1124 ac

177 1164 333 1228 cruciatus
366 1187 438 1229 eum
466 1165 500 1228 in
531 1186 603 1241 suo,
635 1169 672 1228 ut
702 1164 807 1240 aiunt,
840 1164 969 1248 praedio
1000 1168 1142 1228 mortuus
1173 1169 1265 1242 esset,

176 1268 339 1350 praedium
356 1268 461 1332 odoris
484 1291 580 1333 causa
595 1290 696 1352 usque
718 1269 833 1333 adhoc
855 1273 980 1354 tempus
997 1269 1154 1333 desertum
1177 1274 1209 1333 et
1224 1271 1264 1334 ab
1280 1296 1292 1333 s

176 1372 288 1436 incolis
310 1394 444 1436 vacuum
461 1393 537 1448 esse,
561 1394 663 1456 neque
687 1394 877 1457 quemquam
892 1395 993 1457 usque
1016 1374 1057 1438 ad
1080 1373 1266 1439 hodiernum

177 1475 260 1539 diem
282 1498 339 1559 per
370 1476 461 1541 illum
483 1477 586 1542 locum
618 1479 753 1542 transire
779 1500 889 1562 posse,
922 1479 984 1543 nisi
1006 1501 1098 1543 nares
1119 1478 1266 1543 manibus

177 1579 351 1645 obturaret.
398 1578 521 1646 Tantus
537 1604 595 1666 per
617 1604 744 1647 caruem
767 1583 834 1648 eius
850 1583 947 1647 etiam
969 1584 1141 1648 interram
1163 1583 1267 1647 fluxus

178 1685 280 1749 elatus
303 1689 382 1749 est.“

653 1860 708 1924 IV.
1282 1885 1307 1921 ιο

177 1996 295 2082 Papias
323 2003 429 2064 autem
458 1998 503 2062 sic
524 1998 733 2064 verbotenus:
765 1998 936 2064 Nonnullis
967 2021 1004 2064 ex
1027 2000 1122 2084 ipsis,
1147 1999 1267 2064 scilicet

89 2100 214 2184 angelis
238 2102 396 2185 quondam
419 2096 548 2180 dimum,
584 2105 850 2169 administrationi
881 2110 983 2170 terrae
1006 2127 1153 2190 praeesse
1175 2127 1266 2169 man·

88 2206 186 2282 davit,
212 2212 244 2270 et
265 2207 346 2272 bene
369 2229 424 2273 eos
458 2231 603 2293 pracesse
632 2210 732 2274 iussit.
779 2210 822 2275 Et
844 2211 991 2294 deinceps
1014 2209 1105 2275 dicit:
1142 2208 1268 2274 Accidit

88 2314 207 2386 autem,
231 2315 267 2374 ut
289 2313 365 2376 ordo
388 2334 497 2378 eorum
520 2315 560 2378 ad
582 2314 717 2378 nihilum
740 2315 902 2379 recideret.

658 2502 697 2568 V.
1283 2532 1307 2570 ιι

180 2642 228 2706 De
256 2642 465 2725 inspiratione
495 2643 621 2725 quidem
644 2642 731 2706 illius
761 2643 834 2707 libri
864 2642 919 2726 (sc.
944 2642 1169 2729 Apocalypsis)
1192 2665 1268 2728 pro·

89 2749 153 2812 lixe
177 2748 328 2811 disserere
351 2746 543 2830 superfluum
567 2747 775 2824 arbitramur,
801 2769 871 2811 cum
895 2748 982 2813 beati
1003 2748 1071 2824 viri,
1096 2747 1268 2832 Gregorius

89 2855 221 2938 inquam
244 2853 414 2937 theologus
437 2856 470 2915 et
492 2850 645 2934 CyrilluS,
681 2851 783 2916 adhuc
807 2857 913 2916 autem
945 2853 1041 2917 etiam
1069 2852 1267 2927 vetustiores,

89 2958 217 3041 Papias,
250 2957 417 3034 Irenaeus‚
442 2956 622 3021 Methodius
655 2962 687 3022 ot
710 2957 908 3041 Hippolytus
940 2979 1013 3022 eum
1045 2958 1106 3022 fide
1138 2957 1270 3041 dignum

91 3083 160 3126 esse
183 3066 382 3126 attestentur.
1283 3089 1309 3128 ιο

127 3319 174 3373 IV.
194 3319 322 3373 Andreae
341 3319 427 3373 verba
440 3317 626 3372 Oecumenius
639 3321 668 3372 et
694 3317 765 3382 δέον,
776 3315 872 3369 Lucae
888 3316 1060 3385 (Είπίοίίιιυγ
1077 3317 1108 3369 ia
1126 3316 1170 3370 dte
1185 3315 1270 3383 Offen-

92 3408 213 3462 Arethas
233 3407 262 3460 in
281 3407 435 3461 comment.
456 3406 610 3476 inApocal.
624 3405 801 3487 eddanum
830 3404 877 3458 dea
910 3402 1049 3457 dodonaeo
1079 3402 1121 3455 ed.
1150 3402 1176 3454 11
1204 3402 1271 3458 1852

93 3496 209 3549 Cramer
223 3496 289 3550 1840
307 3512 334 3563 p.
348 3494 400 3548 360
418 3494 461 3547 ita
473 3494 668 3562 transscripse·
695 3507 722 3559 p.
742 3488 793 3542 524
812 3490 864 3558 sq.)
885 3489 1020 3543 coniecit:
1045 3487 1084 3556 είς
1102 3488 1183 3546 οὐδὲν
1199 3489 1270 3553 δέον,

92 3585 174 3635 runt:
201 3586 289 3639 Τοΐπο
307 3586 353 3638 καί
370 3581 500 3654 πατέρων
517 3579 725 3654 παράδοσιςθδ
756 3575 890 3630 Hamaclr
927 3581 956 3631 et
991 3576 1271 3647 Lightfoot-llarmer

91 3673 138 3726 καί
149 3672 258 3726 Παπίου
270 3671 398 3742 διαδόχου
410 3677 461 3726 τοῦ
472 3667 669 3742 εὐαγγελιστοῦ
681 3688 684 3731 ι
695 3663 766 3717 haee
784 3664 871 3717 verba
883 3669 1057 3733 receperunt.
1093 3663 1164 3717 Mihi
1176 3667 1271 3718 textus

93 3757 235 3821 Ἰωάννου,
247 3750 281 3813 οὗ
291 3753 538 3830 καὶὴπροκειμίνη
547 3754 668 3813 Ἀποκά-
682 3749 827 3835 probatus
846 3750 1008 3805 retinendus
1027 3766 1088 3804 esse
1105 3750 1224 3805 videtur.

92 3850 175 3914 λιψις
192 3849 347 3917 διαβεβαιοῖ
385 3846 496 3909 Παπίας
515 3842 545 3899 a
562 3846 608 3899 καὶ
626 3840 684 3909 da'j
731 3838 764 3892 V.
783 3837 904 3891 Arethas
923 3836 952 3889 in
966 3837 1120 3891 comment.
1141 3837 1171 3890 in
1184 3838 1270 3907 Apoc.

92 3928 177 4001 αὐτῆς
203 3930 303 3999 λέξεως
330 3927 418 3996 οὕτως
445 3934 512 4002 φησί
537 3933 600 4001 περὶ
619 3925 739 3985 τοῦ“θδ
748 3926 862 3980 Cramer
873 3923 976 3992 1840p.
988 3924 1038 3978 176
1048 3923 1177 3978 Andreae
1186 3925 1273 3979 verba

92 4016 218 4085 πολέμου
235 4017 335 4085 (Apoc.
356 4018 394 4077 12,
414 4016 453 4084 7),
472 4013 515 4072 du
534 4015 573 4082 είς
591 4014 671 4072 οὐδὲν
697 4010 893 4068 itaexscribit:
908 4010 1012 4083 Περίδὲ
1020 4019 1070 4066 τοῦ
1080 4012 1272 4070 recusaturos

93 4102 193 4175 συνέβη
217 4107 375 4172 τελευτῆσαι
400 4108 449 4173 τὴν
468 4103 546 4171 τάξιν
569 4100 669 4159 αὐτῶν.
698 4114 746 4171 τῆς
772 4103 868 4174 βίβλου
894 4094 925 4153 ἐν
951 4095 1039 4169 ἁγίοις
1058 4101 1202 4166 Βασίλειος
1225 4102 1272 4155 καί

93 4189 241 4259 Lightfoot
259 4188 406 4257 (contemp.
419 4189 483 4243 Rev.
494 4189 593 4251 XXVI,
606 4190 670 4259 845)
697 4190 851 4262 Γρηγόριος
869 4183 885 4242 d
899 4190 977 4250 θεῖος
997 4184 1144 4256 τὸνλόγον
1159 4189 1206 4241 καί
1217 4186 1272 4243 Πίν

93 4276 182 4331 etiam
201 4292 234 4329 ea
252 4273 357 4344 Papiae
376 4275 519 4339 adscribit7
539 4292 612 4343 quae
630 4292 671 4329 se·
697 4281 789 4348 ριλλος
806 4277 852 4330 καί
870 4274 981 4337 Παπίας
997 4274 1044 4327 καί
1061 4270 1208 4343 Εἰρηναῖος
1224 4274 1271 4327 καί

94 4367 226 4431 quuntur,
246 4363 356 4416 scilicet
378 4362 466 4416 rerba
484 4360 671 4431 Apocalypsis
700 4363 841 4426 Μεδόδιος
863 4361 910 4414 καί
927 4357 1108 4432 Ἱππόλυτος,
1136 4354 1162 4413 ol
1181 4355 1273 4429 ἐκκλη·

95 4452 141 4511 12,
161 4452 185 4504 9.
213 4481 247 4489 -
274 4448 357 4516 ἐνίοις
380 4449 409 4505 a
435 4450 505 4518 tert]
533 4448 575 4503 Cf.
604 4448 669 4501 lust.
697 4449 832 4503 σιαοτικοί
859 4442 989 4515 πατέρες,
1018 4442 1144 4516 ἐχέγγυοι
1170 4444 1273 4501 πιστώ-

93 4537 176 4607 Apol.
189 4536 224 4600 ΙΙ,
237 4539 261 4590 5.
280 4568 315 4575 -
327 4535 367 4604 είς
378 4535 458 4594 οὐδὲν
470 4536 500 4593 δὲ
511 4536 581 4605 κτλ]
601 4536 671 4590 Cum
697 4539 809 4591 ababuc

94 4624 183 4679 codex
201 4624 385 4693 Augustanus
409 4621 554 4676 exhibeat:
582 4621 621 4689 είς
638 4621 672 4679 ot
