2834 5018
545 690 616 746 suu.
632 688 679 753 vr,
698 690 721 753 a,
740 690 817 755 c-5‚
836 691 860 745 4.
1224 694 1285 758 551

107 875 245 944 primm
281 873 312 931 et
343 873 419 933 tunc
448 869 628 953 glorificant
650 869 831 946 dominum,
867 871 951 952 quod
973 868 1051 933 mihi
1073 868 1182 934 traditi
1205 871 1287 945 aunt,

114 992 216 1055 neque
239 972 375 1057 amplius
399 974 570 1058 quidquam
592 973 669 1037 mali
690 974 864 1058 patiuntur.

199 1072 238 1141 4.
262 1078 342 1142 Dico
366 1078 408 1142 ei:
443 1077 594 1155 Domine,
630 1078 732 1142 adhuc
764 1078 825 1143 hoc
856 1079 936 1143 mihi
959 1080 1148 1144 demonstra.
1195 1078 1286 1156 Quid,

111 1181 224 1265 inquit,
248 1182 402 1266 inquiris?
440 1181 604 1266 Numquid
626 1184 738 1268 igitur,
763 1184 910 1268 inquam,
935 1185 1076 1262 domine,
1099 1185 1183 1248 idem
1204 1188 1287 1248 tem·

111 1308 171 1369 pus
194 1286 374 1351 cruciantur
397 1286 592 1351 luxuriantes
616 1309 652 1352 ac
676 1288 874 1366 deliciantes,
911 1290 994 1373 quod
1027 1289 1227 1353 luxuriantur
1251 1306 1314 1353 act

112 1389 322 1454 deliciantur?
369 1390 455 1455 Dicit
474 1391 568 1455 mihi:
592 1392 679 1456 Idem
701 1398 827 1478 tempus
851 1394 1039 1458 cruciantur.
1085 1395 1115 1457 2.
1139 1392 1183 1457 Et
1206 1393 1285 1457 dixi:

112 1493 250 1558 Multum
265 1496 425 1579 exiguum,
451 1495 584 1574 domine,
601 1498 796 1574 crumentum
819 1500 989 1582 oportebat
1004 1499 1087 1562 enim
1110 1520 1163 1563 eos
1186 1498 1286 1581 septi·

112 1598 227 1662 fariam
249 1601 391 1677 cruciari,
416 1600 470 1683 qui
493 1601 538 1665 sic
559 1601 760 1667 luxuriantur
782 1607 815 1667 et
837 1603 887 1667 dei
910 1603 1147 1668 obliviscuntur.
1179 1603 1209 1665 3.
1227 1601 1286 1665 Di·

112 1702 155 1766 cit
177 1702 272 1766 mihi:
306 1703 428 1768 Fatuus
457 1727 490 1769 es
521 1727 622 1789 neque
653 1707 813 1791 intellegis
834 1707 985 1771 tormenti
1014 1707 1088 1771 vim.
1135 1706 1169 1772 Si
1193 1706 1286 1784 anim,

111 1806 251 1891 inquam,
275 1807 502 1891 intellegerem,
526 1830 590 1872 non
612 1809 860 1894 interrogarem,
884 1815 920 1874 ut
942 1811 1021 1874 mihi
1045 1811 1285 1875 demonstrares.
1302 1821 1326 1856 ¹⁰

113 1909 207 1986 Audi,
231 1911 349 1996 inquit,
373 1913 537 1997 utriusque
559 1914 632 1978 vim.
679 1916 708 1978 4.
733 1915 889 1979 Luxuriae
912 1919 945 1978 et
966 1915 1139 1998 voluptatis
1162 1921 1286 1997 tempus

112 2021 160 2080 est
182 2040 247 2081 una
269 2018 364 2093 hora3
396 2018 553 2082 tormenti*
579 2019 658 2083 hora
686 2020 750 2083 vim
772 2019 868 2083 habet
891 2019 1010 2083 dierum
1033 2019 1174 2103 triginta.
1220 2019 1286 2083 Ita·

112 2143 173 2204 que
196 2144 267 2186 cunr
291 2123 361 2206 quis
383 2145 482 2186 unum
504 2123 587 2188 diem
609 2122 752 2189 luxuriae
768 2147 805 2189 ac
820 2123 940 2188 deliciis
960 2144 1028 2187 sese
1045 2123 1172 2198 dederit
1189 2144 1287 2186 unum

111 2229 218 2290 autem
241 2226 323 2290 diem
345 2227 504 2292 cruciatus
527 2228 633 2307 fuerit,
659 2229 723 2293 dies
747 2229 905 2294 cruciatus
927 2233 1030 2292 totum
1053 2248 1171 2291 annum
1190 2225 1284 2291 valet.

112 2327 197 2404 Quot
229 2331 330 2414 igitur
364 2332 430 2395 dies
459 2331 638 2397 luxuriatus
662 2333 732 2417 quis
755 2332 866 2410 fuerit,
902 2337 951 2397 tot
984 2352 1083 2396 annos
1117 2330 1284 2395 cruciatur.
1300 2342 1325 2380 ¹⁶

113 2432 211 2497 Vides
234 2457 319 2520 ergo,
343 2437 456 2521 inquit,
480 2443 607 2522 tempus
622 2437 766 2502 luxuriae
782 2461 818 2503 ac
832 2437 1006 2521 voluptatis
1028 2435 1193 2500 minimum
1208 2456 1285 2513 esse,

113 2560 233 2622 poenae
256 2563 330 2605 vero
355 2565 391 2606 ac
413 2543 563 2606 tormenti
585 2542 730 2607 multum.

201 2640 239 2709 5.
263 2645 386 2722 Adhuc,
411 2647 550 2729 inquam,
575 2647 708 2723 domine,
733 2647 813 2711 nihil
834 2646 978 2711 intellexi
1001 2646 1181 2710 omninode
1203 2649 1285 2708 tem-

111 2769 188 2831 pore
210 2748 385 2833 voluptatis
409 2754 440 2813 et
462 2750 605 2815 luxuriae
628 2756 660 2816 et
682 2753 847 2826 tormenti;
881 2752 1015 2816 lucidius
1047 2750 1126 2815 mihi
1156 2750 1285 2814 demon-

112 2857 186 2915 stra.
233 2855 262 2916 2.
288 2853 495 2937 Respondens
527 2855 605 2919 mihi
628 2856 721 2920 dicit:
757 2856 903 2921 Stultitia
933 2862 990 2920 tua
1023 2876 1147 2938 semper
1180 2857 1287 2918 manet
1300 2864 1326 2900 2⁰

111 2977 214 3040 neque
238 2961 403 3021 cortuum
425 2959 473 3021 vis
496 2958 664 3042 purificare
686 2981 723 3023 ac
745 2961 861 3024 servire
884 2960 951 3024 deo.
998 2959 1080 3024 Vide
1103 2960 1223 3043 inquit,
1247 2979 1286 3023 ne

113 3062 239 3144 quando
261 3068 387 3147 tempus
410 3062 581 3147 impleatur
604 3068 636 3127 et
658 3068 692 3127 tu
715 3065 867 3149 insipiens
890 3063 1065 3147 reperiaris.
1116 3062 1201 3127 Audi
1223 3062 1285 3146 igi-

112 3169 173 3243 tur,
198 3166 310 3249 inquit,
335 3167 416 3231 sicut
438 3167 495 3243 vis,
518 3171 555 3231 ut
577 3189 615 3231 ea
636 3167 815 3252 intellegas.
862 3171 891 3233 3.
916 3167 978 3244 Qui
1004 3167 1147 3231 luxuriae
1170 3189 1206 3231 ac
1228 3187 1286 3230 vo·

110 3270 227 3355 luptati
249 3294 347 3336 unum
382 3273 462 3337 diem
485 3294 518 3337 se
543 3273 714 3338 committit
735 3278 768 3336 et
789 3273 884 3350 facit,
921 3293 1002 3355 quae
1034 3271 1117 3348 vult,
1153 3271 1286 3335 multam

111 3376 280 3441 stultitiam
302 3377 432 3441 indutus
454 3384 503 3443 est
524 3399 625 3463 neque
648 3377 807 3461 intellegit
830 3383 951 3455 actum,
985 3399 1078 3462 quem
1107 3376 1201 3451 facit3
1224 3397 1284 3458 po·
1299 3385 1325 3424 ²⁶

110 3485 194 3544 atero
224 3481 306 3546 enim
340 3480 554 3560 obliviscitur,
580 3483 655 3567 quid
678 3482 781 3567 egerit
802 3482 918 3567 pridie;
948 3503 1084 3565 namque
1107 3480 1232 3544 luxuria
1254 3484 1286 3544 et

109 3586 257 3671 voluptas
289 3587 473 3651 memoriam
496 3609 560 3651 non
594 3586 693 3653 habet
715 3593 847 3673 propter
869 3588 1055 3664 stultitiam,
1091 3609 1153 3671 qua
1174 3587 1286 3651 induta

110 3695 173 3767 est,
203 3712 308 3775 poena
335 3698 442 3755 autem
476 3696 508 3754 et
541 3696 733 3756 tormentum
762 3714 835 3757 cum
857 3692 1025 3756 accesserit
1046 3691 1167 3756 homini
1187 3712 1286 3755 unum

110 3796 208 3872 diem,
237 3818 294 3880 per
317 3796 391 3860 anni
416 3796 555 3880 spatium
576 3800 745 3880 torquetur
768 3800 799 3860 et
822 3797 996 3874 cruciatum
1028 3816 1179 3880 magnam
1201 3794 1286 3859 enim

110 3903 296 3967 memoriam
317 3903 415 3967 habet
436 3923 540 3985 poena
563 3906 595 3964 et
616 3904 816 3965 tormentum.
863 3902 892 3964 4.
918 3900 952 3965 Si
976 3901 1046 3985 quis
1069 3921 1145 3984 ergo
1168 3899 1285 3965 crucia·
1299 3908 1325 3946 ³⁰

109 4009 162 4068 tur
184 4009 216 4068 et
237 4007 368 4090 punitur
389 4010 492 4068 totum
517 4027 649 4082 annum,
682 4009 758 4069 tunc
780 4005 924 4070 meminit
951 4005 1094 4069 luxuriae
1117 4009 1150 4068 et
1171 4004 1285 4088 volup·

109 4111 184 4174 tatis
207 4132 243 4174 ac
267 4111 439 4195 cognoscit,
463 4116 634 4195 propterea
658 4132 691 4175 se
714 4110 799 4176 mala
820 4111 897 4195 pati.
946 4109 1056 4174 Omnis
1079 4129 1156 4194 ergo
1179 4109 1283 4183 homo,

141 4299 169 4360 4,
190 4301 213 4352 1.
233 4298 282 4354 τὸν
309 4296 395 4354 αὐτὸν
420 4298 523 4368 χρόνον
540 4297 610 4368 κτλ]
642 4296 683 4352 (tf.
713 4313 776 4351 eum
795 4296 852 4351 diei
871 4297 905 4349 12
923 4296 1007 4352 horas
1026 4294 1188 4349 attribuere.
1207 4293 1287 4358 Quod

109 4385 230 4439 Testem.
251 4383 302 4437 XII
320 4386 393 4453 patr.
412 4382 458 4447 IX,
477 4386 501 4437 5.
712 4383 736 4436 si
763 4384 861 4453 ponis,
890 4384 924 4438 30
952 4382 1013 4436 dies
1040 4380 1214 4436 sunt=360
1236 4382 1286 4450 (aa.

142 4474 166 4526 4.
188 4471 337 4544 τριάκοντα
356 4470 476 4545 ἡμερῶν]
488 4470 608 4525 Hermas
621 4487 684 4524 cum
713 4472 745 4524 12
758 4475 788 4534 ><
804 4470 848 4538 30)
867 4469 960 4524 horae.
997 4468 1124 4538 Reacipit
1148 4467 1222 4522 hunc
1246 4466 1285 4521 lo·

108 4558 184 4613 infra
210 4558 301 4619 dicat,
329 4574 416 4611 unum
443 4556 584 4611 eruciatus
609 4556 684 4610 diam
712 4572 774 4609 cum
792 4555 928 4625 Origenes
946 4555 979 4610 In
997 4554 1077 4610 Num.
1098 4555 1207 4609 hom.8
1230 4552 1285 4622 (ed.

109 4664 211 4701 annum
224 4645 241 4700 'a
256 4664 278 4700 e.
298 4643 351 4699 360
363 4643 422 4697 dies
435 4644 537 4708 valere,
556 4646 683 4713 apparet,
710 4642 814 4697 Bened.
833 4642 866 4708 ΙΙ,
885 4643 956 4711 294).
