2834 5018
192 314 254 379 122
657 308 670 362 1
690 306 896 363 οιιιιιιιιιτιε

191 485 354 570 δεδομένος
377 484 464 568 ἡμῖν·
498 485 525 548 εί
546 486 607 568 γὰρ
631 484 647 546 ὁ
669 484 774 567 κύριος
797 487 894 560 ούτως
919 483 1225 569 ἐταπεινοφρύνησεν,
1249 487 1278 550 τί
1299 509 1364 551 ποι-

191 591 316 675 ήσωμεν
338 589 425 674 ἡμεῖς
448 589 477 653 σί
499 589 559 652 ὑπὸ
582 591 635 654 τὸν
665 590 759 673 ζυγὸν
782 600 837 674 της
859 589 985 672 χάριτος
1015 591 1109 655 αύτοῦ
1132 591 1173 655 δι’
1197 593 1293 656 αὐτοῦ
1317 591 1364 654 ἐλ·

191 695 320 776 θύντες;

275 802 379 867 XVII.
403 799 540 884 Μιμηταί
562 797 732 883 γενώμεθα
755 797 931 875 κάκείνων,
962 800 1071 876 οἵτινες
1095 801 1127 866 ἐν
1150 801 1296 886 δέρμασιν
1320 803 1364 865 αἰ·

164 905 284 988 ογείοις
315 906 369 968 καί
399 903 556 988 μηλωταῖς
587 903 817 987 περιεπάτησαν
849 903 1057 987 κηρύσσοντες
1088 909 1144 991 τὴν
1167 907 1289 972 ἔλευσιν
1311 917 1365 970 τοῦ

189 1008 342 1093 Χριστοῦ·
376 1008 508 1093 λέγομεν
537 1008 572 1071 δὲ
595 1006 705 1072 Ἠλίαν
728 1009 780 1071 καί
806 1006 962 1089 Ἐλισαιὲ,
995 1010 1097 1074 ἔτιδὲ
1126 1012 1179 1074 καί
1204 1010 1364 1096 Ἰεζεκιήλ,

189 1117 260 1189 τοὺς
275 1112 452 1197 προφήτας·
475 1113 552 1195 πρδς
574 1112 693 1188 τούτοις
708 1114 761 1175 καί
784 1115 855 1188 τούς
871 1113 1169 1198 μεμαρτυρημένους.
1215 1120 1244 1182 2.
1270 1116 1364 1200 ἐμαρ-

190 1217 311 1302 τυρήθη
335 1216 479 1302 μεγάλως
503 1216 646 1302 Ἀβραὰμ
667 1218 721 1280 καί
745 1216 834 1299 φίλος
857 1219 1097 1304 προσηγορεύθη
1120 1230 1175 1284 τοῦ
1200 1223 1289 1299 θεοῦ,
1312 1223 1364 1283 καί

190 1322 273 1407 λέγει
297 1322 445 1400 ἀτενίζων
468 1321 511 1396 εἰς
533 1323 588 1404 τὴν
618 1321 711 1399 δόξαν
732 1330 788 1385 τοῦ
811 1324 889 1387 θεοῦ
919 1332 1186 1406 ταπεινοφρονῶν·
1217 1325 1309 1410 Ἐγὼ
1331 1324 1365 1388 δὲ

151 1450 177 1490 ω
191 1430 258 1508 είμι
280 1433 323 1510 γῆ
345 1429 401 1491 καί
425 1425 560 1507 σποδός.
608 1429 637 1492 3.
662 1426 706 1489 ἔτι
729 1425 763 1489 δὲ
786 1427 839 1489 καί
862 1427 930 1508 περί
954 1425 1027 1512 Ἰὼβ
1051 1431 1150 1503 ούτως
1173 1428 1363 1513 γέγραπται·

189 1532 272 1615 Ἰὼβ
296 1529 333 1594 δὲ
348 1533 391 1615 ἢν
414 1529 541 1611 δίκαιος
557 1532 613 1594 καί
637 1532 824 1612 ἄμεμπτος,
849 1530 1024 1615 ἀληθινός,
1039 1531 1216 1618 θεοσεβὴς,
1241 1536 1364 1616 ἀπεχό-

188 1658 291 1717 μενος
315 1636 384 1699 ιίπὸ
406 1636 535 1716 παντὸς
558 1642 674 1700 κακοῦ.
721 1639 750 1701 4.
775 1633 845 1698 ἀλλ’
869 1637 961 1711 αὐτὸς
985 1635 1097 1699 ἑαυτοῦ
1126 1647 1294 1722 κατηγορεῖ
1316 1637 1365 1701 λὲ-

188 1760 268 1824 γων·
294 1738 411 1820 Οὐδείς
434 1737 587 1825 καθαρὸς
610 1741 679 1804 ἀπὸ
702 1743 823 1824 ῥύπου,
848 1739 919 1804 οὐδ’
942 1742 987 1805 ἂν
1000 1747 1080 1822 μιᾶς
1105 1743 1233 1827 ἡμέρας
1255 1743 1364 1827 ἡζωὴ

189 1849 303 1910 αὐτοῦ.
351 1849 380 1911 5.
405 1844 540 1928 Μωϋσης
564 1846 682 1926 πιστὸς
706 1845 744 1908 ἐν
767 1844 836 1929 ὅλῳ
852 1851 901 1928 τῷ
926 1848 1008 1930 οἴκῳ
1032 1849 1136 1911 αὐτοῦ
1153 1844 1287 1931 ἐκλήθη,
1311 1847 1365 1909 καί

153 1950 241 2013 ιτδιολ
264 1960 318 2034 τῆς
340 1948 508 2034 ὑπηρεσίας
531 1948 626 2011 αὐτοῦ
642 1947 761 2028 ἔκρινεν
784 1947 801 2009 ὁ
827 1949 902 2023 θεδς
919 1947 1076 2032 Αἴγυπτον
1099 1949 1150 2012 διὰ
1172 1958 1234 2013 τῶν
1258 1950 1366 2033 μαστί-

188 2075 253 2138 γων
276 2056 329 2117 καί
352 2063 414 2117 τῶν
437 2052 630 2135 αίκισμοίτων
653 2052 775 2116 αὐτῶν·
809 2050 892 2115 ἀλλὰ
914 2053 1059 2127 κάκεῖνος
1081 2052 1248 2130 δοξασθείς
1271 2055 1366 2138 μεγοί-

189 2156 251 2233 λως
275 2159 334 2221 οὐκ
355 2155 682 2240 ἐμεγαλορημύνησεν,
715 2154 787 2218 ἀλλ’
812 2155 895 2220 είπεν
919 2155 968 2219 ἐπί
992 2167 1047 2241 της
1076 2157 1171 2242 βοίτου
1195 2177 1365 2242 χρηματισ-

189 2273 247 2345 μοῦ
271 2263 355 2344 αὐτῷ
379 2260 556 2344 διδομένου·
596 2260 652 2342 Τίς
675 2263 742 2341 είμι
765 2263 851 2345 ἐγώ,
875 2263 926 2326 ὅτι
949 2284 992 2343 με
1015 2263 1160 2343 πέμπεις
1167 2285 1178 2338 ;
1212 2262 1305 2348 Ἐγὼ
1329 2263 1366 2328 ύὲ

190 2370 256 2447 είμι
280 2369 494 2449 ἰσχνόφωνος
517 2368 572 2430 καί
589 2365 862 2451 βραὸύγλωσσος.
909 2370 937 2432 6.
961 2367 1014 2429 καί
1037 2365 1131 2430 πάλιν
1148 2366 1248 2451 λέγει·
1272 2368 1365 2452 Ἐγὼ

150 2492 176 2531 ευ
190 2470 227 2535 δέ
249 2473 317 2552 εἰμι
340 2472 437 2552 ἀτμίς
461 2472 529 2534 ἀπὸ
553 2469 694 2555 κύθρας.

275 2576 393 2641 XVIII.
419 2573 457 2637 Τί
479 2574 513 2638 δὲ
544 2577 679 2658 είπωμεν
711 2574 760 2637 ἐπί
782 2583 826 2658 τῷ
857 2575 1117 2660 μεμαρτυρημένην
1141 2575 1257 2658 Δαυίδ;
1288 2579 1366 2660 πρὸς

188 2680 222 2742 δν
246 2676 330 2743 είττεν
353 2679 370 2741 ὁ
393 2679 483 2754 θείς·
516 2679 632 2764 Εύρον
655 2678 764 2765 ἄνδρα
794 2680 880 2744 κατὰ
903 2682 965 2763 τὴν
988 2680 1131 2766 καρδίαν
1152 2703 1238 2762 μου,
1262 2680 1365 2746 Δαυίύ

187 2785 247 2849 τὸν
270 2791 329 2848 τοῦ
353 2784 496 2862 Ἰεσσαί,
528 2783 566 2847 ἐν
589 2782 674 2848 ἐλέει
697 2785 826 2868 αἰωνίῳ
851 2786 968 2870 ἕχρισα
991 2787 1104 2850 αὐτόν.
1151 2790 1180 2852 2.
1205 2784 1365 2849 ἀλλὰκαὶ

188 2891 280 2964 αύτδς
303 2888 387 2973 λέγει
408 2890 484 2971 πρὸς
506 2889 559 2952 τὸν
584 2888 678 2953 θεύν·
703 2888 872 2972 Ἐλέησόν
894 2912 947 2970 με,
972 2888 1098 2971 ὁθεός,
1122 2891 1261 2955 κατὰτὸ
1277 2893 1365 2974 μέγα

148 3014 175 3053 ιτ
189 2994 282 3075 ἔλεός
307 3016 379 3072 σου,
403 2994 459 3057 καὶ
482 2994 568 3058 κατὰ
591 2995 628 3057 τὸ
652 2992 787 3078 πλῆθος
802 3000 872 3058 τῶν
895 2996 1079 3080 οἰκτιρμῶν
1102 3015 1164 3059 σου
1180 2993 1367 3075 ἐξάλειψον

187 3100 225 3163 τὸ
249 3099 410 3181 άυόμημά
432 3120 508 3178 μου.
555 3101 584 3163 3.
610 3098 664 3162 ἐπί
690 3097 810 3162 πλεῖον
825 3098 959 3164 πλῦνιίν
980 3120 1024 3181 με
1047 3100 1115 3163 ἀπὸ
1138 3105 1197 3183 τῆς
1221 3101 1365 3181 ἀνομίας

186 3225 254 3283 μου
277 3203 332 3265 καί
356 3203 425 3265 άπὸ
449 3208 507 3285 τῆς
531 3204 696 3286 ἁμαρτίας
726 3223 793 3282 μου
817 3201 1009 3288 καθάρισόυ
1030 3224 1086 3284 με·
1123 3206 1173 3268 ὅτι
1197 3206 1261 3287 τὴν
1284 3206 1364 3269 ἀνο-

259 3361 271 3412 1
292 3374 333 3423 sq.
350 3362 503 3428 ποιήσομεν
521 3355 547 3407 Η
572 3356 576 3426 Ι
600 3358 616 3409 2
636 3373 676 3423 sq.
697 3354 871 3423 ἀπελθόντες
890 3357 917 3410 Η
938 3357 942 3427 Ι
963 3358 979 3410 5
996 3356 1158 3416 Ἐλισσαῖον
1176 3357 1254 3413 Olem
1269 3359 1273 3429 Ι
1290 3360 1307 3413 6
1325 3354 1365 3415 ίτι

186 3445 216 3502 δὲ
234 3444 280 3499 As
294 3464 300 3498 ε
313 3448 347 3513 >
360 3444 407 3497 HL
423 3444 458 3513 17
479 3461 518 3510 sq.
537 3442 715 3516 ἐμαρτυρήθη
728 3451 761 3507 ÷
775 3443 805 3500 δὲ
823 3444 849 3496 Η
865 3444 868 3514 Ι
886 3445 902 3497 9
921 3443 1085 3512 ἀτενίσαςΗ
1101 3446 1104 3515 Ι
1123 3446 1153 3498 11
1172 3446 1201 3503 δὲ
1220 3445 1266 3500 HS
1286 3446 1364 3501 Clem

187 3536 216 3587 et
234 3532 360 3598 L2>A
376 3536 379 3604 Ι
395 3535 484 3598 καί)
503 3530 543 3583 LS
559 3531 563 3600 Ι
581 3531 614 3584 14
632 3529 762 3597 αύτοῦ>
781 3531 826 3602 ΗΙ
844 3532 876 3585 17
896 3528 940 3587 ἐπὶ
959 3532 1050 3589 Ητε.
1067 3532 1116 3595 .Α,
1136 3531 1259 3589 ἐκῦίευι
1275 3535 1278 3604 Ι
1296 3545 1363 3603 τῆςι

186 3629 237 3677 τοῦ
255 3632 304 3690 τῆς
321 3619 348 3672 Η
373 3620 376 3688 Ι
401 3620 433 3673 21
453 3614 578 3686 είαυιμεν
595 3617 622 3670 Η
647 3617 650 3687 Ι
672 3620 704 3673 21
724 3634 766 3685 sq.
784 3619 856 3691 πρὸς
873 3617 906 3676 ὃν
924 3618 995 3673 AHS
1008 3638 1015 3672 ι
1028 3617 1074 3691 ἐφ’
1092 3614 1125 3678 οὖ
1144 3620 1229 3684 (Hem,
1248 3625 1365 3690 propter

187 3724 271 3774 quem
291 3707 313 3760 L
329 3708 333 3778 Ι
349 3709 382 3761 22
400 3707 417 3764 ὁ
436 3708 548 3774 θεὸς>
567 3704 594 3757 Η
610 3706 614 3775 Ι
630 3706 664 3760 23
682 3702 751 3762 ἐλέει
769 3704 843 3760 AHL
859 3724 865 3758 ι
879 3702 961 3781 ἐλαίῳ
980 3705 998 3759 S
1017 3704 1095 3760 Glem
1112 3708 1115 3776 Ι
1132 3706 1165 3760 26
1184 3705 1229 3764 ἐπὶ
1241 3713 1300 3765 κτλ.
1319 3707 1363 3762 vel

186 3811 211 3847 v.
230 3793 315 3847 3-17
326 3797 361 3862 >
379 3793 405 3845 Η

222 3915 434 3971 XVII-XVIII
461 3916 539 3970 Haec
566 3916 664 3969 laudat
689 3932 761 3968 sum·
788 3912 949 3986 ἐγκωμιάζει
963 3914 1059 3972 Ἠλίαν
1070 3919 1116 3972 καί
1129 3919 1214 3988 Δαβλδ
1229 3919 1275 3972 καί
1288 3920 1363 3983 Σαμ-

186 4003 283 4056 ωκίὶιυ
320 4003 405 4058 Glem.
436 4004 479 4057 AI.
508 4003 608 4057 Strom.
636 4001 690 4065 IV,
721 4001 760 4063 17,
788 4000 852 4073 ψὼν
870 4001 1035 4067 καίπύντας
1053 4001 1118 4068 τοὺς
1131 4006 1287 4073 προφήτας,
1305 4018 1361 4056 non

188 4091 324 4144 107-109
341 4108 368 4160 p.
387 4091 438 4146 610
458 4107 499 4157 sq.
519 4089 694 4159 Epiphanius
713 4104 762 4141 au·
788 4090 913 4141 nostram
934 4087 1093 4156 epistulam,
1113 4086 1162 4140 sed
1181 4087 1315 4156 epistulas
1328 4088 1361 4140 de

186 4179 243 4230 tem
263 4177 296 4231 H.
310 4176 344 4231 30
363 4194 384 4230 ο
407 4178 438 4231 15
458 4177 593 4231 scribens:
612 4175 694 4242 αύτδς
712 4176 760 4244 (ευ.
788 4174 954 4243 virginItate
973 4173 1017 4243 (ΙΙ,
1031 4174 1128 4240 8-14)
1149 4174 1305 4242 respexisse
1323 4174 1360 4226 vi·

191 4268 303 4336 Κλήμης
315 4263 345 4320 ἐν
357 4272 418 4330 ταῖς
429 4261 587 4330 ἐπιστολαῖς
598 4261 761 4335 ἐγκυκλίως)
788 4262 876 4315 detur.
