2834 5018
173 283 238 346 510
602 271 755 327 Ηυιιωιυ
775 271 917 326 PASTOR

173 462 326 536 τρυπῆσαι
350 453 402 514 τόν
426 447 567 532 οὐρανόν.
616 451 665 515 19.
689 447 772 528 Πῶς,
797 447 884 533 φημί,
907 446 1006 529 κύριε,
1029 446 1171 511 δύναται
1197 458 1307 512 ταῦτα
1328 467 1373 531 γε·

174 556 303 635 νίσθαις
326 555 464 619 ἀδύνατα
486 557 547 638 γὰρ
570 554 732 637 ἀμφότερα
754 561 853 616 ταῦτα
887 554 1023 637 είρηκας.
1073 549 1134 628 Ὦς
1170 563 1283 617 ταῦτα
1316 550 1372 627 ούν,

176 660 278 745 φησίν,
312 658 450 724 ἀδύνατά
487 659 586 739 ἐστιν,
609 660 691 722 ούτω
720 660 773 721 καί
802 659 841 721 τά
870 657 1032 741 πνεύματα
1063 659 1105 720 τὰ
1140 657 1279 743 ἐπίγεια
1309 658 1372 722 ἀδύ

176 765 255 830 νατά
282 766 346 828 ἐστι
376 767 430 828 καί
460 765 586 848 ἀδρανῆ.
634 767 686 830 20.
719 762 798 847 λάβε
826 772 879 827 νῦν
909 765 964 844 τὴν
997 762 1132 846 δύναμιν
1159 766 1222 848 τὴν
1250 766 1372 831 ἀνωθεν

149 869 364 954 ιέρχομένην·
411 869 431 952 ἡ
457 868 584 951 χάλαζα
617 868 782 951 ἐλάχιστόν
810 867 875 931 ἐστι
896 868 1079 949 κοκκάριον,
1104 871 1166 932 καί
1201 872 1286 934 ὅταν
1317 870 1372 933 ἐπι-

176 974 257 1058 πέσῃ
281 974 330 1037 ἐπί
353 973 495 1057 κεφαλὴν
519 972 702 1056 ἀνθρώπου,
725 980 791 1048 πῶς
814 972 908 1036 πόνον
931 971 1081 1055 παρέχει·
1114 973 1139 1055 ἢ
1165 973 1270 1039 πάλιν
1304 974 1372 1059 λάβε

176 1079 324 1163 σταγόνα,
349 1080 370 1162 ἢ
393 1080 455 1141 ἀπὸ
479 1087 533 1142 τού
557 1076 696 1160 κεράμου
719 1076 822 1140 πίπτει
845 1079 943 1159 χαμαί
966 1078 1020 1140 καί
1045 1087 1156 1161 τρυπᾷ
1181 1079 1241 1141 τόν
1276 1077 1371 1145 λίθον.

175 1187 229 1249 21.
254 1182 377 1268 βλέπεις
400 1181 464 1261 ούν,
488 1185 534 1246 ότι
564 1183 603 1244 τά
627 1183 752 1247 ἀνωθεν
777 1180 928 1263 ἐλάχιστα
950 1179 1107 1244 πίπτοντα
1141 1180 1198 1245 ἐπί
1230 1185 1292 1266 τὴν
1322 1193 1371 1266 γῆν

176 1286 315 1371 μεγάλην
339 1287 467 1369 δύναμιν
490 1287 570 1369 ἔχει·
594 1289 676 1349 ούτω
700 1287 753 1348 καί
777 1287 812 1348 τό
835 1294 955 1369 πνεῦμα
980 1286 1016 1348 τό
1039 1288 1135 1352 θεῖον
1164 1289 1304 1354 ἀνωθεν
1333 1287 1372 1369 ἐρ

138 1413 163 1448 ιο
177 1391 309 1474 χύμενον
334 1392 464 1454 δυνατόν
488 1390 562 1454 ἐστι.
602 1390 701 1474 τούτῳ
732 1391 786 1453 ούν
815 1397 860 1473 τῷ
882 1388 1034 1472 πνεύματι
1058 1391 1217 1474 πίστευε,
1253 1392 1373 1457 ἀπόδὲ

176 1505 232 1558 τοῦ
254 1495 360 1577 ἐτέρου
383 1495 513 1578 ἀπέχου.

665 1719 797 1804 Ἐντολὴ
821 1719 871 1805 ιβ’.

267 1911 302 1979 1.
326 1911 419 1995 Λέγει
442 1931 510 1994 μοι·
534 1908 630 1992 Ἀρον
654 1912 716 1974 ἀπὸ
739 1920 872 1975 σεαυτοῦ
895 1921 998 1974 πᾶσαν
1016 1911 1202 1998 ἐπιθυμίαν
1228 1918 1372 2002 πονηράν,

178 2017 302 2080 ἐνδυσαι
326 2017 360 2080 δὲ
391 2018 447 2098 τὴν
471 2015 639 2099 ἐπιθυμίαν
671 2018 726 2098 τὴν
749 2016 876 2101 ἀγαθὴν
907 2018 960 2079 καί
994 2018 1135 2104 σεμνήν·
1172 2021 1373 2107 ἐνδεδυμένος

138 2142 164 2179 ιι
178 2123 238 2206 γὰρ
260 2124 315 2204 τὴν
345 2120 514 2203 ἐπιθυμίαν
545 2119 660 2204 ταύτην
691 2121 829 2204 μισήσεις
859 2123 913 2206 τὴν
943 2124 1084 2205 πονηράν
1116 2122 1306 2210 ἐπιθυμίαν
1328 2128 1373 2190 καὶ

178 2225 446 2309 χαλιναγωγίγσεις
470 2223 577 2307 αὐτήν,
600 2225 712 2299 καθὼς
735 2223 849 2309 βούλει.
896 2229 926 2291 2.
951 2224 1045 2308 ἀγρία
1067 2227 1134 2311 γάρ
1160 2228 1255 2295 ἐστιν
1279 2231 1373 2317 ἡέπ-

180 2329 321 2413 θυμίαὴ
352 2330 472 2413 πονηρά
494 2331 547 2391 καί
577 2327 740 2402 δυσκόλως
769 2328 953 2413 ἡμεροῦται·
990 2329 1113 2415 φοβερά
1137 2334 1209 2417 γάρ
1235 2336 1304 2400 ἐστι
1326 2337 1372 2399 καί

179 2433 248 2496 λίαν
272 2443 310 2517 τῇ
333 2434 490 2517 ἀγριότητι
514 2434 609 2517 αὐτῆς
632 2432 757 2517 δαπανᾷ
780 2436 851 2509 τοὺς
868 2432 1071 2516 ἀνθρώπους·
1098 2436 1253 2520 μάλιστα
1277 2442 1313 2505 δὲ
1329 2441 1375 2504 ἐὰν

180 2537 299 2622 ἐμπέσγ
323 2538 365 2613 είς
390 2540 485 2620 αὐτὴν
509 2536 619 2612 δοῦλος
642 2538 721 2602 θεοῦ
744 2539 799 2600 καί
823 2540 865 2621 μὴ
889 2536 909 2622 ᾖ
931 2538 1076 2618 συνετός,
1111 2541 1308 2610 δαπανᾶται
1331 2543 1376 2608 ὑπ’

141 2662 167 2700 ιι
182 2644 277 2727 αὐτῆς
300 2643 422 2718 δεινῶς·
453 2644 578 2726 δαπανᾷ
600 2641 634 2704 δὲ
656 2645 727 2717 τούς
750 2643 907 2718 τοιούτους
930 2645 1000 2718 τούς
1025 2645 1068 2726 μὴ
1093 2644 1241 2728 ἔχοντας
1266 2651 1376 2733 ἔνδυμα

179 2757 232 2832 τῆς
257 2747 426 2831 ἐπιθυμίας
449 2757 503 2831 τῆς
527 2747 663 2831 ἀγαθῆς,
688 2746 772 2810 ἀλλά
796 2746 1048 2831 ἐμπεφυρμένους
1070 2756 1118 2833 τῷ
1136 2751 1238 2818 αἰῶνι
1262 2756 1376 2838 τούτῳ·

179 2853 305 2928 τούτους
338 2849 392 2917 ούν
424 2851 634 2934 παραδίδωσιν
667 2852 709 2927 είς
742 2852 890 2918 θάνατον.
938 2856 967 2919 3.
1001 2850 1102 2933 Ποῖα,
1139 2857 1249 2941 φημί,
1284 2860 1376 2942 κύριε,

178 2959 255 3042 ἔργα
279 2958 360 3020 ἐστίν
383 2967 437 3041 τῆς
470 2955 637 3038 ἐπιθυμίας
661 2966 715 3040 τῆς
746 2967 884 3042 πονηράς
906 2959 945 3020 τά
969 2958 1190 3041 παραδιδόντα
1226 2968 1307 3041 τοὺς
1331 2966 1377 3027 ἀν

180 3061 328 3144 θρύπους
351 3062 393 3136 είς
421 3061 577 3138 θάνατον;
609 3059 760 3143 γνῶρισόν
784 3083 851 3144 μοι,
883 3063 935 3125 ἵνα
969 3060 1137 3145 ἀιρέξωμαι
1167 3064 1233 3129 ἀπ’
1267 3069 1377 3132 αὐτῶν.

137 3165 346 3243 ιιἈκουσον,
372 3163 508 3249 [φησίν],
533 3164 565 3226 ἐν
586 3164 685 3240 ποίοις
708 3167 808 3250 ἔργοις
831 3166 1000 3250 θανατοῐή
1023 3166 1187 3252 ἐπιθυμία
1211 3170 1235 3254 ἡ
1261 3173 1379 3256 πονηρὰ

179 3273 251 3346 τοὺς
274 3268 404 3343 δούλους
426 3277 480 3331 τοῦ
504 3271 593 3333 θεοῦ.

268 3371 304 3439 2.
328 3371 459 3435 Πάντων
482 3371 661 3455 προέχουσα
685 3373 837 3457 ἐπιθυμία
852 3376 998 3459 γυναικός
1021 3375 1200 3461 ἀλλοτρίας
1225 3382 1250 3466 ἡ
1273 3382 1381 3464 ἀνδρός

179 3479 232 3540 καί
265 3476 467 3551 πολυτελείας
499 3476 635 3540 πλούτου
672 3480 725 3541 καί
761 3478 940 3562 ἐδεσμάτων
978 3478 1107 3544 πολλῶν
1143 3485 1299 3564 ματαίων
1331 3485 1380 3548 καί

180 3581 391 3664 μεθυσμάτων
415 3581 467 3643 καί
501 3579 614 3662 ἑτέρων
645 3591 769 3663 τρυφῶν
792 3581 920 3646 πολλῶν
950 3584 1003 3646 καί
1027 3593 1164 3666 μωρῶν·
1203 3599 1301 3671 πᾶσα
1323 3590 1379 3674 γὰρ

140 3687 279 3767 ιιτρυμὴ
303 3685 392 3768 μωρά
416 3684 556 3747 ἐστικαὶ
588 3687 663 3768 κενὴ
686 3694 749 3761 τοῖς
772 3686 894 3762 δούλοις
925 3696 979 3750 τού
1004 3689 1093 3753 θεοῦ.
1145 3694 1177 3756 2.
1206 3692 1305 3758 αύται
1329 3694 1379 3757 οὖν

251 3878 267 3929 2
286 3875 405 3933 ἀδύνατοι
424 3908 458 3915 -
476 3873 630 3947 είρηκας>
647 3877 691 3946 ΑΙ
708 3884 794 3932 ταῦτα
814 3875 875 3929 (λῐιἵ
887 3896 893 3928 :
907 3874 971 3948 -Ι-δὶ
990 3876 1022 3929 L¹
1047 3878 1052 3947 Ι
1076 3877 1092 3932 3
1112 3879 1150 3937 τά
1170 3885 1328 3954 πνεύματα
1345 3881 1377 3939 τά

182 3959 224 4016 ἐπ.
251 3968 309 4018 κτλ.
330 3962 538 4031 GL¹:spiritus
567 3962 710 4017 terrestris
739 3966 792 4017 etc.
818 3963 876 4018 L¹A
902 3965 905 4034 Ι
930 3963 1017 4021 4είσι
1038 3963 1062 4019 G
1088 3969 1094 4034 Ι
1120 3976 1176 4025 νῦν
1194 3968 1242 4023 L:
1261 3967 1314 4029 οὖν
1332 3972 1376 4035 G!

181 4047 244 4111 9110
262 4046 335 4106 οὕτω
354 4081 388 4089 -
406 4048 508 4117 ἐστι>
526 4050 557 4103 L¹
583 4051 587 4119 ί
612 4052 643 4105 10
662 4059 701 4126 τῷ
719 4051 854 4119 πνεύματι
873 4052 923 4105 GA
937 4070 943 4103 z
956 4051 1026 4116 >L
1051 4053 1056 4119 Ι
1083 4053 1116 4106 21
1140 4051 1378 4132 ἐμπεφυρμὲιωος

183 4133 241 4186 Ath
254 4153 260 4185 :
274 4134 369 4206 ἐκαεφ.
390 4136 415 4189 G
439 4140 443 4200 Ι
464 4139 497 4190 25
516 4141 599 4207 φησὶν
618 4137 664 4190 LA
678 4157 684 4191 ι
700 4139 771 4205 >G
796 4140 800 4208 ί
825 4138 859 4191 28
877 4143 1056 4206 πολυτελείας
1076 4139 1137 4195 GL¹
1151 4142 1201 4210 (11¹
1208 4144 1240 4213 δ)
1259 4146 1378 4204 ι-τὲλεισ

183 4221 206 4271 Α
220 4221 277 4274 Ath
297 4222 331 4274 cf.
353 4220 446 4276 Mand.
466 4223 512 4286 Vl,
532 4223 557 4285 2,
576 4225 592 4276 5
