2834 5018
155 260 219 322 624
589 241 905 298 nnennnensnon

155 425 343 503 ὑπεδέξαντο
365 426 437 496 τοὺς
467 418 597 494 δοῦλους
624 429 679 483 τοῦ
709 422 788 485 θεοῦ
818 420 893 500 ἄτερ
925 417 1158 500 ὑποκρίσεως·
1197 418 1228 482 οί
1250 419 1284 482 δέ
1304 417 1354 481 ev:-

157 552 270 595 σκοποι
293 529 427 592 πάντοτε
448 528 520 600 τοὺς
535 523 761 608 ὑστερημένους
781 525 836 585 καί
859 524 916 598 τὰς
937 522 1045 606 χήρας
1063 534 1108 607 τῇ
1132 524 1285 608 διακονίᾳ
1297 523 1354 586 {re

156 644 218 698 τῶν
248 631 455 706 ἀδιαλείπτως
486 628 667 692 ἐσκέπασαν
698 629 752 690 καί
787 627 890 711 ἁγνῶς
924 628 1189 712 ἀνεστράφησαν
1224 629 1352 691 πάντοτε

158 742 187 805 3.
213 737 298 801 οὑτοι
321 739 375 800 οὑν
408 735 521 809 πάντες
544 731 823 815 σκεπασθήσονται
855 733 917 794 ὑπὸ
940 741 998 795 τοῦ
1028 732 1152 815 κυρίου
1187 732 1352 805 διαπαντός.

131 841 187 905 ool
210 843 264 904 οὑν
293 849 392 902 ταῦτα
422 837 627 922 ἐργασάμενοι
660 835 778 913 ἔνδοξοί
800 837 859 899 εἰσι
889 837 977 917 παρὰ
1000 845 1048 919 τῷ
1076 840 1153 921 θεῷ
1187 839 1246 900 καί
1268 836 1352 920 ήδηό

156 946 250 1020 τόπος
273 946 377 1008 αὐτῶν
400 944 478 1026 μετὰ
500 951 562 1004 τῶν
579 939 723 1025 ἀγγέλων
746 939 839 1019 ἐστίν,
863 940 919 1003 έάν
934 940 1149 1024 έπιμείνωσιν
1174 943 1241 1018 ἕως
1260 941 1352 1015 τέλους

156 1050 405 1132 λειτουργοῦντες
428 1055 472 1130 τῷ
495 1046 600 1129 κυρίῳ.

245 1151 308 1220 28.
334 1152 393 1215 Ἐκ
414 1152 449 1214 δέ
472 1162 527 1214 τοῦ
556 1153 646 1233 όρους
668 1160 724 1213 τοῦ
747 1150 929 1228 ἑνδεκάτου,
960 1149 998 1212 οὑ
1021 1149 1113 1235 ἦσαν
1145 1151 1267 1234 δένδρα
1287 1172 1352 1232 κιρ-

156 1267 223 1321 πῦν
246 1255 368 1340 πλήρη,
399 1255 507 1331 ἀλλοις
528 1258 581 1319 καί
614 1255 722 1330 ἀλλοις
744 1264 876 1336 καρποῖς
897 1255 1150 1339 κεκοσμημένα,
1187 1258 1219 1320 οἱ
1243 1255 1352 1320 πιστοί

119 1381 144 1416 1⁰
157 1382 267 1435 σαντες
289 1360 423 1424 τοιοῦτοί
446 1360 537 1424 εἰσιν·
561 1365 591 1427 2.
616 1361 644 1423 οἱ
666 1361 823 1434 παθόντες
846 1359 923 1441 ὑπὲρ
945 1369 1002 1422 τοῦ
1023 1361 1195 1445 ὀνόματος
1218 1373 1276 1427 τοῦ
1296 1362 1352 1423 υἱοῦ

156 1474 212 1527 τοῦ
235 1467 325 1543 θεοῦ,
349 1465 379 1527 οἳ
392 1467 447 1528 καί
469 1465 642 1547 προθύμως
658 1465 781 1530 ἔπαθον
803 1461 836 1540 ἐξ
858 1462 935 1546 ὅλης
949 1473 1006 1546 τής
1028 1465 1175 1547 καρδίας
1196 1469 1254 1530 καί
1277 1488 1351 1550 παρ

157 1568 291 1633 &conae
323 1569 382 1649 τὰς
406 1571 519 1652 ψυχὰς
550 1573 673 1634 αὐτῶν.
721 1574 750 1637 3.
775 1567 862 1632 Διατί
885 1565 956 1648 οὑν,
987 1570 1089 1653 φημί,
1116 1571 1231 1654 κῦριε,
1262 1572 1351 1634 πάντα

157 1674 212 1756 μὲν
235 1676 275 1735 τὰ
298 1672 410 1756 δένδρα
431 1677 571 1756 καρποὺς
593 1675 669 1757 έχει,
693 1675 772 1749 τινές
794 1674 828 1737 δὲ
852 1672 885 1750 ἐξ
908 1675 1013 1736 αὐτῶν
1036 1677 1164 1757 καρποὶ
1191 1675 1351 1740 εὐειδέοτε·

157 1777 204 1860 ροί
227 1777 319 1854 είσιν;
342 1777 471 1857 Ἀκουε,
495 1777 604 1862 φησίν·
629 1779 697 1840 ὅσοι
720 1778 796 1840 ποτέ
818 1777 941 1843 έπαθον
963 1777 1017 1840 διὰ
1039 1779 1080 1840 τδ
1097 1781 1221 1864 ὄνομα,
1245 1777 1351 1856 ἔνδοξοί

118 1900 143 1936 1⁶
157 1882 215 1945 είσι
239 1885 324 1965 παρὰ
346 1890 390 1966 τῷ
414 1885 499 1965 θεῷ,
531 1883 584 1944 καί
607 1881 732 1946 πάντων
754 1869 871 1944 τούτων
895 1881 927 1942 αί
949 1880 1105 1963 ἁμαρτίαι
1131 1884 1349 1969 ἀφῃρέθησαν,

157 1989 202 2049 ὅτι
226 1987 349 2053 ἔπαθον
372 1987 423 2050 διὰ
445 1988 481 2049 τὸ
504 1988 602 2067 ὄνομα
630 1995 686 2049 τοῦ
708 1986 775 2049 υίοῦ
797 1994 852 2049 τοῦ
878 1988 968 2051 θεοῦ.
1014 1986 1103 2050 διατί
1128 1988 1167 2051 δὲ
1192 1990 1225 2053 οἱ
1247 1988 1348 2072 καρποί

157 2093 259 2155 αὐτῶν
282 2091 417 2154 ποικίλοι
441 2089 535 2168 εἰσίν,
564 2090 644 2165 τινές
667 2090 702 2153 δέ
723 2088 935 2173 ὑπερέχοντες,
966 2091 1076 2155 ἄκουε.
1130 2099 1163 2160 4.
1191 2096 1276 2171 ὅσοι,
1298 2115 1347 2175 ρη-

157 2194 215 2273 σίν,
238 2195 288 2258 ἐπ’
311 2195 452 2272 ἐξουσίαν
476 2194 629 2277 ἀχθέντες
652 2194 872 2279 ἐξητάσθησαν
894 2196 947 2257 καί
970 2195 1031 2257 οὐκ
1053 2196 1264 2282 ἠρνήσαντο,
1286 2196 1345 2261 ἀλλ’

156 2300 279 2364 ἔπαθον
302 2300 484 2383 προθύμως,
507 2297 591 2363 οὑτοι
614 2298 734 2382 μᾶλλον
758 2297 946 2380 ένδοξὸτεροί
968 2298 1027 2362 εἰσι
1051 2304 1148 2383 παρὰ
1172 2311 1221 2386 τῷ
1245 2302 1344 2384 κυρίῳ·

117 2426 142 2463 εο
156 2404 274 2466 τούτων
302 2403 460 2487 ὅκαρπός
493 2402 617 2466 ἐστινὸ
648 2402 819 2486 ὑπερέχων.
864 2405 931 2466 ὅσοι
961 2404 995 2466 δέ
1029 2403 1135 2469 δειλοί
1168 2409 1228 2471 καί
1259 2407 1291 2471 έν
1310 2406 1345 2468 δι-

155 2515 284 2591 σταγμῷ
308 2508 451 2592 ἐγένοντο
472 2509 526 2570 καί
550 2506 732 2592 έλογίσαντο
755 2508 787 2572 ἐν
810 2516 876 2582 ταῖς
897 2507 1040 2589 καρδίαις
1063 2511 1199 2592 αὐτῶν,
1224 2513 1343 2594 πότερον

154 2610 340 2694 ἀρνήσονται
362 2613 383 2696 ἡ
406 2611 653 2697 ὁμολογήσουσι,
676 2616 730 2677 καί
753 2615 891 2691 έποιθον,
915 2613 1036 2676 τούτων
1060 2614 1092 2676 οἱ
1116 2620 1242 2700 καρποί
1266 2617 1342 2680 έλάτ·

154 2735 225 2791 τους
248 2717 341 2795 εἰσίν,
365 2719 411 2780 ὅτι
434 2716 528 2802 ἀνέβη
553 2717 602 2780 ἐπὶ
625 2720 680 2801 τὴν
701 2717 831 2801 καρδίαν
859 2719 961 2781 αὐτῶν
984 2717 1006 2801 ἡ
1030 2717 1136 2805 βουλὴ
1162 2725 1266 2807 αῦτη·
1297 2741 1342 2783 πο·

153 2822 231 2903 νηρά
245 2822 306 2904 γὰρ
328 2820 461 2906 ήβουλή
486 2825 573 2906 αῦτη,
589 2824 641 2886 ίνα
663 2821 774 2898 δοῦλος
788 2824 893 2906 κόριον
915 2823 991 2886 ἴδιον
1007 2823 1203 2910 ἀρνήσηται.
1229 2831 1260 2894 5.
1283 2823 1342 2912 βλέ-

114 2947 139 2984 re
153 2944 227 2986 πετε
250 2923 304 2987 οὖν
327 2925 412 3007 ὑμεῖς
436 2926 464 2989 ol
485 2936 584 2989 ταῦτα
607 2926 834 3012 βουλευόμενοι,
858 2926 978 3010 μήποτε
999 2927 1021 3010 ή
1044 2927 1152 3014 βουλὴ
1181 2935 1264 3018 αὓτη
1287 2933 1341 2995 δια·

152 3026 241 3111 μείνη
264 3029 296 3091 έν
326 3039 392 3105 ταῖς
415 3031 555 3112 καρδίαις
586 3032 672 3113 ὑμῶν
702 3034 757 3095 καί
779 3032 964 3116 ἀποθάνητε
991 3040 1036 3116 τῷ
1071 3036 1157 3119 θεῷ.
1206 3037 1341 3121 ὑμεῐςδὲ

224 3183 312 3249 11201
337 3185 367 3242 δὲ
391 3184 580 3253 conanae>
604 3186 640 3240 L'
666 3186 671 3257 Ι
697 3188 772 3253 10111
793 3197 843 3246 τοῦ
869 3186 930 3245 υἱοῦ
954 3197 1006 3244 τοῦ
1033 3194 1107 3246 θεοῦ
1128 3192 1155 3246 G
1170 3212 1178 3245 :
1192 3190 1338 3248 dominil

153 3269 213 3321 eius
227 3272 252 3323 A
268 3271 273 3340 Ι
292 3273 369 3337 13114
382 3272 560 3346 εὐειδέστεροι
574 3273 644 3343 Ῑιήλ)
658 3293 664 3327 :
678 3274 836 3349 ἀηδέστεροι
857 3276 880 3330 G
895 3278 901 3343 Ι
918 3276 951 3331 14
969 3272 1062 3346 ὄνομα
1081 3278 1107 3333 G
1122 3297 1129 3331 ι
1144 3280 1182 3352 -ή-
1195 3280 1303 3335 domini
1314 3279 1338 3332 l„

152 3356 213 3408 eius
226 3358 251 3408 A
266 3361 271 3425 Ι
289 3360 321 3412 15
340 3358 521 3432 ἀφῃρέθησαν
533 3380 539 3413 :
552 3362 671 3415 remisso
683 3367 748 3418 sunt
760 3363 930 3434 (ἀφέθησαν)
944 3362 1002 3416 L²A
1019 3370 1023 3431 Ι
1039 3363 1075 3417 26
1089 3363 1264 3439 ἀποθάνητε
1275 3368 1318 3422 LA
1332 3384 1337 3416 ³

157 3440 344 3515 ἀποθάνησθε
360 3446 391 3503 ἐν
409 3447 433 3502 G

149 3579 180 3641 4,
201 3580 231 3643 93
262 3582 341 3636 Rom.
371 3586 414 3647 12,
444 3586 490 3647 13;
521 3586 605 3639 Hebr.
632 3587 678 3651 13,
697 3587 854 3660 233Peetor
876 3589 990 3640 exortus
1017 3592 1074 3652 est,
1101 3595 1133 3646 et
1159 3594 1334 3666 argumentis

150 3666 162 3719 l
182 3667 267 3721 Clem.
289 3672 310 3731 1,
330 3669 358 3731 2;
379 3669 418 3732 10,
438 3673 453 3725 7
474 3676 526 3726 etc.
740 3691 826 3743 iquae
838 3673 966 3744 protulit,
987 3675 1079 3730 Behm
1091 3680 1199 3750 (Ueber
1211 3685 1265 3739 den
1282 3683 1334 3737 rw

186 3754 209 3806 3.
230 3758 327 3827 τόπος]
344 3758 581 3825 cf.1010m.5‚4.
596 3765 625 3825 7;
644 3762 725 3816 Bam
740 3768 741 3791 ¹
750 3764 842 3829 foooer
859 3763 884 3816 d.
898 3765 932 3817 H.
950 3778 978 3831 p.
990 3763 1112 3833 41-49)
1132 3787 1214 3824 nove
1225 3770 1333 3824 eddidit

151 3840 190 3903 19,
215 3844 237 3895 l.
753 3849 830 3914 Quae
858 3848 931 3902 enim
960 3849 995 3904 dc
1016 3850 1197 3910 Christianis
1225 3858 1332 3911 interro

183 3925 229 3981 28.
249 3928 308 3982 lom
327 3931 492 4000 Hilgenfeld
516 3936 621 4004 (Δροσί.
646 3937 726 3992 ther
753 3934 853 4004 gaudis
873 3937 902 3988 et
917 3937 1146 3995 condemnandis
1167 3943 1332 3998 hienemm·

148 4028 174 4079 p.
197 4016 251 4068 159.
271 4018 436 4087 Zeitecltr.f.
455 4022 527 4077 wisc.
549 4024 635 4079 llrcol.
657 4023 725 4077 1869
751 4026 806 4086 tur,
825 4026 885 4077 tam
898 4039 988 4091 prope
1001 4025 1040 4078 ad
1052 4042 1090 4080 ea
1103 4032 1254 4094 accedunt,
1268 4045 1332 4099 quoe

147 4116 173 4167 p.
194 4104 255 4170 239)
286 4105 375 4171 vidit,
403 4124 437 4161 ex
465 4109 518 4163 hoc
544 4110 723 4179 potissimum
751 4109 859 4163 Plinius
878 4114 915 4165 ad
933 4112 1092 4183 Troianum
1119 4121 1239 4191 scripsit
1257 4135 1330 4188 qnae

147 4189 241 4256 capite
260 4192 371 4262 tempus
392 4196 524 4264 cognosci
543 4213 639 4266 posse,
668 4214 723 4264 quo
735 4153 738 4256 ί
751 4214 806 4265 que
819 4198 956 4253 Traianus
969 4205 1003 4255 ut
1016 4202 1244 4264 observarentur
1260 4224 1329 4279 pree
