2834 5018
519 675 589 730 affl.
609 675 642 739 V,
661 676 685 739 3,
703 674 781 739 8-5,
802 677 824 730 1.
1194 680 1255 744 537

83 855 164 931 davi,
187 858 389 935 sacrificium
412 859 500 919 tuum
526 864 696 938 acceptam
718 855 779 920 erit
800 856 885 940 apud
900 856 991 920 deum
1015 859 1048 920 et
1068 856 1258 922 inscribetur

81 959 233 1023 ieiunium
255 964 361 1030 tuum.
395 964 427 1023 et
449 959 659 1023 ministerium
690 959 737 1023 ita
758 958 926 1042 impletum
954 961 1074 1024 bonum
1096 965 1128 1026 et
1156 961 1257 1027 hilare

82 1067 131 1127 est
159 1067 191 1126 et
219 1068 382 1146 acceptum
414 1064 549 1128 domino.
595 1064 625 1126 9.
650 1062 739 1127 Haec
769 1063 815 1127 ita
846 1063 984 1128 servabis
1016 1069 1052 1128 tu
1081 1088 1152 1130 cum
1181 1067 1257 1132 filiis

80 1168 144 1231 tuis
168 1190 204 1231 ac
226 1172 296 1232 tota
319 1169 410 1232 domo
433 1172 505 1242 tua3
536 1168 564 1231 si
587 1171 691 1232 autem
714 1189 752 1232 ea
774 1168 963 1245 servaveris,
995 1169 1107 1233 beatus
1130 1172 1200 1248 eris,
1224 1176 1257 1237 et

81 1273 271 1356 quicumque
294 1273 451 1337 audierint
473 1294 511 1336 ea
533 1272 797 1355 servaverintque,
822 1272 908 1336 beati
923 1276 1023 1351 erunt,
1047 1277 1080 1338 et
1102 1275 1282 1359 quidquidi

79 1377 231 1462 petierint
253 1399 272 1441 a
294 1377 430 1454 domino,
455 1376 619 1460 accipient.

166 1530 205 1599 4.
230 1535 428 1621 Deprecatus
452 1558 521 1600 sum
544 1557 615 1599 eum
638 1534 744 1612 valde,
775 1538 811 1598 ut
833 1534 912 1599 mihi
935 1534 1120 1619 explanaret
1141 1535 1255 1599 simili-

79 1639 220 1703 tudinem
243 1640 313 1724 agri
336 1644 368 1704 et
400 1641 518 1705 domini
540 1644 572 1704 et
593 1640 703 1705 vineae
733 1644 765 1703 et
787 1641 868 1703 servi
891 1640 1014 1705 vineam
1043 1641 1255 1725 obsaepientis

80 1746 112 1806 et
134 1744 280 1826 palorum
303 1749 335 1808 et
356 1744 527 1809 herbamm
549 1766 566 1808 e
588 1744 680 1807 vinea
695 1742 875 1808 evulsarum
898 1748 929 1808 et
950 1744 1009 1808 filii
1032 1750 1064 1810 et
1084 1747 1256 1811 amicorum

80 1848 339 1912 consiliariorum.
386 1849 533 1914 Intellexi
549 1849 642 1927 enim,
666 1848 904 1913 similitudinem
921 1850 1294 1933 quandamessehaec1⁰

79 1954 194 2018 omnia.
242 1955 271 2017 2.
295 1953 354 2018 Ille
384 1958 490 2018 autem
512 1953 705 2038 respondens
737 1953 815 2018 mihi
845 1953 938 2017 dixit:
971 1950 1084 2018 Audax
1107 1976 1140 2018 es
1162 1955 1254 2020 valde

79 2060 119 2122 ad
140 2058 410 2141 interrogandum.
462 2057 554 2123 Nihil
587 2059 728 2136 omnino,
760 2058 880 2141 inquit,
914 2057 1110 2142 interrogare
1142 2058 1253 2136 dobes;

76 2164 202 2229 namsi
233 2164 410 2248 oportuerit
440 2163 648 2227 demonstrari
671 2163 747 2241 tibi,
782 2161 1057 2226 demonstrabitur.
1103 2161 1184 2227 Dico
1207 2163 1252 2227 ei:

78 2267 232 2346 Domine,
273 2289 488 2353 quaecumque
521 2268 601 2331 mihi
634 2268 808 2332 ostenderis
841 2288 942 2351 neque
981 2267 1252 2345 demonstraveris,

78 2372 198 2436 frustra
220 2394 258 2436 ea
285 2373 393 2436 videro
416 2393 519 2455 neque
546 2371 752 2457 intellegens,
786 2391 866 2452 quae
888 2370 969 2445 sint;
1004 2369 1149 2435 similiter
1171 2375 1203 2434 et
1226 2372 1253 2436 si
1268 2395 1293 2433 rs

77 2477 155 2540 mihi
170 2477 392 2541 similitudines
408 2476 610 2559 proposueris
633 2497 735 2560 neque
751 2496 803 2538 eas
825 2474 904 2538 mihi
920 2475 1110 2558 exposueris,
1135 2475 1254 2540 frustra

78 2580 198 2665 aliquid
221 2604 240 2645 a
262 2586 294 2645 te
317 2581 455 2645 audiero.
502 2581 531 2643 3.
555 2578 615 2643 llle
637 2583 743 2643 autem
772 2579 886 2643 iterum
908 2580 1072 2663 respondit
1102 2580 1181 2645 mihi
1204 2581 1252 2646 di·

78 2707 167 2749 cens:
200 2684 412 2767 Quicumque,
435 2684 553 2768 inquit,
584 2688 632 2748 est
654 2706 761 2748 servus
783 2684 833 2748 dei
854 2684 1014 2768 habetque
1038 2685 1198 2750 dominum
1220 2686 1253 2750 in

77 2792 171 2856 corde
194 2811 260 2867 suo,
284 2790 365 2875 petit
395 2789 435 2853 ab
458 2788 714 2853 cointellectum
746 2792 778 2852 et
800 2783 915 2873 accipit
938 2794 970 2853 et
992 2810 1118 2854 onmem
1139 2790 1252 2854 simili-

76 2897 218 2960 tudinem
242 2895 343 2973 solvit,
368 2899 400 2959 et
421 2896 517 2959 verba
541 2893 675 2971 domini,
707 2915 787 2979 quae
810 2894 957 2958 dicuntur
979 2894 1012 2959 in
1035 2894 1251 2959 similitudini·
1265 2914 1291 2952 ao

76 3002 144 3076 bna.
169 3001 336 3084 perspicua
359 2999 387 3063 ei
409 2997 507 3072 fiunt;
533 2998 721 3082 quicumque
744 3002 850 3061 autem
872 2998 988 3063 inertes
1010 3002 1084 3063 sunt
1106 3000 1252 3084 pigrique

76 3106 116 3169 ad
139 3104 301 3180 orandum,
325 3103 374 3167 illi
398 3103 546 3167 dubitant
566 3102 729 3186 postulare
752 3125 771 3166 a
794 3102 935 3179 domin0;
969 3104 999 3167 4.
1025 3104 1169 3168 dominus
1193 3128 1251 3169 au·

75 3213 141 3273 tem
162 3209 253 3274 valde
275 3209 452 3273 misericors
482 3212 530 3272 est
552 3211 585 3271 et
607 3208 753 3272 omnibus
784 3228 817 3271 se
847 3207 1030 3290 petentibus
1062 3208 1128 3272 sine
1150 3208 1250 3273 inter·

75 3313 225 3377 missione
247 3312 368 3377 tribuit.
415 3312 464 3377 Tu
480 3317 594 3388 autem,
620 3312 674 3396 qui
689 3312 892 3376 confirmatus
915 3333 949 3376 es
971 3335 991 3376 a
1013 3317 1121 3376 sancto
1136 3313 1250 3399 angelo

76 3423 109 3482 et
130 3418 280 3501 accepisti
309 3419 349 3482 ab
373 3439 409 3482 eo
440 3417 614 3483 orationem
643 3417 797 3481 eiusmodi
826 3438 930 3501 neque
952 3438 985 3481 es
1014 3417 1122 3500 piger,
1154 3439 1250 3501 quare
1263 3433 1290 3473 π

75 3543 139 3586 non
162 3522 245 3606 petis
269 3545 287 3585 a
310 3523 435 3587 domino
464 3521 658 3586 intellectum
681 3525 713 3585 et
735 3521 852 3605 accipis
881 3523 921 3586 ab
952 3525 1012 3586 eo?
1047 3522 1075 3584 5.
1099 3521 1181 3586 Dico
1204 3522 1250 3585 ei:

75 3626 220 3703 Domine,
245 3650 316 3692 cum
337 3631 369 3692 te
391 3626 527 3691 habeam
540 3648 672 3703 mecum,
695 3647 823 3690 necesse
846 3631 894 3690 est
916 3630 952 3690 ut
973 3630 1005 3690 te
1025 3630 1134 3710 petam
1155 3630 1250 3710 teque

74 3731 283 3817 interrogem
317 3737 352 3796 tu
375 3733 459 3796 enim
487 3731 593 3796 omnia
614 3730 692 3795 mihi
724 3730 865 3795 ostendis
888 3735 920 3795 et
939 3730 1078 3813 loqueris
1109 3752 1248 3806 mecum;

75 3836 102 3899 si
126 3839 232 3900 autem
254 3837 322 3902 sine
345 3841 376 3900 te
398 3836 545 3900 vidissem
568 3839 624 3899 aut
645 3835 803 3899 audissem
825 3833 896 3910 illa,
919 3835 1166 3920 interrogassem
1191 3836 1248 3899 do·

74 3940 204 4017 minum,
228 3945 265 4004 ut
288 3940 516 4005 demonstraret
537 3939 624 4003 mihi.
1262 3954 1290 3993 ⁸⁰

163 4092 199 4161 5.
222 4097 299 4161 Dixi
321 4098 389 4175 tibi,
414 4096 527 4181 inquit,
551 4096 647 4179 paulo
670 4099 752 4173 ante,
777 4094 928 4160 callidum
950 4101 981 4160 te
1005 4117 1072 4160 esse
1095 4100 1128 4160 et
1150 4097 1248 4161 auda·

147 4297 160 4348 1
181 4293 278 4347 Sirach
297 4293 338 4357 32,
356 4295 373 4348 9
392 4293 487 4363 (Vulg.
506 4294 547 4358 35,
566 4294 609 4361 9);
628 4293 750 4362 Philipp.
769 4293 794 4356 4,
815 4295 847 4349 18
869 4293 906 4346 cf.
925 4293 975 4346 Ies.
996 4293 1037 4357 56,
1056 4296 1086 4355 73
1105 4295 1186 4349 Prov.
1206 4295 1247 4358 15,

73 4381 104 4444 8;
129 4380 142 4432 Ι
160 4380 234 4435 Patr.
255 4382 278 4443 2,
298 4381 328 4443 5;
347 4380 446 4435 Matth.
467 4382 490 4443 5,
510 4382 552 4435 24.
571 4412 604 4422 -
623 4380 729 4434 201ac.
751 4383 773 4444 1,
793 4382 817 4435 5.
836 4382 853 4435 6
871 4380 906 4434 of.
924 4380 964 4434 ΠΙ
982 4380 1050 4450 Reg.
1071 4381 1095 4445 3.
1116 4382 1155 4437 ll.

108 4545 135 4608 4,
155 4546 179 4599 4.
199 4544 280 4618 ἁγίου
290 4543 419 4618 ἀγγέλου]
431 4546 449 4599 i.
464 4564 487 4600 e.
501 4547 648 4602 aChristo.
710 4547 737 4602 t.
757 4545 974 4601 similitudinem
992 4562 1016 4601 o.
1034 4547 1051 4602 2
1072 4546 1249 4617 propositam

74 4632 118 4686 cf.
137 4631 194 4686 Vis.
213 4630 245 4697 V,
264 4635 289 4688 2.
307 4631 401 4686 Mand.
419 4633 453 4695 V,
474 4635 496 4696 1,
516 4635 539 4687 7.
677 4632 1248 4704 explicansHermaspropiusadGbristc·
