2834 5018
112 392 115 399 ,
184 345 248 410 205
643 338 670 391 11
688 336 895 393 CLEMENTIS

185 515 427 598 ἀπαλλαγῶμεν,
451 513 690 597 μνημονεύωμεν
713 523 775 577 τῶν
798 523 852 576 τοῦ
882 511 988 595 κυρίου
1017 511 1218 596 ἐνταλμοὶτων
1241 516 1295 577 καί
1319 516 1359 597 μὴ

184 617 489 702 ἀντιπαρελκώμεθα
511 620 573 681 ἀπό
596 628 658 682 τῶν
681 626 841 702 κοσμικών
858 618 1044 700 ἐπιθυμιῶν,
1068 617 1150 680 ἀλλὰ
1170 619 1359 701 πυκνότερον

184 724 426 807 προσερχόμενοι
449 722 633 805 πειρώμεθα
656 723 840 805 προκόπτειν
865 722 897 786 έν
920 732 986 797 ταῖς
1002 722 1141 797 ἐντολαῖς
1163 733 1218 786 τοῦ
1242 723 1358 805 κυρίου,

184 828 236 890 ἵνα
258 827 371 902 πάντες
394 830 431 891 τό
455 828 538 891 αὐτὸ
563 835 770 911 φρονοῦντες
792 826 977 910 συνηγμένοι
1008 825 1090 910 ώμεν
1114 827 1163 889 ἐπί
1186 829 1242 910 τὴν
1265 826 1357 911 ζωήν.

157 936 214 999 ⁶4.
239 929 323 994 εἶπεν
350 932 410 1014 γὰρ
442 930 601 1012 ὁκόριος·
632 931 800 1017 Ἔρχομαι
824 939 1026 1014 συναγαγεῖν
1056 934 1169 996 πάντα
1196 933 1239 996 τὰ
1261 931 1357 1016 ἔθνη,

185 1037 295 1121 φυλὰς
318 1037 374 1099 καὶ
398 1034 563 1117 γλώσσας.
611 1045 702 1098 τοῦτο
725 1036 759 1098 δέ
782 1035 865 1119 λέγει
888 1039 943 1118 τὴν
965 1035 1082 1118 ἡμέραν
1105 1046 1159 1119 τῆς
1179 1033 1359 1118 ἐπιφανείας

184 1142 290 1218 αὐτοῦ,
314 1143 366 1202 ότε
390 1138 495 1204 ἐλθὼν
519 1137 710 1221 λυτρώσεται
733 1139 814 1223 ἡμᾶς
836 1141 969 1203 ἕκαστον
994 1142 1137 1203 κατὰτὰ
1160 1141 1237 1224 ἔργα
1253 1143 1357 1204 αὐτοῦ.

185 1248 214 1311 5.
239 1245 296 1308 καὶ
320 1247 465 1325 ὄψονται
490 1246 553 1327 τὴν
577 1243 682 1323 δόξαν
705 1245 799 1306 αὐτοῦ
823 1244 875 1306 καί
899 1245 933 1305 τό
956 1245 1069 1326 κράτος
1092 1245 1120 1307 οἱ
1143 1247 1283 1324 ἄπιστοι,
1306 1247 1357 1308 καί

184 1347 422 1430 ξενισθὴσονται
447 1346 562 1421 ἰδόντες
585 1348 620 1409 τό
647 1346 804 1431 βασίλειον
827 1357 882 1410 τοῦ
904 1348 1024 1431 κόσμου
1048 1348 1080 1413 ἐν
1103 1357 1146 1433 τῷ
1170 1347 1286 1433 Ἰησοῦ,
1309 1348 1358 1412 λέ-

144 1471 170 1508 10
183 1473 308 1536 γοντες·
332 1451 411 1515 Οὐαί
434 1452 516 1535 ἡμῖν,
540 1454 586 1515 ότι
610 1456 648 1515 σὺ
671 1450 716 1537 ἧς,
739 1455 793 1515 καί
817 1455 875 1516 οὐκ
897 1453 1020 1536 ᾔδειμεν
1043 1455 1096 1515 καί
1119 1455 1177 1516 οὐκ
1199 1453 1357 1516 ἐπιστεύο-

182 1578 238 1640 μεν
267 1558 321 1619 καί
355 1559 413 1620 οὐκ
443 1556 642 1639 ἐπειθόμεθα
672 1567 735 1633 τοῖς
767 1558 982 1643 πρεσβυτέροις
1017 1568 1079 1634 τοῖς
1112 1557 1357 1642 ἀναγγέλλουσιν

182 1659 254 1743 ἡμῖν
276 1663 344 1743 περί
367 1673 422 1746 της
445 1662 597 1746 σωτηρίας
613 1660 718 1745 ἡμῶν·
742 1663 829 1726 καίό
854 1663 991 1747 σκώληξ
1006 1667 1120 1728 αὐτῶν
1143 1666 1183 1727 οὐ
1203 1664 1357 1749 τελευτή·

183 1788 233 1830 σει
257 1769 312 1830 καὶ
336 1768 374 1830 τό
397 1774 466 1851 πῦρ
490 1770 604 1831 αὐτῶν
628 1770 668 1831 οὐ
686 1766 921 1851 σβεσθήσεται,
945 1770 1001 1832 καὶ
1017 1770 1152 1833 ἔσονται
1175 1770 1222 1849 εἰς
1238 1771 1358 1854 ὅρασιν

182 1873 277 1956 πάσῃ
308 1876 415 1956 σαρκί.
463 1874 492 1937 6.
517 1872 572 1954 τὴν
602 1870 720 1955 ἡμέραν
754 1870 873 1956 ἐκείνην
906 1871 989 1956 λέγει
1020 1883 1074 1956 τῆς
1105 1872 1253 1954 κρίσεως,
1285 1876 1356 1936 όταν

143 1995 168 2034 ιι
183 1974 312 2056 ὄψονται
335 1978 407 2050 τοὺς
430 1974 462 2038 ἐν
485 1974 557 2058 ἡμῖν
581 1975 795 2060 ἀσεβήσαντας
825 1978 878 2039 καί
902 1976 1209 2060 παραλογιοαμὲνους
1232 1978 1289 2052 τοῖς
1311 1976 1357 2039 ἐν-

179 2079 273 2154 τολὰς
298 2078 402 2164 Ἰησοῦ
425 2079 572 2162 Χριστοῦ.
623 2085 650 2146 7.
676 2080 704 2143 οἱ
727 2080 762 2142 δὲ
791 2080 903 2142 δίκαιοι
926 2079 1176 2164 εῦπραγὴσαντες
1205 2082 1258 2143 καί
1283 2081 1356 2144 ὑπο-

181 2183 338 2266 μείναντες
353 2186 409 2259 τόις
433 2184 587 2269 βασάνους
607 2185 661 2246 καί
685 2183 869 2267 μισήσαντες
885 2187 940 2260 τὰς
962 2184 1159 2268 ἡδυπαθείας
1174 2195 1229 2269 τῆς
1245 2186 1356 2270 ψυχῆς,

182 2290 257 2350 όταν
281 2290 460 2354 θεάσωνται
484 2293 555 2364 τοὺς
579 2289 817 2372 ἀστοχήσαντας
832 2292 885 2352 καί
908 2289 1138 2374 ἀρνησαμένους
1154 2289 1205 2352 διὰ
1228 2298 1290 2353 τών
1306 2290 1356 2353 λό-

180 2413 245 2476 γων
268 2393 288 2475 ἡ
312 2392 362 2454 διὰ
385 2401 447 2455 τῶν
470 2394 569 2477 ἔργων
592 2395 645 2457 τόν
670 2392 812 2477 Ἰησοῦν,
845 2397 929 2469 όπως
951 2393 1137 2471 κολάζονται
1166 2395 1280 2470 δειναῖς
1303 2396 1355 2480 βα-

140 2514 166 2552 so
181 2496 286 2570 σοίνοις
309 2497 380 2577 πυρί
404 2495 562 2582 ἀσβέστῳ,
591 2497 714 2560 ἔσονται
738 2496 830 2573 δόξαν
857 2497 992 2573 διδόντες
1015 2507 1058 2581 τῷ
1089 2501 1156 2582 θεῷ
1180 2501 1284 2563 αὐτῶν
1307 2499 1355 2562 λέ-

181 2621 296 2684 γοντες,
322 2602 368 2661 ότι
391 2600 478 2662 ἔσται
502 2599 588 2676 ἐλπίς
611 2609 655 2685 τῷ
679 2602 895 2666 δεδουλευκότι
918 2607 986 2688 θεῷ
1010 2605 1042 2682 ἐξ
1065 2605 1139 2691 ὅλης
1161 2606 1301 2688 καρδίας.

269 2706 386 2771 XVIIL
412 2704 474 2768 Καί
490 2704 578 2789 ἡμεῖς
600 2703 655 2770 οὖν
670 2706 837 2791 γενώμεθα
860 2708 973 2772 ἐκτῶν
998 2710 1274 2792 εῦχαριστοόντων,
1294 2721 1355 2775 τῶν

180 2808 429 2872 δεδουλευκότων
463 2817 507 2892 τῷ
542 2812 629 2894 θεῷ,
668 2812 721 2873 καί
755 2815 797 2895 μὴ
832 2812 868 2875 ἐκ
900 2823 961 2876 τῶν
995 2814 1183 2898 κρινομένων
1223 2815 1354 2900 ἀσεβῶν.

249 2949 265 3000 3
283 2949 502 3019 προσερχόμενοι
522 2948 548 3001 Η
561 2967 567 3000 :
580 2950 829 3021 προσευχόμενοιθ
845 2951 882 3019 18
902 2957 952 3022 τὴν
969 2954 1053 3020 δόξαν
1071 2950 1158 3009 αὐτοῦ
1175 2957 1223 3008 καὶ
1241 2953 1274 3010 τὸ
1292 2954 1354 3026 κρά-

179 3033 381 3102 toctgloriam
409 3034 469 3087 eius
495 3035 524 3087 in
551 3037 652 3091 robore
679 3039 709 3091 el
735 3038 916 3105 potestates
942 3040 945 3108 ἡ
972 3038 1113 3106 alsam,
1128 3039 1352 3108 Ητείόότεςθλ

181 3121 213 3173 15
232 3121 296 3190 ἡμῖν
315 3121 332 3173 S
346 3139 352 3172 ι
366 3119 430 3189 ὑμῖν
449 3120 476 3173 Η
492 3122 495 3191 Ι
513 3124 545 3177 18
563 3120 846 3196 ἀρνησαμένους-ἡὴ
864 3126 882 3179 S
898 3127 902 3196 Ι
919 3127 952 3179 20
971 3122 1081 3183 ἔσονται
1095 3127 1129 3197 -ἡ-
1142 3125 1172 3183 ἐν
1195 3126 1353 3200 ἀγαλλιάσει

180 3205 198 3258 S
215 3206 218 3275 l
235 3209 356 3274 διδόντες
374 3206 411 3260 S:
427 3209 523 3275 δόντες
542 3210 568 3262 Η

178 3327 260 3396 Apol.
282 3328 301 3391 l,
320 3328 353 3382 67
380 3344 495 3396 praeses
522 3332 566 3384 vel
596 3333 766 3402 episeopus,¹
782 3333 1353 3405 l;Didaso.seleonslitaposi.ll,59.60.

179 3414 208 3466 in
228 3414 346 3469 Constit.
372 3421 463 3483 apost.
483 3417 515 3480 lI,
535 3419 568 3472 57
593 3370 766 3541 presbyteri}
814 3422 838 3474 4.
859 3421 959 3475 Tribus
987 3440 1043 3476 non
1071 3439 1088 3475 a
1115 3423 1206 3477 lesaia
1234 3427 1353 3492 quidem.

179 3502 369 3570 etepisoopus,
378 3506 406 3556 el
416 3502 579 3573 hioquidem
588 3511 751 3561 cunctorum
780 3508 829 3561 sed
849 3508 959 3577 saepius
979 3525 997 3561 a
1015 3511 1154 3580 propheto
1172 3511 1276 3566 Daniel
1299 3529 1355 3566 uno

178 3592 346 3656 postremus.
383 3588 445 3643 Vox
459 3593 553 3644 autem
569 3593 752 3667 πρεσβύτεροι
780 3613 842 3649 cum
861 3595 992 3665 gentibus
1011 3598 1040 3649 et
1058 3599 1162 3668 linguis
1188 3616 1353 3654 commemo·

179 3674 231 3727 hoo
242 3674 304 3728 loeo
323 3680 397 3730 corte
408 3678 493 3731 etiam
505 3680 668 3750 episcopum
678 3699 752 3735 eom·
779 3686 891 3746 rantur,
921 3699 942 3736 e.
963 3702 988 3753 g.
1008 3685 1040 3746 3,
1067 3686 1090 3737 7.
1110 3685 1156 3746 96;
1184 3686 1212 3747 5,
1234 3687 1274 3740 19.
1312 3687 1353 3741 cf.

178 3760 314 3828 plectitur
331 3779 383 3817 neo
402 3764 517 3818 dubium
530 3768 580 3831 esi,
600 3768 670 3834 quin
688 3785 751 3822 auc·
779 3769 879 3823 Matlh.
894 3771 935 3833 24,
950 3769 998 3832 31;
1018 3772 1058 3833 25,
1072 3772 1112 3826 32.
1126 3802 1160 3811 -
1172 3772 1354 3842 λυτρώσεται]

178 3850 223 3899 tor
234 3848 376 3914 homiliae,
392 3867 563 3919 quamquam
577 3854 751 3909 auditoribus
779 3856 848 3926 Eph.
859 3859 884 3917 4,
898 3857 932 3910 30
951 3857 1009 3910 dies
1029 3857 1127 3911 iudicii
1144 3859 1233 3932 ἡμέρα
1251 3859 1353 3918 ἀπολυ-

178 3936 259 4002 (ἡμᾱς
277 3938 368 4005 wool.)
387 3954 448 3991 sese
472 3938 656 3994 adnumerare
676 3942 751 3994 vide·
779 3942 907 4014 τρώσεως
925 3943 1093 4013 appellatur.
1115 3945 1157 3999 Cf.
1170 3946 1236 3999 Luc.
1249 3949 1291 4010 21,
1305 3947 1353 4009 28;

177 4021 237 4082 tur,
255 4023 403 4090 presbyter
420 4026 464 4077 vel
484 4026 631 4096 episeopus
650 4027 751 4090 fuerit3
763 4064 766 4121 Ι
778 4029 856 4084 Rom.
875 4032 900 4095 8,
919 4034 960 4086 23,

178 4103 245 4157 laici
264 4108 337 4160 enim
357 4111 467 4164 nonnisi
486 4114 628 4168 rarissime
647 4128 766 4169 sermo-¹
812 4119 835 4170 5.
855 4140 880 4174 κ.
900 4116 1029 4191 ὄψονται]
1059 4120 1100 4175 ef.
1120 4121 1222 4175 Matih.
1241 4125 1283 4188 24,
1303 4125 1353 4187 30;

178 4204 240 4241 nem
258 4190 560 4252 inecelesialeeerunt.
575 4204 751 4259 -πυκνότε-
777 4204 819 4263 25,
838 4203 886 4266 31;
906 4208 991 4274 Apoe.
1008 4208 1030 4269 l,
1045 4211 1067 4263 7.
1088 4240 1123 4248 -
1140 4209 1272 4282 λέγοντες
1283 4213 1353 4282 κτλ]

176 4279 295 4350 posito]
316 4279 601 4352 cs.1gn.Eph.13‚1;
619 4286 749 4356 Polyo.4,
778 4291 819 4344 Cf.
838 4291 919 4345 Barn.
940 4295 962 4356 7,
983 4294 1012 4356 93
1040 4294 1103 4364 Sap.
1123 4297 1148 4360 5,
1167 4298 1184 4349 3
1204 4314 1280 4364 sqq.,
1306 4298 1355 4353 ubi
