2834 5018
494 621 672 679 uersuum
691 624 723 688 x,
743 623 840 686 e-x1‚
862 624 883 677 1.
1235 629 1274 692 71

95 807 143 866 tat
168 806 201 868 et
223 804 320 867 modo
343 824 420 879 mas,
445 805 538 868 modo
561 804 681 868 femina
697 808 753 868 est.
800 804 829 867 8.
854 802 914 868 Sed
937 808 969 867 et
994 807 1172 868 mustelam
1193 803 1277 868 insto

96 908 168 971 odio
192 912 380 989 prosecutus
404 912 460 971 est.
507 908 589 985 Non,
615 909 728 992 inquit,
753 909 814 972 eris
837 908 919 986 talis,
945 909 1053 992 quales
1075 909 1217 973 audimus
1243 909 1277 972 iu

95 1033 148 1076 ore
172 1012 299 1096 impuro
331 1013 505 1096 nequitiam
535 1018 676 1097 patrare,
706 1034 808 1096 neque
835 1013 1018 1077 adhaerebis
1049 1014 1182 1096 impuris
1205 1013 1276 1077 istis

98 1117 235 1195 feminis,
262 1139 341 1201 quae
357 1118 523 1182 infandum
546 1119 670 1182 facinus
685 1118 718 1181 in
733 1140 787 1182 ore
801 1124 995 1201 perpetrant.
1043 1117 1176 1183 Animal
1192 1119 1276 1183 eninr

96 1221 253 1286 illudere
286 1223 432 1306 concipit.
479 1224 508 1286 9.
533 1223 583 1286 De
606 1223 685 1287 escis
716 1223 816 1307 igitur
838 1223 940 1287 tribus
973 1224 1106 1289 decretis
1136 1223 1300 1306 acceptis⁶

97 1327 203 1391 Moses
227 1327 273 1391 ita
295 1327 328 1390 in
350 1328 464 1409 spiritu
486 1327 612 1392 locutus
634 1333 703 1402 est;
732 1327 781 1391 illi
803 1349 877 1391 vero
907 1329 996 1393 iuxta
1019 1330 1120 1393 carnis
1151 1329 1272 1412 cupidi-

98 1436 197 1495 tatem
222 1437 418 1515 acceperunt,
443 1434 534 1516 quasi
557 1434 595 1497 de
619 1433 689 1497 cibo
712 1432 898 1515 simpliciter
922 1434 1048 1518 egisset.
1096 1434 1144 1497 10.
1169 1433 1274 1497 David

97 1558 169 1600 vero
193 1537 364 1600 eorundem
387 1536 484 1600 trium
506 1538 728 1601 mandatorum
750 1558 877 1600 sensum
911 1537 1108 1620 spiritualem
1130 1558 1272 1621 compre·

95 1641 206 1705 hendit
229 1644 261 1704 et
285 1642 330 1705 ait
353 1641 514 1705 similiter:
548 1646 673 1705 Beatus
696 1648 763 1719 air,
794 1648 850 1722 qul
872 1662 938 1706 aare
970 1646 1054 1706 abiit
1076 1648 1111 1707 ia
1134 1646 1274 1706 coasilio

95 1752 285 1827 lamiarum,
308 1746 389 1810 sicut
411 1747 514 1828 pisces
538 1746 732 1811 intenebris
757 1747 921 1811 ambulant
944 1749 977 1812 in
1000 1748 1208 1831 profundum
1243 1756 1276 1811 el
1289 1764 1314 1801 10

97 1857 130 1912 ln
155 1856 209 1913 cla
228 1858 441 1931 peramarum
465 1870 530 1912 non
553 1856 657 1929 stelit,
680 1849 761 1913 sicut
783 1851 815 1927 ii,
841 1852 895 1934 qui
918 1852 1064 1916 videntur
1085 1853 1197 1917 timere
1218 1854 1274 1916 do·

98 1955 228 2031 minum,
253 1954 341 2018 velut
363 1976 416 2017 sus
438 1956 590 2036 peccant;
621 1962 654 2016 el
676 1959 710 2016 ln
734 1957 893 2018 cathedra
915 1959 1186 2036 pestilentiarmu
1210 1977 1274 2021 aare

98 2063 195 2141 aedil,
221 2043 484 2143 quemadmodum
508 2080 599 2135 aves,
632 2080 712 2141 quae
736 2059 775 2121 ad
798 2059 944 2142 rapinam
974 2061 1092 2124 sedent.
1139 2060 1274 2125 Habetis

98 2187 181 2228 nunc
197 2165 295 2228 etiam
318 2164 355 2227 de
372 2164 443 2229 cibo
459 2162 588 2247 plenam
604 2165 825 2248 cognitionem.
852 2168 901 2228 11.
927 2165 1047 2230 Rursus
1063 2166 1140 2229 dicit
1154 2164 1273 2230 Moses:

98 2272 343 2334 llamlucudlte'e
365 2290 461 2334 carrae
477 2272 609 2348 bifidum
633 2290 672 2333 uc
687 2277 870 2334 retentantes.
917 2269 1000 2345 Quid
1022 2270 1090 2333 ait?
1115 2268 1205 2345 Quod
1221 2270 1275 2353 qui
1289 2286 1314 2324 1⁶

98 2375 212 2457 accipit
235 2396 356 2450 escam,
381 2375 530 2458 cognovit
553 2375 746 2438 nutrientem
769 2380 801 2439 et
823 2376 855 2439 in
879 2397 916 2439 ec
940 2375 1138 2459 requiescens
1162 2375 1275 2438 laetari

97 2480 229 2542 ridetur.
278 2480 375 2544 Recte
406 2480 485 2544 dixit
514 2479 708 2563 perspiciens
738 2481 930 2544 mandatnm.
982 2478 1064 2555 Quid
1096 2502 1172 2565 ergo
1205 2479 1274 2543 ait?

97 2582 278 2647 Adhaerete
301 2584 355 2661 iis,
388 2585 442 2667 qui
471 2585 585 2647 tIment
616 2584 791 2661 dominum,
824 2585 878 2666 qui
900 2584 933 2648 in
963 2585 1055 2649 corde
1083 2584 1275 2648 meditantur

96 2693 312 2772 praeceptum,
337 2689 421 2770 quod
437 2694 638 2773 acceperunt,
665 2689 718 2772 qui
741 2687 913 2771 loquuntur
929 2711 965 2753 ac
984 2694 1110 2754 servant
1125 2690 1274 2754 mandata

99 2794 225 2867 domini,
251 2793 305 2876 qui
328 2793 440 2867 sciunt,
465 2793 702 2856 meditationem
724 2814 805 2876 opus
828 2813 895 2856 esse
918 2792 1076 2869 laetitiae,
1101 2799 1133 2857 et
1156 2792 1313 2856 dominia

98 2920 274 2962 sermonem
297 2898 467 2961 ruminant.
515 2896 597 2973 Quid
619 2919 693 2961 vero
716 2897 778 2962 sibi
801 2896 868 2960 vult
884 2897 1041 2961 bifidum?
1065 2896 1157 2972 Quod
1170 2897 1273 2960 iustus

100 3004 184 3067 etin
208 3003 270 3066 boc
293 3003 409 3066 mundo
433 3003 576 3067 ambulat
598 3007 630 3067 et
652 3006 796 3066 sanctum
819 3007 982 3086 exspectat
1005 3001 1173 3066 saeculum.
1213 3000 1272 3064 Vi·

98 3108 176 3183 dete,
203 3130 298 3190 quam
312 3107 422 3190 pulcre
446 3109 584 3172 sanxerit
600 3108 713 3172 Moses.
763 3109 812 3170 12.
838 3106 900 3170 Sed
915 3106 1073 3170 undenam
1095 3104 1168 3181 illis,
1193 3103 1272 3167 haec

96 3212 283 3294 intellegere
306 3233 342 3275 ac
366 3214 651 3295 comprehendere?
681 3211 749 3276 Nos
773 3215 877 3275 autern
900 3212 1051 3276 mandata
1072 3210 1153 3273 iuste
1176 3208 1272 3272 intel-

96 3315 238 3401 legentes
261 3317 437 3400 loquimur,
473 3317 629 3399 quomodo
660 3317 804 3381 dominus
835 3315 943 3379 voluit.
989 3313 1161 3397 Propterea
1190 3312 1274 3376 euim
1288 3329 1313 3368 2⁶

95 3442 185 3484 aures
208 3425 335 3484 nostras
359 3426 390 3485 et
413 3422 506 3485 corda
530 3422 734 3496 circumcidit,
759 3426 795 3485 ut
817 3421 879 3484 ista
902 3420 1196 3483 animadvertamus.

183 3524 237 3588 XI.
263 3523 457 3600 Quaeramus
480 3548 569 3602 vero,
604 3550 644 3591 an
667 3527 793 3591 donrino
827 3546 920 3589 curae
943 3524 1039 3588 fucrit
1068 3544 1271 3607 praemonere

167 3679 179 3730 1
201 3679 265 3731 Lev.
288 3679 327 3740 11,
346 3678 388 3732 29.
408 3711 442 3718 -
459 3681 475 3733 9
495 3681 538 3733 Ps.
561 3682 581 3743 1,
604 3683 625 3734 1.
647 3711 680 3719 —
701 3680 732 3734 14
751 3678 817 3732 Lev.
840 3678 879 3739 11,
898 3676 928 3739 3;
948 3676 1029 3730 Dent.
1050 3676 1089 3738 14,
1109 3676 1132 3729 6.

130 3802 153 3854 8.
174 3796 250 3868 οἵους
262 3800 332 3870 κτλ]
352 3800 369 3853 i.
385 3817 407 3853 e.
421 3800 566 3855 fellatores
579 3805 608 3856 et
622 3800 671 3855 lel-
736 3801 775 3856 11.
796 3798 902 3853 Similis
913 3797 1009 3869 gnosio
1019 3798 1111 3851 exstat
1120 3797 1195 3865 apud
1203 3798 1273 3850 Iron.

95 3887 217 3942 latrices.
240 3920 275 3928 -
303 3897 341 3963 τῷ
360 3909 402 3945 at.
422 3889 490 3958 κύει]
510 3888 551 3943 Cf.
563 3890 670 3944 Aeliau.
699 3888 767 3942 Adv.
786 3887 860 3940 haer.
876 3886 908 3949 V,
922 3884 976 3949 8,3
995 3915 1029 3922 -
1047 3884 1211 3953 διάσταλμα]
1232 3888 1274 3937 est

95 3975 111 4027 l.
131 3993 153 4028 c.
174 3975 207 4039 II,
228 3977 277 4037 55;
302 3975 388 4030 Clem.
408 3977 529 4045 Recogn
544 3975 616 4038 VIII,
630 3977 670 4029 25.
699 3971 773 4044 ἅπαξ
791 3976 944 4047 λεγόμενον
956 3975 985 4026 et
997 3971 1068 4025 verti
1086 3974 1182 4039 potest
1195 3988 1274 4039 prue-

129 4065 153 4117 9.
175 4066 238 4136 τρία
267 4062 404 4135 δόγματα]
426 4061 502 4126 Quae
531 4063 588 4117 ista
614 4062 672 4117 tria
698 4069 802 4131 ceptum
825 4064 874 4114 aut
899 4060 1058 4127 diffareatio.
1088 4088 1121 4096 —
1149 4062 1275 4128 διχηλοῦι·

96 4150 208 4204 decreta
222 4150 400 4214 sint,clarius
414 4166 522 4203 eversu
536 4153 671 4217 sequente
697 4149 768 4218 act]
797 4146 934 4202 Similiter
953 4144 1097 4216 Origenes,
1117 4143 1228 4198 Selecta
1246 4143 1274 4197 in

97 4237 222 4305 apparet.
260 4237 366 4291 Auctor
390 4237 446 4290 tria
474 4237 608 4290 animalia
626 4237 671 4291 vel
699 4235 854 4290 LevIticum
872 4235 915 4289 ed.
928 4233 1030 4287 Bencd.
1049 4232 1082 4295 Π,
1103 4232 1165 4287 182:
1184 4237 1275 4303 διχηλῆ

96 4339 198 4391 genera
207 4324 532 4392 animaliumprachpue
541 4323 670 4392 respicit:
699 4325 749 4380 τὸν
767 4322 886 4395 εὐσεβῶς
898 4318 929 4376 ἐν
948 4327 987 4394 τῷ
998 4318 1077 4375 αἰῶνι
1097 4318 1186 4394 τούτῳ
1198 4324 1275 4376 uol-

96 4426 179 4473 suenr,
201 4427 266 4463 aves
279 4426 397 4479 rapaces
418 4412 446 4462 et
457 4408 549 4477 pisces
562 4409 592 4462 in
607 4427 671 4479 pro-
699 4411 850 4477 τευόμενον
860 4411 906 4464 καὶ
919 4406 963 4464 διὰ
976 4407 1026 4463 τὸν
1038 4406 1176 4476 μέλλοντα
1187 4404 1275 4463 αἰῶνα

97 4496 182 4552 tundo
201 4499 287 4551 maris
313 4498 456 4567 degentes.
481 4497 627 4552 Accedunt
644 4515 669 4551 v.
699 4494 742 4553 ἐπ’
760 4494 864 4552 ἐκεῖνον
881 4493 1043 4551 σπεύδοντα.

99 4584 163 4639 6-8
180 4585 236 4639 tria
256 4584 320 4638 alia.
735 4583 774 4637 12.
795 4579 920 4650 ἐκείνοις]
941 4598 977 4636 sc.
997 4580 1116 4636 ludaeis.
