2834 5018
205 326 266 391 132
671 321 683 374 1
703 318 907 375 cuuuuuus

203 497 275 583 ἥξει
298 500 316 562 ὁ
339 501 453 583 κύριος
477 499 524 578 είς
539 498 599 561 τόν
622 497 707 561 ναόν
723 499 838 577 αὐτοῦ,
861 498 951 560 καλό
975 499 1078 579 ἅγιος,
1095 500 1137 561 δα
1158 501 1254 578 ὑμεῖς
1270 518 1373 581 προο-

205 602 334 668 ὁοκᾶτε.

290 707 408 773 XXIV.
431 704 697 788 Κατανοίγσωμεν,
720 704 886 789 ἀγαπητοί,
908 713 976 780 πῶς
999 704 1016 767 ό
1039 705 1189 790 δεσπότης
1206 705 1373 770 ἐπιδείκνυ-

203 832 253 874 ται
276 811 425 896 διηνεκῶς
440 809 512 893 ἡμῖν
534 811 589 892 τἠν
606 807 782 891 μέλλουσαν
805 809 974 872 ἀνάστασιν
990 810 1131 889 ἔσεσθαι,
1154 809 1191 895 ης
1207 814 1262 895 τὴν
1280 813 1375 892 ἀπαρ-

178 919 264 1000 υχὴν
287 916 454 1000 ἐποιήσατο
477 917 530 978 τόν
553 914 659 996 κύριον
683 913 805 998 Ἰησοῦν
828 912 963 996 Χριστόν
987 914 1024 978 ἐκ
1047 923 1164 996 νεκρῶν
1188 916 1374 999 ἀναστήσας.

204 1025 234 1087 2.
272 1021 402 1104 ἴδωμεν,
442 1019 614 1103 ἀγαπητοί,
654 1021 709 1102 τὴν
743 1021 825 1081 κατὰ
858 1021 967 1102 καιρόν
999 1019 1162 1104 γινομένην
1196 1020 1375 1083 ἀνάστασιν.

204 1129 234 1192 3.
257 1124 357 1208 ἡμέρα
379 1127 431 1188 καί
455 1124 508 1201 νὺξ
531 1123 700 1188 ἀνάστασιν
722 1123 794 1207 ἡμῖν
817 1123 980 1208 δηλοῦσιν·
1015 1134 1160 1207 κοιμᾶται
1183 1123 1203 1207 ἡ
1227 1123 1292 1201 νύξ,
1315 1124 1376 1187 ἀνί-

204 1251 313 1295 σταται
336 1228 357 1312 ἡ
382 1228 498 1313 ἡμέρα·
530 1227 550 1311 ἡ
576 1227 677 1311 ἡμέρα
704 1231 841 1308 ἀπεισιν,
873 1229 927 1307 νὺξ
959 1229 1132 1313 ἐπέρχεται.
1178 1234 1208 1296 4.
1233 1229 1376 1314 λάβωμεν

204 1339 275 1410 τοὺς
297 1333 451 1416 καρπούς·
475 1333 492 1396 ό
516 1333 630 1414 σπόρος
653 1341 719 1408 πῶς
742 1334 796 1395 καί
811 1332 879 1395 τίνα
902 1333 1015 1415 τρόπον
1029 1334 1165 1417 γίνεταις
1188 1338 1217 1399 5.
1243 1333 1376 1417 ἐξῆλθεν

166 1440 222 1502 ιιό
245 1438 378 1521 σπείρων
400 1439 453 1500 καί
476 1435 588 1522 ἔβαλεν
611 1437 653 1511 είς
676 1439 732 1519 τὴν
754 1447 812 1520 γῆν
835 1439 968 1501 ἕκαστον
992 1449 1053 1502 τῶν
1069 1440 1265 1522 σπερμάτων,
1290 1441 1377 1502 ἀτινα

203 1545 339 1608 πεσόντα
362 1544 405 1620 εἰς
426 1545 482 1626 τἠν
504 1552 562 1626 γην
585 1540 663 1626 ξηρά
685 1543 738 1604 καί
761 1544 864 1626 γυμνὰ
886 1542 1061 1607 διαλύεται·
1098 1541 1151 1606 εἰτ’
1174 1543 1211 1605 ἐκ
1233 1554 1289 1626 της
1310 1543 1376 1606 δια-

204 1649 323 1724 λύσεως
345 1648 366 1732 η
388 1646 590 1733 μεγαλειότης
612 1656 666 1730 τῆς
689 1647 832 1728 προνοίας
855 1657 910 1710 τοῦ
933 1648 1085 1713 δεσπότου
1108 1648 1267 1732 ἀνίστησιν
1290 1647 1377 1723 αὐτά,

203 1756 257 1817 καί
280 1754 317 1816 ἐκ
339 1762 393 1816 τού
417 1753 484 1828 ἑνός
506 1750 636 1814 πλείονα
658 1750 743 1827 αὔξει
765 1753 819 1814 καί
842 1752 965 1834 ἐκφέρει
988 1753 1118 1834 καρπόν.

292 1860 392 1925 XXV.
416 1856 547 1939 Ἰδωμεν
579 1857 614 1918 τό
644 1855 819 1938 παράδοξον
850 1867 975 1941 σημεῖον
1004 1859 1040 1920 τό
1069 1857 1232 1941 γινόμενον
1262 1856 1379 1932 ἐντοῖς

166 1963 401 2038 ιιάνατολικοῐς
423 1963 545 2041 τόποις,
578 1959 735 2023 τουτέστιν
758 1971 821 2037 τοῖς
843 1963 911 2043 περί
934 1964 990 2044 τἠν
1013 1960 1172 2046 Ἀραβίαν.
1219 1965 1250 2027 2.
1275 1964 1378 2043 ὄρνεον

203 2069 263 2151 γάρ
287 2067 379 2147 ἐστιν,
404 2067 420 2128 ό
442 2065 708 2148 προσονομάζεται
732 2065 846 2147 φοίνιξ·
876 2077 968 2129 τοῦτο
991 2067 1155 2150 μονογενὲς
1178 2065 1321 2148 ὑπάρχον
1343 2065 1379 2148 ζῇ

204 2172 258 2254 ἔτη
280 2169 486 2248 πεντακόσια,
517 2169 684 2252 γενόμενόν
707 2190 741 2233 τε
763 2169 822 2254 ἤδη
845 2171 921 2252 πρός
952 2170 1103 2234 ἀπόλυσιν
1126 2180 1181 2232 τοῦ
1206 2171 1378 2236 ἀποθανεῖν

203 2274 290 2353 αὐτό,
314 2275 411 2359 σηκόν
433 2273 534 2355 ἑαυτῷ
557 2283 639 2336 ποιεῖ
654 2273 690 2336 ἐκ
713 2273 840 2359 λιβάνου
863 2276 916 2337 καί
940 2275 1075 2359 σμύρνης
1098 2275 1151 2337 καί
1175 2283 1237 2339 τῶν
1262 2272 1378 2336 λοιπῶν

204 2378 388 2461 ἀρωμάτων,
412 2378 454 2453 εἰς
470 2378 505 2442 όν
527 2376 749 2461 πληρωθέντος
767 2388 820 2441 τοῦ
842 2379 956 2461 χρόνου
973 2379 1144 2462 εἰσέρχεται
1166 2380 1220 2441 καί
1237 2378 1377 2462 τελευτᾷ.

164 2487 233 2549 πθ.
258 2481 433 2567 σηπομένης
456 2482 491 2545 δέ
513 2493 566 2566 της
590 2484 705 2565 σαρκός
728 2480 854 2566 σκώληξ
877 2504 922 2558 τις
944 2493 1110 2567 γεννᾶται,
1135 2484 1169 2558 ὃς
1192 2482 1228 2546 ἐκ
1252 2494 1307 2566 της
1331 2482 1378 2545 ἰκ-

204 2587 301 2670 μάδος
331 2596 386 2650 τού
417 2585 672 2670 τετελευτηκότος
703 2584 786 2664 ζύου
815 2586 1063 2669 ἀνοιτρεηόμενος
1094 2595 1280 2668 πτεροφυεῑ·
1314 2584 1380 2650 εἶτα

204 2701 344 2777 γενναῖος
374 2691 539 2775 γενόμενος
568 2693 646 2773 αίρει
676 2692 729 2754 τόν
760 2692 857 2776 σηκόν
890 2690 1024 2770 ἐκεῖνον,
1057 2694 1135 2754 ὅπου
1158 2693 1198 2753 τᾶ
1225 2691 1305 2754 ὀστᾶ
1328 2701 1381 2754 τοῦ

204 2796 429 2881 προγεγονότας
452 2795 552 2874 ἐστίν,
574 2797 628 2858 καί
651 2805 749 2858 ταῦτα
772 2794 937 2880 βαστάζων
960 2795 1075 2858 διανύει
1097 2796 1159 2857 ἀπό
1182 2804 1236 2877 τῆς
1260 2793 1380 2880 Ἀραβι-

203 2912 261 2985 κης
294 2899 399 2984 χώρας
431 2901 490 2975 ἕως
523 2910 577 2984 της
614 2900 772 2984 Αἰγύπτου
807 2900 849 2974 εἰς
882 2901 938 2982 τὴν
973 2898 1143 2984 λεγομένην
1168 2897 1379 2965 Ἡλιούπολιν.

165 3011 234 3072 ιι4.
257 3007 311 3069 καί
334 3004 460 3088 ἡμέρας,
484 3003 661 3089 βλεπόντων
676 3005 811 3084 πάντων,
836 3003 965 3079 ἐπιπτὰς
989 3003 1038 3066 ἐπί
1061 3004 1114 3065 τόν
1137 3013 1191 3066 τού
1214 3002 1305 3085 ἡλίου
1322 3003 1381 3088 βω-

203 3110 260 3192 μόν
283 3109 407 3194 τίθησιν
430 3110 511 3171 αὐτὰ
528 3110 581 3171 καί
605 3111 703 3182 οὕτως
719 3109 761 3184 εἰς
784 3108 920 3172 τούπίσω
940 3109 1076 3190 ἀρορμᾶ.
1123 3112 1152 3174 5.
1178 3107 1206 3171 οί
1222 3105 1277 3172 οὖν
1294 3108 1381 3191 ἱερεῖς

272 3266 289 3318 3
307 3279 347 3330 sq.
367 3261 547 3320 ἐπιδείκνυται
565 3269 587 3319 ό.
607 3265 672 3334 ἡμῖν
683 3265 709 3318 Α
721 3282 727 3317 :
741 3269 762 3320 δ.
783 3266 848 3335 ἡμῖν
866 3261 1029 3320 ἐπιδείκνυσι
1045 3263 1071 3315 Η
1086 3262 1090 3332 Ι
1107 3262 1123 3315 5
1141 3263 1317 3334 Χριστόν)
1335 3262 1377 3316 H'

207 3350 237 3404 17
256 3369 287 3405 τε
303 3349 390 3407 Αιδὲ
408 3348 454 3403 HS
479 3350 482 3420 Ι
509 3350 541 3403 19
558 3352 661 3423 χρόνου
680 3351 860 3414 ΑΗιΙ-τοῦ
876 3355 939 3424 βίου
956 3351 997 3404 Ls
1017 3349 1115 3419 Knopf
1137 3349 1140 3419 Ι
1167 3349 1201 3402 20
1220 3349 1251 3407 δὲ
1269 3350 1377 3407 Astus

205 3437 231 3489 H
256 3436 260 3506 Ι
285 3445 414 3509 γεννᾶται
435 3437 481 3490 AL
503 3437 558 3505 Cyr
578 3455 584 3488 ι
603 3435 764 3509 ἐγγεννᾶται
788 3437 833 3491 HS
858 3438 861 3506 Ι
886 3439 918 3492 21
944 3442 1160 3508 τελευτήσαντος
1181 3435 1207 3488 Η
1233 3436 1236 3506 Ι
1263 3436 1298 3490 25
1322 3434 1378 3493 ἐπι-

204 3522 319 3591 πτὰς>
336 3522 361 3574 Η

205 3661 273 3715 nat'u
292 3691 326 3701 —
344 3656 432 3733 ύίγιος]
447 3660 520 3714 Lxx
531 3659 640 3714 hubent
651 3657 777 3734 ἄγγελος.
790 3662 793 3753 Ι
807 3661 851 3723 13;
871 3662 972 3716 Μίτιυα
992 3661 1049 3716 uel.
1069 3661 1165 3715 Octuv.
1185 3677 1208 3714 e.
1222 3662 1264 3725 34,
1281 3661 1322 3715 ll.
1339 3662 1381 3723 12;

206 3750 333 3803 Clemens
352 3746 430 3801 illum
448 3765 544 3802 vocem
557 3751 676 3817 usurpat
694 3764 778 3800 eme·
791 3756 793 3863 Ι
806 3748 920 3804 Tertuss.
929 3748 1009 3818 Apol.
1024 3766 1046 3803 ο.
1056 3749 1105 3810 48;
1124 3748 1166 3801 De
1178 3763 1281 3802 resurr.
1302 3748 1382 3809 α12;

205 3836 398 3889 moriulocum
408 3836 543 3906 allegans,
557 3837 678 3889 fortusse
692 3837 778 3888 etiam
807 3835 903 3903 Cyrill.
917 3836 1028 3889 catech
1040 3835 1087 3899 IV,
1101 3834 1147 3896 30;
1165 3833 1269 3903 Epiph.
1282 3835 1381 3888 Ancor.

206 3923 240 3976 de
260 3922 412 3985 industria,
436 3922 504 3989 quiu
522 3921 673 3976 Dominum
688 3920 779 3976 noluit
807 3938 829 3974 υ.
859 3922 908 3984 84;
943 3923 1084 3994 Pu-Cypr.
1115 3923 1157 3976 Du
1186 3926 1332 3978 resurrecu
1357 3941 1380 3977 ι.

206 4009 337 4079 angelum
354 4008 508 4062 nominare.
809 4010 856 4063 121
876 4026 937 4076 sqq.

239 4095 337 4159 XXIV,
355 4094 378 4146 1.
403 4093 538 4167 ἀπαρχήν]
565 4092 607 4147 Cf.
626 4094 639 4146 1
658 4093 718 4148 Cor.
739 4095 779 4157 15,
842 4097 865 4149 5.
885 4096 927 4151 cf.
952 4097 1053 4151 Matth.
1074 4099 1122 4160 13,
1141 4099 1165 4153 3.
1201 4099 1288 4152 Mure.
1310 4100 1339 4162 4,
1357 4095 1379 4150 3.

206 4182 247 4235 20.
266 4182 314 4243 23;
334 4182 391 4236 Col.
412 4184 434 4245 1,
456 4185 495 4239 18.
808 4183 872 4236 Luc.
891 4184 914 4247 8,
934 4186 957 4237 5.

241 4268 316 4322 2-5.
346 4269 389 4325 Of.
417 4270 543 4339 Theoph.
569 4269 614 4323 ud
640 4268 735 4322 AutoL
760 4268 779 4332 1,
842 4268 926 4323 XXV.
962 4271 1004 4324 De
1033 4272 1179 4340 phoenicis
1216 4273 1315 4327 subula
1344 4270 1377 4325 cf.
