2834 5018
179 318 243 381 462
609 311 765 366 nonum
783 311 924 367 morou

180 494 296 572 φῶνος
318 488 588 571 ἐκπορευομένη,
621 486 679 570 ὅλη
703 487 736 550 ἐν
767 485 889 562 λευκοῖς
920 488 972 549 καί
996 487 1206 571 ὑποδήμασιν
1238 488 1373 566 λευκοῖς,

181 591 485 676 κατακεκαλυμμένη
515 592 574 666 ἕως
597 601 651 655 τοῦ
683 589 844 675 μετώπου,
876 590 909 654 ἐν
932 591 1023 675 μίτρᾳ
1044 593 1080 655 δὲ
1104 590 1143 677 ἦν
1169 592 1195 676 ἡ
1227 595 1374 657 κατακά-

181 696 272 777 λυψις
288 698 398 779 αὐτῆς·
422 694 504 778 εἶχεν
527 696 561 758 δὲ
583 697 638 770 τὰς
654 695 760 778 τρίχας
782 697 878 779 αὐτῆς
893 695 1016 771 λευκάς.
1063 701 1094 763 2.
1120 699 1234 782 ἔγνων
1258 698 1326 784 ἐγὼ
1341 699 1375 761 ἐκ

181 810 243 863 τῶν
266 800 423 882 προτέρων
446 800 625 883 δραμάτων,
658 803 704 863 ὅτι
727 799 747 883 ἡ
772 799 948 886 Ἐκκλησία
970 800 1069 880 ἐστίν,
1094 804 1151 865 καί
1178 802 1375 887 ἱλαρώτερος

155 903 340 988 ιέγενέμην.
386 904 559 982 ἀσπάζεταί
581 925 619 988 με
642 904 793 989 λέγουσα·
822 904 922 988 Χαῖρε
944 905 992 984 σύ,
1016 908 1186 989 ἄνθρωπε.
1231 910 1291 972 καί
1316 909 1374 993 ἐγὼ

181 1013 277 1094 αὐτὴν
301 1012 564 1095 άντησπασάμην·
597 1010 712 1092 Κυρία,
743 1020 841 1094 χαῖρε.
887 1013 917 1077 3.
942 1011 1157 1092 άποκριθεῖσά
1190 1031 1249 1095 μοι
1272 1012 1374 1097 λέγει·

181 1113 280 1178 Οὐδέν
304 1136 352 1178 σοι
375 1114 567 1199 άπίγντησεν;
601 1115 684 1199 λέγω
708 1117 803 1199 αὐτη·
837 1115 948 1199 Κυρία,
972 1115 1140 1200 τηλικοῦτο
1166 1118 1305 1202 θηρίον,
1327 1119 1375 1182 δυ-

181 1220 312 1302 νάμενον
336 1219 430 1295 λαούς
453 1221 652 1302 διαφθεῖραι·
687 1218 770 1282 ἀλλὰ
792 1230 831 1303 τῇ
860 1221 986 1303 δυνάμει
1018 1229 1073 1283 τοῦ
1105 1221 1228 1303 κυρίου
1259 1225 1375 1307 καίτη

182 1323 443 1408 πολυσπλαγχνίᾳ
465 1326 560 1388 αὐτοῦ
584 1324 735 1409 ἐξέφυγον
751 1325 837 1391 αύτύ.
884 1330 913 1392 4.
938 1324 1055 1400 Καλῶς
1072 1324 1246 1412 ἐξέφυγες,
1272 1329 1374 1413 φησίν,

144 1449 168 1487 ιο
182 1430 229 1491 δτι
251 1432 314 1512 τὴν
335 1431 505 1514 μέριμνάν
528 1452 590 1495 σου
614 1432 669 1494 ἐπὶ
693 1433 753 1496 τὸν
776 1429 862 1495 θεὸν
887 1432 1053 1516 ἐπέριψας
1075 1431 1132 1493 καί
1155 1434 1222 1516 τὴν
1242 1433 1374 1515 καρδίαν

181 1554 238 1595 σου
261 1532 383 1614 ἠνοιξας
406 1536 482 1616 πρὸς
504 1536 557 1597 τδν
580 1534 697 1616 κύριον,
722 1534 899 1613 πιστεύσας,
925 1536 970 1596 ὅτι
993 1533 1034 1597 δι’
1056 1535 1192 1612 οὐδενὸς
1209 1537 1294 1623 δύνη
1317 1560 1375 1601 σω-

182 1639 278 1721 θηναι
301 1637 328 1700 εἰ
350 1641 391 1720 μὴ
415 1639 466 1700 διὰ
488 1647 542 1701 τοῦ
565 1639 705 1721 μεγάλου
728 1640 781 1700 καί
805 1638 932 1716 ἐνδόξου
952 1638 1113 1720 ὀνόματος.
1165 1640 1226 1703 διὰ
1251 1642 1374 1706 τοῦτοὸ

182 1741 286 1822 κύριος
309 1741 490 1805 ἀπέστειλεν
518 1745 572 1805 τὸν
595 1743 730 1827 ἄγγελον
761 1745 856 1806 αὐτοῦ
879 1744 932 1805 τδν
962 1743 1011 1805 ἐπί
1033 1753 1096 1807 τῶν
1131 1745 1268 1830 θηρίων
1291 1750 1374 1825 ὄντα,

182 1845 218 1909 ού
241 1849 277 1909 τὸ
300 1849 398 1930 ὄνομά
421 1848 503 1912 ἐστιν
527 1846 640 1932 Θεγρί,
672 1851 727 1913 καί
751 1847 937 1934 ἐνέφραξεν
959 1849 997 1912 τύ
1022 1849 1134 1928 στόμα
1168 1853 1298 1933 αὐτοῦ,
1323 1856 1375 1916 ἵνα

144 1974 169 2012 ιο
181 1954 229 2034 μή
253 1973 291 2016 σε
313 1951 457 2038 λυμάνη.
504 1952 642 2036 μεγάλην
667 1952 776 2034 θλίψιν
802 1950 997 2035 ἐκπέφευγας
1024 1951 1075 2013 διά
1099 1955 1158 2035 τἠν
1186 1954 1300 2020 πίστιν
1322 1979 1375 2020 σου

182 2058 236 2118 καί
258 2058 304 2119 δτι
328 2055 494 2139 τηλικοῦτο
510 2057 620 2140 θηρίον
644 2057 717 2120 ίδὼν
741 2058 800 2119 οὐκ
818 2056 1025 2140 ἐδιψύχησας·
1050 2059 1079 2120 5.
1107 2059 1221 2142 ὕπαγε
1247 2058 1305 2125 ούν
1325 2063 1375 2122 καί

183 2158 330 2244 ἐξήγησαι
353 2169 416 2235 τοῖς
448 2159 610 2236 ἐκλεκτοῖς
632 2170 687 2223 τού
717 2160 826 2243 κυρίου
850 2163 890 2224 τὰ
912 2159 1062 2244 μεγαλεῖα
1094 2163 1200 2226 αὐτοῦ
1227 2168 1288 2229 καί
1313 2167 1375 2229 εἰπὲ

183 2266 303 2343 αὐτοῖς,
333 2267 378 2327 ὅτι
402 2267 436 2327 τὸ
460 2265 570 2350 θηρίον
600 2275 693 2328 τοῦτο
717 2265 812 2341 τύπος
835 2265 917 2328 ἐστίν
941 2264 1082 2346 θλίψεως
1109 2276 1168 2350 τῆς
1194 2268 1375 2353 μελλούσης

183 2377 236 2449 τῆς
259 2368 413 2452 μεγάλης·
447 2369 501 2432 ἐὰν
524 2367 578 2432 ούν
606 2371 882 2454 προετοιμάσησθε
911 2371 965 2433 καί
987 2370 1213 2456 μετανοήσητε
1245 2374 1281 2452 ἐξ
1305 2374 1374 2457 ὅλης

142 2493 169 2532 νο
184 2472 313 2553 καρδίας
337 2473 423 2555 ὑμῶν
446 2475 520 2554 πρὸς
543 2475 596 2537 τὸν
619 2474 736 2556 κύριον,
762 2473 938 2557 δυνήσεσθε
960 2472 1109 2557 ἐκφυγεῖν
1135 2477 1256 2561 αὐτήν,
1281 2479 1337 2542 ἐὰν
1357 2478 1375 2560 'i

183 2574 296 2657 καρδία
320 2575 405 2657 ὑμῶν
420 2575 546 2660 γένηται
568 2579 702 2657 καθαρά
717 2578 771 2639 καί
796 2579 925 2659 ἄμωμος
940 2578 994 2638 καί
1009 2578 1065 2651 τάς
1081 2576 1203 2656 λοιπὰς
1220 2591 1280 2666 της
1295 2582 1375 2665 ζωῆς

182 2679 298 2763 ἡμέρας
328 2681 413 2763 ὑμῶν
445 2680 632 2765 δουλεύσητε
661 2689 704 2764 τῷ
738 2682 835 2765 κυρίῳ
866 2680 1041 2765 ἀμέμπτως.
1089 2682 1290 2768 ἐπιρίψατε
1319 2689 1374 2767 τὰς

255 2839 267 2890 l
287 2839 333 2891 καί
351 2834 428 2893 ύπσδ.
448 2839 597 2903 tenetote>
616 2836 640 2891 G
665 2837 669 2907 Ι
694 2836 711 2889 2
728 2836 919 2908 κεκαλυμμένη
939 2835 1076 2907 (ίΙίΙν)
1095 2837 1120 2892 G
1145 2839 1150 2908 Ι
1173 2839 1192 2893 3
1214 2846 1316 2916 τρίχας
1332 2844 1373 2899 αι’-τ

185 2938 232 2996 τῆς
250 2925 346 2992 Gom)
361 2943 367 2976 :
378 2945 459 2996 χιρασ
479 2923 496 2977 S
512 2926 517 2991 Ι
533 2922 564 2980 ἐκ
577 2943 582 2976 :
596 2923 652 2981 ἀπὸ
672 2924 696 2979 G
712 2927 716 2993 Ι
738 2927 754 2978 5
773 2923 852 2997 κάγὼ
871 2925 895 2980 G
919 2926 923 2995 Ι
948 2925 962 2976 7
982 2922 1122 2995 ὑπήντησε
1142 2927 1168 2982 G
1186 2929 1191 2999 Ι
1209 2937 1374 3001 τηλικούτου

183 3014 214 3074 G,
236 3012 276 3066 sio
295 3031 403 3082 semper
428 3014 431 3082 Ι
457 3013 473 3066 9
492 3017 580 3082 πολλῇ
593 3011 724 3068 εὐσπλίί
747 3015 751 3080 Ι
776 3013 806 3067 ll
826 3015 919 3079 τὸν)
935 3014 958 3066 G
974 3014 978 3072 Ι
996 3014 1028 3066 12
1039 3014 1169 3085 μεγάλου
1184 3017 1265 3073 GLA
1278 3037 1285 3071 ι
1297 3038 1375 3090 αγιον

182 3107 303 3173 αγγελου
322 3100 339 3152 S
355 3102 359 3169 Ι
378 3099 489 3164 12Ι13ά
508 3100 645 3170 κύρισς>
664 3099 681 3153 S
698 3105 702 3168 Ι
726 3102 757 3154 13
776 3097 844 3156 άντα
856 3104 890 3166 >
909 3101 932 3155 G
959 3100 962 3169 Ι
990 3100 1022 3155 14
1040 3104 1128 3172 Θεγρλ
1148 3102 1213 3157 GL'
1228 3123 1235 3157 :
1250 3111 1331 3177 θεγει
1350 3104 1373 3166 S,

184 3194 279 3261 θεγρει
300 3187 341 3249 Se,
361 3187 461 3256 'sugeri
480 3188 512 3250 A,
532 3186 639 3255 Hegrin
658 3187 698 3251 11¹,
720 3193 806 3262 Σεγρί
825 3187 943 3241 Hurmer
958 3188 962 3258 Ι
980 3187 1011 3240 15
1030 3192 1141 3260 λνμὴνφ
1159 3190 1186 3244 G
1203 3195 1209 3258 Ι
1225 3214 1258 3261 μ.
1279 3199 1375 3262 &Hune

182 3274 242 3331 ἐκπ.
257 3279 320 3331 ικαὶ
337 3296 366 3342 μ.
386 3274 472 3344 λύμην
489 3271 621 3346 ἐξέρυγες
639 3274 663 3328 G
679 3274 683 3344 Ι
702 3276 732 3329 16
751 3279 797 3330 καὶ
810 3281 887 3344 pr>
901 3276 950 3330 GA
966 3277 970 3344 Ι
989 3275 1018 3328 17
1038 3278 1136 3342 τοῦ>
1156 3277 1181 3332 G
1199 3282 1204 3348 Ι
1221 3275 1306 3337 είπσν
1326 3279 1350 3333 G
1369 3280 1372 3343 Ι

183 3361 216 3415 21
237 3358 315 3430 ὑμῶν
326 3365 359 3428 >
379 3362 403 3415 G
418 3363 422 3430 Ι
438 3362 472 3414 22
490 3378 671 3434 επιριψαντεσ
691 3362 734 3415 SA

218 3485 242 3535 4.
263 3483 312 3538 τὸν
339 3481 383 3538 ἐπὶ
408 3503 429 3538 τ.
451 3483 566 3554 θηρίων]
591 3483 622 3537 Ιυ
649 3487 755 3554 Apocu-
785 3502 870 3555 supra
888 3503 983 3540 omnes
1001 3483 1123 3539 virtutes
1143 3489 1199 3541 ete.
1221 3520 1260 3529 —
1278 3487 1372 3563 θεγμίΙ

184 3571 258 3640 Ιγμεί
282 3571 396 3625 Ioannis
424 3575 677 3626 commemorantur
696 3572 719 3633 7,
742 3572 754 3625 l
786 3572 826 3625 Cf.
847 3574 933 3641 Apoc.
951 3573 975 3634 9,
996 3574 1041 3626 11;
1074 3567 1200 3645 ἄγγελος
1220 3575 1371 3650 Ἀβαδδών.

183 3653 296 3730 ἄγγελοι
323 3655 443 3725 ἑστῶτες
468 3657 512 3715 ἐπὶ
540 3659 589 3726 τὰς
622 3657 758 3732 τέσσαρας
787 3660 973 3728 Hieronymus
990 3674 1095 3711 nomen
1111 3660 1182 3730 ῚΙκκ·
1205 3663 1327 3724 invenit,
1346 3663 1372 3715 in

184 3748 285 3815 γωνίας
304 3757 352 3814 τῆς
370 3758 425 3817 γῆς,
447 3747 487 3809 14,
502 3746 533 3800 18
552 3742 670 3818 άγγελος
688 3740 758 3815 ἔχων
785 3746 889 3800 Hebae.
906 3749 927 3809 1,
942 3746 975 3798 14
994 3743 1138 3800 scribens:
1156 3747 1201 3802 Ex
1224 3767 1284 3817 quo
1302 3751 1372 3804 liber

184 3827 311 3897 ἐξουσίαν
328 3829 372 3887 ἐπὶ
391 3841 441 3888 τοῦ
458 3833 559 3903 πυρός,
585 3831 624 3894 16,
644 3831 660 3883 5
678 3825 757 3901 άγγε·
785 3833 833 3886 ille
862 3830 1038 3901 apocryphus
1064 3833 1213 3889 stultitiae
1244 3838 1372 3892 condem-

184 3923 233 3984 λος
250 3927 306 3974 τῶν
333 3917 455 3983 ὑδάτων,
483 3919 513 3971 in
531 3920 616 3986 Apoc.
642 3915 759 3969 Henoeh
786 3920 893 3972 nundus
921 3923 979 3980 eet,
1007 3919 1037 3971 in
1066 3936 1123 3986 quo
1152 3921 1298 3993 scriptum
1324 3927 1370 3982 est,

185 4004 226 4066 20,
242 4006 258 4057 5
270 4004 390 4058 Miohuel
403 4007 512 4075 positus
524 4022 609 4075 supra
622 4005 758 4074 optimam
786 4005 935 4073 quemdum
945 4005 1077 4076 angelum
1088 4007 1285 4078 nomine'l'yri
1294 4024 1371 4080 prae

185 4093 294 4155 purtem
312 4092 468 4155 hominum;
487 4093 558 4156 20st
578 4093 692 4146 Gabriel
709 4108 758 4160 po·
786 4109 846 4146 esse
874 4091 1029 4161 reptilibus.
1075 4091 1274 4149 Considerane
1302 4096 1369 4150 Dan.

186 4175 255 4227 situs
274 4194 359 4246 supra
371 4182 515 4247 serpentes
534 4183 562 4231 et
575 4195 660 4246 supra
677 4195 758 4246 para·
786 4179 810 4241 6,
824 4180 858 4233 22
870 4179 955 4232 verbo
968 4176 1105 4250 ἐνέφραξε
1116 4182 1297 4249 respondero
1312 4198 1369 4235 ver·

186 4258 277 4314 diuum
289 4269 318 4317 et
336 4280 422 4332 supro
434 4264 584 4318 Cherubim
602 4263 646 4317 vel
663 4265 716 4331 (40,
730 4266 758 4334 9)
787 4264 854 4318 bum
878 4277 935 4328 uun,
960 4261 1066 4316 Rendel
1091 4262 1195 4319 Hatris
1224 4267 1257 4322 in
1285 4269 1371 4323 «Ιοίννε
