<?xml version="1.0" encoding="UTF-8"?>
<!DOCTYPE html PUBLIC "-//W3C//DTD XHTML 1.0 Transitional//EN"
    "http://www.w3.org/TR/xhtml1/DTD/xhtml1-transitional.dtd">
<html xmlns="http://www.w3.org/1999/xhtml" xml:lang="en" lang="en">
 <head>
  <title>
</title>
<meta http-equiv="Content-Type" content="text/html;charset=utf-8" />
  <meta name='ocr-system' content='tesseract 3.04.00' />
  <meta name='ocr-capabilities' content='ocr_page ocr_carea ocr_par ocr_line ocrx_word'/>
</head>
<body>
  <div class='ocr_page' id='page_1' title='image "./patresapostolic00piongoog_0057.png"; bbox 0 0 2834 5018; ppageno 0'>
   <div class='ocr_carea' id='block_1_1' title="bbox 167 296 895 365">
    <p class='ocr_par' dir='ltr' id='par_1_1' title="bbox 167 296 895 365">
     <span class='ocr_line' id='line_1_1' title="bbox 167 296 895 365; baseline 0.008 -17"><span class='ocrx_word' id='word_1_1' title='bbox 167 300 270 365; x_wconf 75' lang='lat' dir='ltr'>XLIV</span> <span class='ocrx_word' id='word_1_2' title='bbox 613 296 895 354; x_wconf 75' lang='lat' dir='ltr'><strong>raomoonuus</strong></span> 
     </span>
    </p>
   </div>
   <div class='ocr_carea' id='block_1_2' title="bbox 105 473 1343 3801">
    <p class='ocr_par' dir='ltr' id='par_1_2' title="bbox 105 473 1343 3801">
     <span class='ocr_line' id='line_1_2' title="bbox 167 473 1343 564; baseline 0.006 -25"><span class='ocrx_word' id='word_1_3' title='bbox 167 475 304 560; x_wconf 91' lang='lat' dir='ltr'><strong>phanius</strong></span> <span class='ocrx_word' id='word_1_4' title='bbox 335 474 413 537; x_wconf 88' lang='lat' dir='ltr'><strong>citat</strong></span> <span class='ocrx_word' id='word_1_5' title='bbox 440 473 535 551; x_wconf 87' lang='grc'>54,2</span> <span class='ocrx_word' id='word_1_6' title='bbox 566 478 600 539; x_wconf 85' lang='grc'><strong>11</strong></span> <span class='ocrx_word' id='word_1_7' title='bbox 620 475 728 540; x_wconf 82' lang='lat' dir='ltr'><strong>forsan</strong></span> <span class='ocrx_word' id='word_1_8' title='bbox 750 477 879 561; x_wconf 77' lang='lat' dir='ltr'><strong>respicit</strong></span> <span class='ocrx_word' id='word_1_9' title='bbox 902 499 927 541; x_wconf 93' lang='lat' dir='ltr'><strong>c.</strong></span> <span class='ocrx_word' id='word_1_10' title='bbox 952 478 1091 543; x_wconf 88' lang='grc'>24-25.</span> <span class='ocrx_word' id='word_1_11' title='bbox 1138 480 1289 564; x_wconf 74' lang='lat' dir='ltr'><strong>Epistula</strong></span> <span class='ocrx_word' id='word_1_12' title='bbox 1309 482 1343 546; x_wconf 93' lang='lat' dir='ltr'><strong>in</strong></span> 
     </span>
     <span class='ocr_line' id='line_1_3' title="bbox 167 579 1341 665; baseline 0.003 -20"><span class='ocrx_word' id='word_1_13' title='bbox 167 580 312 665; x_wconf 81' lang='lat' dir='ltr'><strong>linguam</strong></span> <span class='ocrx_word' id='word_1_14' title='bbox 340 579 473 644; x_wconf 87' lang='lat' dir='ltr'><strong>latinam</strong></span> <span class='ocrx_word' id='word_1_15' title='bbox 498 580 655 646; x_wconf 89' lang='lat' dir='ltr'><strong>translata</strong></span> <span class='ocrx_word' id='word_1_16' title='bbox 676 587 734 658; x_wconf 79' lang='lat' dir='ltr'><strong>est,</strong></span> <span class='ocrx_word' id='word_1_17' title='bbox 767 587 862 665; x_wconf 90' lang='lat' dir='ltr'><strong>atque</strong></span> <span class='ocrx_word' id='word_1_18' title='bbox 884 582 1066 647; x_wconf 88' lang='lat' dir='ltr'><strong>Lactantius</strong></span> <span class='ocrx_word' id='word_1_19' title='bbox 1098 587 1131 649; x_wconf 90' lang='lat' dir='ltr'><strong>et</strong></span> <span class='ocrx_word' id='word_1_20' title='bbox 1152 583 1341 650; x_wconf 87' lang='lat' dir='ltr'><strong>Ambrosius</strong></span> 
     </span>
     <span class='ocr_line' id='line_1_4' title="bbox 167 682 1343 768; baseline 0.005 -21"><span class='ocrx_word' id='word_1_21' title='bbox 167 684 330 768; x_wconf 90' lang='lat' dir='ltr'><strong>phoenicis</strong></span> <span class='ocrx_word' id='word_1_22' title='bbox 359 684 502 748; x_wconf 83' lang='lat' dir='ltr'><strong>fabulam</strong></span> <span class='ocrx_word' id='word_1_23' title='bbox 534 685 572 767; x_wconf 81' lang='lat' dir='ltr'><strong>(o.</strong></span> <span class='ocrx_word' id='word_1_24' title='bbox 596 682 650 767; x_wconf 84' lang='lat'><strong>25)</strong></span> <span class='ocrx_word' id='word_1_25' title='bbox 680 690 845 750; x_wconf 87' lang='lat' dir='ltr'><strong>narrantes</strong></span> <span class='ocrx_word' id='word_1_26' title='bbox 876 687 1051 752; x_wconf 82' lang='lat' dir='ltr'><strong>versionem</strong></span> <span class='ocrx_word' id='word_1_27' title='bbox 1072 690 1137 753; x_wconf 89' lang='lat' dir='ltr'><strong>iam</strong></span> <span class='ocrx_word' id='word_1_28' title='bbox 1160 689 1343 754; x_wconf 81' lang='lat' dir='ltr'><strong>adhibuisse</strong></span> 
     </span>
     <span class='ocr_line' id='line_1_5' title="bbox 167 788 1340 876; baseline 0.003 -22"><span class='ocrx_word' id='word_1_29' title='bbox 167 790 322 855; x_wconf 81' lang='lat' dir='ltr'><strong>videntur.</strong></span> <span class='ocrx_word' id='word_1_30' title='bbox 369 788 503 854; x_wconf 86' lang='lat' dir='ltr'><strong>Saeculo</strong></span> <span class='ocrx_word' id='word_1_31' title='bbox 518 789 565 854; x_wconf 90' lang='lat' dir='ltr'><strong>VI</strong></span> <span class='ocrx_word' id='word_1_32' title='bbox 587 789 722 855; x_wconf 88' lang='lat' dir='ltr'><strong>Ioannes</strong></span> <span class='ocrx_word' id='word_1_33' title='bbox 746 791 895 855; x_wconf 87' lang='lat' dir='ltr'><strong>diaconus</strong></span> <span class='ocrx_word' id='word_1_34' title='bbox 918 793 1085 876; x_wconf 79' lang='lat' dir='ltr'><strong>exscripsit</strong></span> <span class='ocrx_word' id='word_1_35' title='bbox 1105 794 1157 871; x_wconf 86' lang='grc'>43,</span> <span class='ocrx_word' id='word_1_36' title='bbox 1175 795 1293 872; x_wconf 91' lang='grc'>6-44,</span> <span class='ocrx_word' id='word_1_37' title='bbox 1313 794 1340 857; x_wconf 94' lang='grc'><strong>1.</strong></span> 
     </span>
     <span class='ocr_line' id='line_1_6' title="bbox 166 893 1342 979; baseline 0.003 -21"><span class='ocrx_word' id='word_1_38' title='bbox 166 893 287 959; x_wconf 83' lang='lat' dir='ltr'><strong>Eodem</strong></span> <span class='ocrx_word' id='word_1_39' title='bbox 309 896 435 959; x_wconf 88' lang='lat' dir='ltr'><strong>saeculo</strong></span> <span class='ocrx_word' id='word_1_40' title='bbox 458 899 591 959; x_wconf 87' lang='lat' dir='ltr'><strong>exeunte</strong></span> <span class='ocrx_word' id='word_1_41' title='bbox 613 895 664 959; x_wconf 84' lang='lat' dir='ltr'><strong>vel</strong></span> <span class='ocrx_word' id='word_1_42' title='bbox 686 895 819 979; x_wconf 86' lang='lat' dir='ltr'><strong>septimo</strong></span> <span class='ocrx_word' id='word_1_43' title='bbox 841 897 969 960; x_wconf 90' lang='lat' dir='ltr'><strong>ineunte</strong></span> <span class='ocrx_word' id='word_1_44' title='bbox 987 896 1135 962; x_wconf 79' lang='lat' dir='ltr'><strong>Leontius</strong></span> <span class='ocrx_word' id='word_1_45' title='bbox 1159 902 1191 962; x_wconf 90' lang='grc'><strong>11</strong></span> <span class='ocrx_word' id='word_1_46' title='bbox 1206 897 1342 962; x_wconf 88' lang='lat' dir='ltr'><strong>Ioannes</strong></span> 
     </span>
     <span class='ocr_line' id='line_1_7' title="bbox 166 998 1342 1085; baseline 0.003 -22"><span class='ocrx_word' id='word_1_47' title='bbox 166 998 299 1063; x_wconf 90' lang='lat' dir='ltr'><strong>laudant</strong></span> <span class='ocrx_word' id='word_1_48' title='bbox 321 1000 373 1077; x_wconf 90' lang='grc'>33,</span> <span class='ocrx_word' id='word_1_49' title='bbox 398 1000 492 1076; x_wconf 90' lang='grc'>2-6,</span> <span class='ocrx_word' id='word_1_50' title='bbox 515 999 612 1085; x_wconf 85' lang='lat' dir='ltr'><strong>paulo</strong></span> <span class='ocrx_word' id='word_1_51' title='bbox 634 1005 707 1083; x_wconf 87' lang='lat' dir='ltr'><strong>post</strong></span> <span class='ocrx_word' id='word_1_52' title='bbox 729 1000 887 1065; x_wconf 81' lang='lat' dir='ltr'><strong>Maximus</strong></span> <span class='ocrx_word' id='word_1_53' title='bbox 911 999 1082 1066; x_wconf 85' lang='lat' dir='ltr'><strong>Confessor</strong></span> <span class='ocrx_word' id='word_1_54' title='bbox 1103 1003 1155 1079; x_wconf 85' lang='grc'>48,</span> <span class='ocrx_word' id='word_1_55' title='bbox 1176 1004 1205 1078; x_wconf 87' lang='grc'><strong>6,</strong></span> <span class='ocrx_word' id='word_1_56' title='bbox 1230 1008 1342 1067; x_wconf 87' lang='lat' dir='ltr'><strong>octavo</strong></span> 
     </span>
     <span class='ocr_line' id='line_1_8' title="bbox 167 1102 1342 1181; baseline 0.002 -13"><span class='ocrx_word' id='word_1_57' title='bbox 167 1105 295 1170; x_wconf 85' lang='lat' dir='ltr'><strong>saeculo</strong></span> <span class='ocrx_word' id='word_1_58' title='bbox 318 1103 454 1171; x_wconf 81' lang='lat' dir='ltr'><strong>loannes</strong></span> <span class='ocrx_word' id='word_1_59' title='bbox 474 1102 690 1168; x_wconf 86' lang='lat' dir='ltr'><strong>Damascenus</strong></span> <span class='ocrx_word' id='word_1_60' title='bbox 714 1105 765 1181; x_wconf 85' lang='lat'><strong>23,</strong></span> <span class='ocrx_word' id='word_1_61' title='bbox 790 1106 885 1178; x_wconf 84' lang='lat'>2—6,</span> <span class='ocrx_word' id='word_1_62' title='bbox 915 1105 1079 1170; x_wconf 89' lang='lat' dir='ltr'><strong>undecimo</strong></span> <span class='ocrx_word' id='word_1_63' title='bbox 1102 1105 1207 1171; x_wconf 87' lang='lat' dir='ltr'><strong>Nicon</strong></span> <span class='ocrx_word' id='word_1_64' title='bbox 1229 1129 1342 1170; x_wconf 90' lang='lat' dir='ltr'><strong>mona·</strong></span> 
     </span>
     <span class='ocr_line' id='line_1_9' title="bbox 166 1209 1342 1286; baseline -0.003 -9"><span class='ocrx_word' id='word_1_65' title='bbox 166 1212 245 1277; x_wconf 84' lang='lat' dir='ltr'><strong>chus</strong></span> <span class='ocrx_word' id='word_1_66' title='bbox 268 1209 451 1277; x_wconf 88' lang='lat' dir='ltr'><strong>Raitheusis</strong></span> <span class='ocrx_word' id='word_1_67' title='bbox 476 1209 526 1286; x_wconf 84' lang='lat'><strong>14,</strong></span> <span class='ocrx_word' id='word_1_68' title='bbox 551 1210 585 1284; x_wconf 93' lang='grc'><strong>1;</strong></span> <span class='ocrx_word' id='word_1_69' title='bbox 611 1210 661 1286; x_wconf 88' lang='grc'><strong>15,</strong></span> <span class='ocrx_word' id='word_1_70' title='bbox 685 1210 712 1272; x_wconf 92' lang='grc'><strong>1.</strong></span> <span class='ocrx_word' id='word_1_71' title='bbox 730 1211 766 1284; x_wconf 92' lang='grc'><strong>2;</strong></span> <span class='ocrx_word' id='word_1_72' title='bbox 790 1209 842 1286; x_wconf 87' lang='grc'><strong>46,</strong></span> <span class='ocrx_word' id='word_1_73' title='bbox 865 1211 894 1273; x_wconf 89' lang='grc'><strong>2.</strong></span> <span class='ocrx_word' id='word_1_74' title='bbox 912 1211 949 1286; x_wconf 87' lang='grc'><strong>4;</strong></span> <span class='ocrx_word' id='word_1_75' title='bbox 974 1210 1158 1276; x_wconf 89' lang='lat' dir='ltr'><strong>duodecimo</strong></span> <span class='ocrx_word' id='word_1_76' title='bbox 1181 1210 1342 1275; x_wconf 85' lang='lat' dir='ltr'><strong>Antonius</strong></span> 
     </span>
     <span class='ocr_line' id='line_1_10' title="bbox 168 1313 1341 1396; baseline -0.003 -15"><span class='ocrx_word' id='word_1_77' title='bbox 168 1321 278 1382; x_wconf 79' lang='lat' dir='ltr'><strong>auctor</strong></span> <span class='ocrx_word' id='word_1_78' title='bbox 300 1314 449 1379; x_wconf 85' lang='lat' dir='ltr'><strong>Melissae</strong></span> <span class='ocrx_word' id='word_1_79' title='bbox 470 1316 523 1391; x_wconf 91' lang='grc'>48,</span> <span class='ocrx_word' id='word_1_80' title='bbox 542 1315 561 1378; x_wconf 92' lang='grc'>6</span> <span class='ocrx_word' id='word_1_81' title='bbox 583 1313 637 1395; x_wconf 82' lang='grc'>(11.</span> <span class='ocrx_word' id='word_1_82' title='bbox 661 1314 879 1378; x_wconf 87' lang='lat' dir='ltr'><strong>adnotationes</strong></span> <span class='ocrx_word' id='word_1_83' title='bbox 903 1314 942 1377; x_wconf 88' lang='lat' dir='ltr'><strong>ad</strong></span> <span class='ocrx_word' id='word_1_84' title='bbox 957 1314 1016 1378; x_wconf 93' lang='lat' dir='ltr'><strong>hos</strong></span> <span class='ocrx_word' id='word_1_85' title='bbox 1039 1313 1149 1396; x_wconf 81' lang='lat' dir='ltr'><strong>locos).</strong></span> <span class='ocrx_word' id='word_1_86' title='bbox 1196 1314 1341 1392; x_wconf 81' lang='lat' dir='ltr'><strong>Photius‚</strong></span> 
     </span>
     <span class='ocr_line' id='line_1_11' title="bbox 168 1418 1342 1506; baseline -0.001 -21"><span class='ocrx_word' id='word_1_87' title='bbox 168 1441 361 1506; x_wconf 87' lang='lat' dir='ltr'><strong>quamquam</strong></span> <span class='ocrx_word' id='word_1_88' title='bbox 384 1418 508 1502; x_wconf 87' lang='lat' dir='ltr'><strong>aliquot</strong></span> <span class='ocrx_word' id='word_1_89' title='bbox 528 1419 590 1484; x_wconf 92' lang='lat' dir='ltr'><strong>loci</strong></span> <span class='ocrx_word' id='word_1_90' title='bbox 614 1418 677 1502; x_wconf 81' lang='grc'>(20,</span> <span class='ocrx_word' id='word_1_91' title='bbox 696 1418 731 1495; x_wconf 86' lang='grc'><strong>8;</strong></span> <span class='ocrx_word' id='word_1_92' title='bbox 756 1419 812 1493; x_wconf 85' lang='grc'><strong>25;</strong></span> <span class='ocrx_word' id='word_1_93' title='bbox 836 1418 940 1499; x_wconf 90' lang='grc'>36,1)</span> <span class='ocrx_word' id='word_1_94' title='bbox 963 1419 993 1483; x_wconf 91' lang='grc'><strong>11</strong></span> <span class='ocrx_word' id='word_1_95' title='bbox 1014 1420 1119 1484; x_wconf 91' lang='lat' dir='ltr'><strong>minus</strong></span> <span class='ocrx_word' id='word_1_96' title='bbox 1143 1420 1342 1504; x_wconf 81' lang='lat' dir='ltr'><strong>placuerunt.</strong></span> 
     </span>
     <span class='ocr_line' id='line_1_12' title="bbox 165 1505 1342 1606; baseline -0.003 -18"><span class='ocrx_word' id='word_1_97' title='bbox 165 1524 324 1600; x_wconf 80' lang='lat' dir='ltr'><strong>iudicavit,</strong></span> <span class='ocrx_word' id='word_1_98' title='bbox 349 1522 519 1606; x_wconf 90' lang='lat' dir='ltr'><strong>epistulam</strong></span> <span class='ocrx_word' id='word_1_99' title='bbox 542 1544 609 1586; x_wconf 89' lang='lat' dir='ltr'><strong>esse</strong></span> <span class='ocrx_word' id='word_1_100' title='bbox 640 1518 759 1583; x_wconf 83' lang='grc' dir='ltr'>ἁπλοῦν</span> <span class='ocrx_word' id='word_1_101' title='bbox 781 1521 863 1583; x_wconf 81' lang='grc' dir='ltr'>κατὰ</span> <span class='ocrx_word' id='word_1_102' title='bbox 886 1522 941 1603; x_wconf 74' lang='grc' dir='ltr'><strong>τὴν</strong></span> <span class='ocrx_word' id='word_1_103' title='bbox 965 1521 1077 1602; x_wconf 81' lang='grc' dir='ltr'>φράσιν</span> <span class='ocrx_word' id='word_1_104' title='bbox 1100 1523 1153 1584; x_wconf 78' lang='grc' dir='ltr'><strong>καὶ</strong></span> <span class='ocrx_word' id='word_1_105' title='bbox 1178 1532 1265 1606; x_wconf 78' lang='grc' dir='ltr'>σαφῆ</span> <span class='ocrx_word' id='word_1_106' title='bbox 1288 1505 1342 1585; x_wconf 76' lang='lat' dir='ltr'><strong>aad</strong></span> 
     </span>
     <span class='ocr_line' id='line_1_13' title="bbox 166 1623 1341 1711; baseline 0.003 -22"><span class='ocrx_word' id='word_1_107' title='bbox 166 1626 259 1710; x_wconf 80' lang='grc' dir='ltr'>ἐγγὺς</span> <span class='ocrx_word' id='word_1_108' title='bbox 280 1634 335 1689; x_wconf 83' lang='grc' dir='ltr'><strong>τοῦ</strong></span> <span class='ocrx_word' id='word_1_109' title='bbox 359 1624 620 1709; x_wconf 77' lang='grc' dir='ltr'>ἐκκλησιαστικοῠ</span> <span class='ocrx_word' id='word_1_110' title='bbox 643 1625 696 1686; x_wconf 71' lang='grc' dir='ltr'><strong>καὶ</strong></span> <span class='ocrx_word' id='word_1_111' title='bbox 720 1623 903 1708; x_wconf 80' lang='grc' dir='ltr'>ἀπεριέργου</span> <span class='ocrx_word' id='word_1_112' title='bbox 929 1636 1126 1709; x_wconf 75' lang='grc' dir='ltr'><strong>χαρακτῆρος</strong></span> <span class='ocrx_word' id='word_1_113' title='bbox 1150 1627 1248 1711; x_wconf 87' lang='lat' dir='ltr'><strong>(Bibl.</strong></span> <span class='ocrx_word' id='word_1_114' title='bbox 1273 1631 1341 1694; x_wconf 87' lang='lat' dir='ltr'><strong>cod.</strong></span> 
     </span>
     <span class='ocr_line' id='line_1_14' title="bbox 169 1731 1343 1817; baseline 0 -20"><span class='ocrx_word' id='word_1_115' title='bbox 169 1731 254 1816; x_wconf 83' lang='lat'><strong>126).</strong></span> <span class='ocrx_word' id='word_1_116' title='bbox 301 1732 373 1817; x_wconf 83' lang='lat' dir='ltr'><strong>Syri</strong></span> <span class='ocrx_word' id='word_1_117' title='bbox 405 1754 531 1817; x_wconf 88' lang='lat' dir='ltr'><strong>quoquc</strong></span> <span class='ocrx_word' id='word_1_118' title='bbox 561 1754 631 1796; x_wconf 89' lang='lat' dir='ltr'><strong>eam</strong></span> <span class='ocrx_word' id='word_1_119' title='bbox 661 1732 743 1796; x_wconf 87' lang='lat' dir='ltr'><strong>tanti</strong></span> <span class='ocrx_word' id='word_1_120' title='bbox 772 1733 987 1809; x_wconf 74' lang='lat' dir='ltr'><strong>aestimarunt,</strong></span> <span class='ocrx_word' id='word_1_121' title='bbox 1018 1737 1055 1796; x_wconf 95' lang='lat' dir='ltr'><strong>ut</strong></span> <span class='ocrx_word' id='word_1_122' title='bbox 1085 1755 1155 1797; x_wconf 94' lang='lat' dir='ltr'><strong>eam</strong></span> <span class='ocrx_word' id='word_1_123' title='bbox 1183 1757 1343 1799; x_wconf 87' lang='lat' dir='ltr'><strong>unacum</strong></span> 
     </span>
     <span class='ocr_line' id='line_1_15' title="bbox 167 1834 1342 1922; baseline 0 -20"><span class='ocrx_word' id='word_1_124' title='bbox 167 1837 269 1902; x_wconf 89' lang='lat' dir='ltr'><strong>altera</strong></span> <span class='ocrx_word' id='word_1_125' title='bbox 301 1858 381 1922; x_wconf 89' lang='lat' dir='ltr'><strong>quae</strong></span> <span class='ocrx_word' id='word_1_126' title='bbox 412 1837 526 1902; x_wconf 91' lang='lat' dir='ltr'><strong>dicitur</strong></span> <span class='ocrx_word' id='word_1_127' title='bbox 548 1834 719 1900; x_wconf 85' lang='lat' dir='ltr'><strong>Clementis</strong></span> <span class='ocrx_word' id='word_1_128' title='bbox 741 1836 878 1919; x_wconf 90' lang='lat' dir='ltr'><strong>epistula</strong></span> <span class='ocrx_word' id='word_1_129' title='bbox 900 1837 933 1900; x_wconf 91' lang='lat' dir='ltr'><strong>in</strong></span> <span class='ocrx_word' id='word_1_130' title='bbox 955 1836 1099 1922; x_wconf 85' lang='lat' dir='ltr'><strong>linguam</strong></span> <span class='ocrx_word' id='word_1_131' title='bbox 1122 1860 1212 1902; x_wconf 90' lang='lat' dir='ltr'><strong>suam</strong></span> <span class='ocrx_word' id='word_1_132' title='bbox 1235 1842 1342 1902; x_wconf 89' lang='lat' dir='ltr'><strong>trans·</strong></span> 
     </span>
     <span class='ocr_line' id='line_1_16' title="bbox 165 1943 318 2007; baseline 0 0"><span class='ocrx_word' id='word_1_133' title='bbox 165 1943 318 2007; x_wconf 84' lang='lat' dir='ltr'><strong>ferrent¹.</strong></span> 
     </span>
     <span class='ocr_line' id='line_1_17' title="bbox 252 2045 1343 2130; baseline -0.001 -18"><span class='ocrx_word' id='word_1_134' title='bbox 252 2047 385 2112; x_wconf 88' lang='lat' dir='ltr'><strong>Veteres</strong></span> <span class='ocrx_word' id='word_1_135' title='bbox 412 2045 581 2128; x_wconf 76' lang='lat' dir='ltr'><strong>epistulam</strong></span> <span class='ocrx_word' id='word_1_136' title='bbox 610 2046 707 2111; x_wconf 91' lang='lat' dir='ltr'><strong>etiam</strong></span> <span class='ocrx_word' id='word_1_137' title='bbox 739 2046 867 2129; x_wconf 87' lang='lat' dir='ltr'><strong>dignam</strong></span> <span class='ocrx_word' id='word_1_138' title='bbox 891 2045 1079 2124; x_wconf 78' lang='lat' dir='ltr'><strong>habueruut,</strong></span> <span class='ocrx_word' id='word_1_139' title='bbox 1112 2068 1193 2130; x_wconf 85' lang='lat' dir='ltr'><strong>quae</strong></span> <span class='ocrx_word' id='word_1_140' title='bbox 1215 2046 1343 2130; x_wconf 86' lang='lat' dir='ltr'><strong>publice</strong></span> 
     </span>
     <span class='ocr_line' id='line_1_18' title="bbox 165 2149 1341 2236; baseline -0.002 -18"><span class='ocrx_word' id='word_1_141' title='bbox 165 2152 198 2218; x_wconf 91' lang='grc'><strong>11</strong></span> <span class='ocrx_word' id='word_1_142' title='bbox 221 2151 355 2217; x_wconf 87' lang='lat' dir='ltr'><strong>ecclesia</strong></span> <span class='ocrx_word' id='word_1_143' title='bbox 375 2150 621 2236; x_wconf 82' lang='lat' dir='ltr'><strong>praelegeretur,</strong></span> <span class='ocrx_word' id='word_1_144' title='bbox 646 2155 678 2215; x_wconf 89' lang='lat' dir='ltr'><strong>et</strong></span> <span class='ocrx_word' id='word_1_145' title='bbox 693 2149 846 2226; x_wconf 76' lang='lat' dir='ltr'><strong>Corinthi,</strong></span> <span class='ocrx_word' id='word_1_146' title='bbox 869 2173 938 2214; x_wconf 92' lang='lat' dir='ltr'><strong>cum</strong></span> <span class='ocrx_word' id='word_1_147' title='bbox 954 2151 1125 2234; x_wconf 84' lang='lat' dir='ltr'><strong>Dionysius</strong></span> <span class='ocrx_word' id='word_1_148' title='bbox 1142 2149 1231 2233; x_wconf 77' lang='lat' dir='ltr'><strong>(llus.</strong></span> <span class='ocrx_word' id='word_1_149' title='bbox 1248 2151 1290 2215; x_wconf 91' lang='lat' dir='ltr'><strong>H.</strong></span> <span class='ocrx_word' id='word_1_150' title='bbox 1303 2151 1341 2216; x_wconf 80' lang='grc' dir='ltr'><strong>Ε.</strong></span> 
     </span>
     <span class='ocr_line' id='line_1_19' title="bbox 165 2254 1342 2339; baseline -0.001 -18"><span class='ocrx_word' id='word_1_151' title='bbox 165 2256 222 2333; x_wconf 82' lang='grc' dir='ltr'>Ν,</span> <span class='ocrx_word' id='word_1_152' title='bbox 247 2257 298 2333; x_wconf 87' lang='grc'><strong>23,</strong></span> <span class='ocrx_word' id='word_1_153' title='bbox 324 2254 377 2338; x_wconf 91' lang='grc'><strong>13)</strong></span> <span class='ocrx_word' id='word_1_154' title='bbox 410 2257 448 2321; x_wconf 87' lang='lat' dir='ltr'><strong>dc</strong></span> <span class='ocrx_word' id='word_1_155' title='bbox 470 2256 578 2339; x_wconf 90' lang='lat' dir='ltr'><strong>prisca</strong></span> <span class='ocrx_word' id='word_1_156' title='bbox 600 2256 823 2320; x_wconf 87' lang='lat' dir='ltr'><strong>consuetudine</strong></span> <span class='ocrx_word' id='word_1_157' title='bbox 845 2255 1003 2339; x_wconf 79' lang='lat' dir='ltr'><strong>loquatur,</strong></span> <span class='ocrx_word' id='word_1_158' title='bbox 1036 2255 1069 2319; x_wconf 92' lang='lat' dir='ltr'><strong>id</strong></span> <span class='ocrx_word' id='word_1_159' title='bbox 1090 2255 1163 2319; x_wconf 90' lang='lat' dir='ltr'><strong>inde</strong></span> <span class='ocrx_word' id='word_1_160' title='bbox 1186 2256 1226 2319; x_wconf 90' lang='lat' dir='ltr'><strong>ab</strong></span> <span class='ocrx_word' id='word_1_161' title='bbox 1250 2256 1342 2320; x_wconf 91' lang='lat' dir='ltr'><strong>initio</strong></span> 
     </span>
     <span class='ocr_line' id='line_1_20' title="bbox 165 2358 1341 2425; baseline -0.001 0"><span class='ocrx_word' id='word_1_162' title='bbox 165 2362 286 2425; x_wconf 88' lang='lat' dir='ltr'><strong>factum</strong></span> <span class='ocrx_word' id='word_1_163' title='bbox 315 2381 383 2425; x_wconf 88' lang='lat' dir='ltr'><strong>esse</strong></span> <span class='ocrx_word' id='word_1_164' title='bbox 413 2360 544 2425; x_wconf 88' lang='lat' dir='ltr'><strong>videtur.</strong></span> <span class='ocrx_word' id='word_1_165' title='bbox 592 2359 685 2424; x_wconf 89' lang='lat' dir='ltr'><strong>Aliae</strong></span> <span class='ocrx_word' id='word_1_166' title='bbox 716 2359 866 2425; x_wconf 87' lang='lat' dir='ltr'><strong>ecclesiae</strong></span> <span class='ocrx_word' id='word_1_167' title='bbox 889 2358 1069 2424; x_wconf 79' lang='lat' dir='ltr'><strong>Corinthios</strong></span> <span class='ocrx_word' id='word_1_168' title='bbox 1091 2360 1234 2424; x_wconf 88' lang='lat' dir='ltr'><strong>imitatas</strong></span> <span class='ocrx_word' id='word_1_169' title='bbox 1257 2364 1341 2424; x_wconf 90' lang='lat' dir='ltr'><strong>sunt.</strong></span> 
     </span>
     <span class='ocr_line' id='line_1_21' title="bbox 165 2463 1341 2549; baseline -0.004 -18"><span class='ocrx_word' id='word_1_170' title='bbox 165 2466 261 2531; x_wconf 79' lang='lat' dir='ltr'><strong>Teste</strong></span> <span class='ocrx_word' id='word_1_171' title='bbox 283 2465 422 2530; x_wconf 81' lang='lat' dir='ltr'><strong>Eusebio</strong></span> <span class='ocrx_word' id='word_1_172' title='bbox 446 2465 488 2529; x_wconf 91' lang='lat' dir='ltr'><strong>H.</strong></span> <span class='ocrx_word' id='word_1_173' title='bbox 505 2466 542 2530; x_wconf 77' lang='lat' dir='ltr'><strong>E.</strong></span> <span class='ocrx_word' id='word_1_174' title='bbox 567 2465 729 2544; x_wconf 90' lang='grc' dir='ltr'>ΙΠ,16,2</span> <span class='ocrx_word' id='word_1_175' title='bbox 753 2466 785 2529; x_wconf 96' lang='grc'><strong>11</strong></span> <span class='ocrx_word' id='word_1_176' title='bbox 806 2464 966 2549; x_wconf 91' lang='lat' dir='ltr'><strong>plerisque</strong></span> <span class='ocrx_word' id='word_1_177' title='bbox 989 2463 1138 2539; x_wconf 86' lang='lat' dir='ltr'><strong>ecclesiis,</strong></span> <span class='ocrx_word' id='word_1_178' title='bbox 1163 2467 1244 2527; x_wconf 88' lang='lat' dir='ltr'><strong>teste</strong></span> <span class='ocrx_word' id='word_1_179' title='bbox 1260 2463 1341 2527; x_wconf 86' lang='lat' dir='ltr'><strong>Hie·</strong></span> 
     </span>
     <span class='ocr_line' id='line_1_22' title="bbox 164 2568 1339 2652; baseline -0.001 -18"><span class='ocrx_word' id='word_1_180' title='bbox 164 2591 296 2652; x_wconf 83' lang='lat' dir='ltr'><strong>ronymo</strong></span> <span class='ocrx_word' id='word_1_181' title='bbox 319 2568 387 2634; x_wconf 89' lang='lat' dir='ltr'><strong>Cat.</strong></span> <span class='ocrx_word' id='word_1_182' title='bbox 412 2592 438 2634; x_wconf 90' lang='lat' dir='ltr'><strong>c.</strong></span> <span class='ocrx_word' id='word_1_183' title='bbox 453 2572 494 2635; x_wconf 88' lang='lat'><strong>15</strong></span> <span class='ocrx_word' id='word_1_184' title='bbox 516 2571 549 2634; x_wconf 91' lang='lat' dir='ltr'><strong>in</strong></span> <span class='ocrx_word' id='word_1_185' title='bbox 572 2569 731 2634; x_wconf 91' lang='lat' dir='ltr'><strong>nonnullis</strong></span> <span class='ocrx_word' id='word_1_186' title='bbox 753 2569 831 2634; x_wconf 90' lang='lat' dir='ltr'><strong>locis</strong></span> <span class='ocrx_word' id='word_1_187' title='bbox 855 2568 991 2652; x_wconf 89' lang='lat' dir='ltr'><strong>epistula</strong></span> <span class='ocrx_word' id='word_1_188' title='bbox 1013 2568 1140 2652; x_wconf 90' lang='lat' dir='ltr'><strong>publice</strong></span> <span class='ocrx_word' id='word_1_189' title='bbox 1162 2568 1339 2652; x_wconf 75' lang='lat' dir='ltr'><strong>legebatur,</strong></span> 
     </span>
     <span class='ocr_line' id='line_1_23' title="bbox 165 2671 1340 2756; baseline -0.001 -19"><span class='ocrx_word' id='word_1_190' title='bbox 165 2676 198 2737; x_wconf 87' lang='lat' dir='ltr'><strong>et</strong></span> <span class='ocrx_word' id='word_1_191' title='bbox 225 2672 395 2737; x_wconf 88' lang='lat' dir='ltr'><strong>verisimile</strong></span> <span class='ocrx_word' id='word_1_192' title='bbox 426 2678 483 2751; x_wconf 77' lang='lat' dir='ltr'><strong>est,</strong></span> <span class='ocrx_word' id='word_1_193' title='bbox 517 2671 709 2737; x_wconf 82' lang='lat' dir='ltr'><strong>Clementem</strong></span> <span class='ocrx_word' id='word_1_194' title='bbox 741 2671 794 2737; x_wconf 87' lang='lat' dir='ltr'><strong>Al.</strong></span> <span class='ocrx_word' id='word_1_195' title='bbox 825 2671 939 2737; x_wconf 85' lang='lat' dir='ltr'><strong>Strom.</strong></span> <span class='ocrx_word' id='word_1_196' title='bbox 963 2671 1019 2750; x_wconf 81' lang='lat' dir='ltr'><strong>lv,</strong></span> <span class='ocrx_word' id='word_1_197' title='bbox 1046 2673 1101 2748; x_wconf 87' lang='grc'>17,</span> <span class='ocrx_word' id='word_1_198' title='bbox 1127 2674 1188 2738; x_wconf 87' lang='grc'><strong>107</strong></span> <span class='ocrx_word' id='word_1_199' title='bbox 1219 2695 1251 2756; x_wconf 89' lang='lat' dir='ltr'><strong>p.</strong></span> <span class='ocrx_word' id='word_1_200' title='bbox 1277 2672 1340 2736; x_wconf 87' lang='grc'><strong>609</strong></span> 
     </span>
     <span class='ocr_line' id='line_1_24' title="bbox 165 2777 1341 2862; baseline 0 -20"><span class='ocrx_word' id='word_1_201' title='bbox 165 2778 422 2843; x_wconf 89' lang='lat' dir='ltr'><strong>consuetudinem</strong></span> <span class='ocrx_word' id='word_1_202' title='bbox 452 2777 542 2841; x_wconf 92' lang='lat' dir='ltr'><strong>illam</strong></span> <span class='ocrx_word' id='word_1_203' title='bbox 572 2778 793 2861; x_wconf 89' lang='lat' dir='ltr'><strong>respicientem</strong></span> <span class='ocrx_word' id='word_1_204' title='bbox 815 2777 1008 2842; x_wconf 83' lang='lat' dir='ltr'><strong>Clementem</strong></span> <span class='ocrx_word' id='word_1_205' title='bbox 1038 2785 1182 2842; x_wconf 90' lang='lat' dir='ltr'><strong>nostrum</strong></span> <span class='ocrx_word' id='word_1_206' title='bbox 1210 2784 1341 2862; x_wconf 88' lang='lat' dir='ltr'><strong>aposto-</strong></span> 
     </span>
     <span class='ocr_line' id='line_1_25' title="bbox 164 2881 1342 2966; baseline -0.002 -18"><span class='ocrx_word' id='word_1_207' title='bbox 164 2882 232 2948; x_wconf 94' lang='lat' dir='ltr'><strong>lum</strong></span> <span class='ocrx_word' id='word_1_208' title='bbox 255 2881 443 2966; x_wconf 89' lang='lat' dir='ltr'><strong>appellasse.</strong></span> <span class='ocrx_word' id='word_1_209' title='bbox 490 2881 551 2959; x_wconf 90' lang='lat' dir='ltr'><strong>Qui</strong></span> <span class='ocrx_word' id='word_1_210' title='bbox 580 2904 649 2946; x_wconf 91' lang='lat' dir='ltr'><strong>mos</strong></span> <span class='ocrx_word' id='word_1_211' title='bbox 672 2882 785 2959; x_wconf 84' lang='lat' dir='ltr'><strong>effecit,</strong></span> <span class='ocrx_word' id='word_1_212' title='bbox 818 2886 854 2946; x_wconf 94' lang='lat' dir='ltr'><strong>ut</strong></span> <span class='ocrx_word' id='word_1_213' title='bbox 876 2881 1013 2965; x_wconf 88' lang='lat' dir='ltr'><strong>epistula</strong></span> <span class='ocrx_word' id='word_1_214' title='bbox 1035 2904 1106 2946; x_wconf 92' lang='lat' dir='ltr'><strong>cum</strong></span> <span class='ocrx_word' id='word_1_215' title='bbox 1128 2881 1227 2946; x_wconf 87' lang='lat' dir='ltr'><strong>sacris</strong></span> <span class='ocrx_word' id='word_1_216' title='bbox 1250 2882 1342 2947; x_wconf 90' lang='lat' dir='ltr'><strong>libris</strong></span> 
     </span>
     <span class='ocr_line' id='line_1_26' title="bbox 164 2984 1341 3069; baseline 0.002 -20"><span class='ocrx_word' id='word_1_217' title='bbox 164 2985 197 3049; x_wconf 93' lang='lat' dir='ltr'><strong>in</strong></span> <span class='ocrx_word' id='word_1_218' title='bbox 219 3007 282 3050; x_wconf 91' lang='lat' dir='ltr'><strong>uuo</strong></span> <span class='ocrx_word' id='word_1_219' title='bbox 305 2985 463 3050; x_wconf 89' lang='lat' dir='ltr'><strong>volumine</strong></span> <span class='ocrx_word' id='word_1_220' title='bbox 486 2985 696 3069; x_wconf 84' lang='lat' dir='ltr'><strong>colligeretur.</strong></span> <span class='ocrx_word' id='word_1_221' title='bbox 742 2984 780 3050; x_wconf 93' lang='lat' dir='ltr'><strong>In</strong></span> <span class='ocrx_word' id='word_1_222' title='bbox 802 2985 908 3050; x_wconf 90' lang='lat' dir='ltr'><strong>codice</strong></span> <span class='ocrx_word' id='word_1_223' title='bbox 930 2984 1154 3063; x_wconf 84' lang='lat' dir='ltr'><strong>Alexandrino,</strong></span> <span class='ocrx_word' id='word_1_224' title='bbox 1179 2987 1233 3069; x_wconf 91' lang='lat' dir='ltr'><strong>qui</strong></span> <span class='ocrx_word' id='word_1_225' title='bbox 1257 2985 1341 3052; x_wconf 91' lang='lat' dir='ltr'><strong>Con-</strong></span> 
     </span>
     <span class='ocr_line' id='line_1_27' title="bbox 164 3088 1340 3175; baseline 0 -21"><span class='ocrx_word' id='word_1_226' title='bbox 164 3091 304 3154; x_wconf 88' lang='lat' dir='ltr'><strong>stantino</strong></span> <span class='ocrx_word' id='word_1_227' title='bbox 335 3090 372 3154; x_wconf 91' lang='lat' dir='ltr'><strong>de</strong></span> <span class='ocrx_word' id='word_1_228' title='bbox 394 3090 607 3155; x_wconf 85' lang='lat' dir='ltr'><strong>Tischendorf</strong></span> <span class='ocrx_word' id='word_1_229' title='bbox 617 3088 629 3124; x_wconf 78' lang='lat'>²</span> <span class='ocrx_word' id='word_1_230' title='bbox 662 3091 787 3156; x_wconf 85' lang='lat' dir='ltr'><strong>saeculo</strong></span> <span class='ocrx_word' id='word_1_231' title='bbox 818 3090 928 3175; x_wconf 89' lang='lat' dir='ltr'><strong>quinto</strong></span> <span class='ocrx_word' id='word_1_232' title='bbox 951 3089 1088 3173; x_wconf 91' lang='lat' dir='ltr'><strong>scriptus</strong></span> <span class='ocrx_word' id='word_1_233' title='bbox 1115 3092 1340 3168; x_wconf 66' lang='lat' dir='ltr'><strong>emendetur,</strong></span> 
     </span>
     <span class='ocr_line' id='line_1_28' title="bbox 164 3192 1340 3278; baseline 0.002 -20"><span class='ocrx_word' id='word_1_234' title='bbox 164 3195 245 3259; x_wconf 84' lang='lat' dir='ltr'><strong>duaa</strong></span> <span class='ocrx_word' id='word_1_235' title='bbox 260 3192 431 3259; x_wconf 88' lang='lat' dir='ltr'><strong>Clementis</strong></span> <span class='ocrx_word' id='word_1_236' title='bbox 454 3194 608 3278; x_wconf 87' lang='lat' dir='ltr'><strong>epistulae</strong></span> <span class='ocrx_word' id='word_1_237' title='bbox 630 3194 721 3259; x_wconf 90' lang='lat' dir='ltr'><strong>libris</strong></span> <span class='ocrx_word' id='word_1_238' title='bbox 737 3193 822 3259; x_wconf 82' lang='lat' dir='ltr'><strong>Nori</strong></span> <span class='ocrx_word' id='word_1_239' title='bbox 837 3194 1035 3258; x_wconf 78' lang='lat' dir='ltr'><strong>Testamenti</strong></span> <span class='ocrx_word' id='word_1_240' title='bbox 1056 3195 1242 3259; x_wconf 90' lang='lat' dir='ltr'><strong>subiunctae</strong></span> <span class='ocrx_word' id='word_1_241' title='bbox 1258 3201 1340 3274; x_wconf 78' lang='lat' dir='ltr'><strong>sunt,</strong></span> 
     </span>
     <span class='ocr_line' id='line_1_29' title="bbox 105 3297 1340 3387; baseline 0.002 -25"><span class='ocrx_word' id='word_1_242' title='bbox 105 3382 108 3387; x_wconf 27' lang='grc' dir='ltr'>Ι</span> <span class='ocrx_word' id='word_1_243' title='bbox 164 3303 256 3362; x_wconf 86' lang='lat' dir='ltr'><strong>etex</strong></span> <span class='ocrx_word' id='word_1_244' title='bbox 279 3322 325 3375; x_wconf 79' lang='lat' dir='ltr'><strong>eo,</strong></span> <span class='ocrx_word' id='word_1_245' title='bbox 358 3301 444 3385; x_wconf 92' lang='lat' dir='ltr'><strong>quod</strong></span> <span class='ocrx_word' id='word_1_246' title='bbox 471 3303 546 3382; x_wconf 93' lang='lat' dir='ltr'><strong>post</strong></span> <span class='ocrx_word' id='word_1_247' title='bbox 573 3297 791 3383; x_wconf 84' lang='lat' dir='ltr'><strong>Apocalypsin</strong></span> <span class='ocrx_word' id='word_1_248' title='bbox 820 3297 1016 3381; x_wconf 86' lang='lat' dir='ltr'><strong>legebantur,</strong></span> <span class='ocrx_word' id='word_1_249' title='bbox 1047 3297 1234 3362; x_wconf 86' lang='lat' dir='ltr'><strong>concludere</strong></span> <span class='ocrx_word' id='word_1_250' title='bbox 1257 3299 1340 3377; x_wconf 83' lang='lat' dir='ltr'><strong>licet,</strong></span> 
     </span>
     <span class='ocr_line' id='line_1_30' title="bbox 164 3401 1342 3469; baseline 0.001 -2"><span class='ocrx_word' id='word_1_251' title='bbox 164 3424 217 3467; x_wconf 90' lang='lat' dir='ltr'><strong>eas</strong></span> <span class='ocrx_word' id='word_1_252' title='bbox 239 3426 304 3469; x_wconf 92' lang='lat' dir='ltr'><strong>non</strong></span> <span class='ocrx_word' id='word_1_253' title='bbox 325 3403 408 3467; x_wconf 85' lang='lat' dir='ltr'><strong>inter</strong></span> <span class='ocrx_word' id='word_1_254' title='bbox 430 3402 529 3467; x_wconf 90' lang='lat' dir='ltr'><strong>libros</strong></span> <span class='ocrx_word' id='word_1_255' title='bbox 551 3403 717 3467; x_wconf 89' lang='lat' dir='ltr'><strong>canonicos</strong></span> <span class='ocrx_word' id='word_1_256' title='bbox 741 3402 867 3467; x_wconf 89' lang='lat' dir='ltr'><strong>habitos</strong></span> <span class='ocrx_word' id='word_1_257' title='bbox 890 3401 997 3465; x_wconf 86' lang='lat' dir='ltr'><strong>fuisse.</strong></span> <span class='ocrx_word' id='word_1_258' title='bbox 1032 3402 1189 3468; x_wconf 83' lang='lat' dir='ltr'><strong>Eusebius</strong></span> <span class='ocrx_word' id='word_1_259' title='bbox 1212 3404 1246 3466; x_wconf 91' lang='lat' dir='ltr'><strong>in</strong></span> <span class='ocrx_word' id='word_1_260' title='bbox 1263 3426 1342 3468; x_wconf 91' lang='lat' dir='ltr'><strong>enu-</strong></span> 
     </span>
     <span class='ocr_line' id='line_1_31' title="bbox 163 3503 1342 3590; baseline 0.001 -18"><span class='ocrx_word' id='word_1_261' title='bbox 163 3509 320 3574; x_wconf 85' lang='lat' dir='ltr'><strong>merandis</strong></span> <span class='ocrx_word' id='word_1_262' title='bbox 350 3507 442 3572; x_wconf 90' lang='lat' dir='ltr'><strong>libris</strong></span> <span class='ocrx_word' id='word_1_263' title='bbox 473 3507 631 3572; x_wconf 89' lang='lat' dir='ltr'><strong>canonicis</strong></span> <span class='ocrx_word' id='word_1_264' title='bbox 661 3506 715 3590; x_wconf 82' lang='lat' dir='ltr'><strong>(H.</strong></span> <span class='ocrx_word' id='word_1_265' title='bbox 739 3507 777 3572; x_wconf 81' lang='grc'><strong>11.</strong></span> <span class='ocrx_word' id='word_1_266' title='bbox 801 3505 857 3583; x_wconf 94' lang='grc' dir='ltr'>ΠΙ,</span> <span class='ocrx_word' id='word_1_267' title='bbox 882 3506 911 3569; x_wconf 88' lang='grc'><strong>3.</strong></span> <span class='ocrx_word' id='word_1_268' title='bbox 936 3507 987 3569; x_wconf 88' lang='grc'><strong>24.</strong></span> <span class='ocrx_word' id='word_1_269' title='bbox 1012 3503 1066 3586; x_wconf 88' lang='grc'><strong>25)</strong></span> <span class='ocrx_word' id='word_1_270' title='bbox 1090 3527 1143 3569; x_wconf 88' lang='lat' dir='ltr'><strong>eas</strong></span> <span class='ocrx_word' id='word_1_271' title='bbox 1166 3508 1287 3572; x_wconf 89' lang='lat' dir='ltr'><strong>omittit</strong></span> <span class='ocrx_word' id='word_1_272' title='bbox 1310 3514 1342 3573; x_wconf 92' lang='lat' dir='ltr'><strong>et</strong></span> 
     </span>
     <span class='ocr_line' id='line_1_32' title="bbox 163 3608 1341 3696; baseline 0.002 -21"><span class='ocrx_word' id='word_1_273' title='bbox 163 3613 302 3695; x_wconf 89' lang='lat' dir='ltr'><strong>priorem</strong></span> <span class='ocrx_word' id='word_1_274' title='bbox 332 3612 462 3696; x_wconf 85' lang='lat' dir='ltr'><strong>insuper</strong></span> <span class='ocrx_word' id='word_1_275' title='bbox 492 3611 583 3676; x_wconf 88' lang='lat' dir='ltr'><strong>libris</strong></span> <span class='ocrx_word' id='word_1_276' title='bbox 614 3608 860 3692; x_wconf 78' lang='grc' dir='ltr'>ἀντιλεγομὲνοις</span> <span class='ocrx_word' id='word_1_277' title='bbox 894 3610 1079 3674; x_wconf 84' lang='lat' dir='ltr'><strong>adnumerat</strong></span> <span class='ocrx_word' id='word_1_278' title='bbox 1113 3609 1189 3692; x_wconf 82' lang='lat' dir='ltr'><strong>(Vl,</strong></span> <span class='ocrx_word' id='word_1_279' title='bbox 1216 3613 1266 3688; x_wconf 87' lang='grc'><strong>13,</strong></span> <span class='ocrx_word' id='word_1_280' title='bbox 1292 3611 1341 3696; x_wconf 86' lang='grc'><strong>6);</strong></span> 
     </span>
     <span class='ocr_line' id='line_1_33' title="bbox 164 3712 1341 3801; baseline 0.003 -22"><span class='ocrx_word' id='word_1_281' title='bbox 164 3722 275 3781; x_wconf 86' lang='lat' dir='ltr'><strong>auctor</strong></span> <span class='ocrx_word' id='word_1_282' title='bbox 307 3716 548 3781; x_wconf 86' lang='lat' dir='ltr'><strong>Stichometriae</strong></span> <span class='ocrx_word' id='word_1_283' title='bbox 570 3715 752 3798; x_wconf 89' lang='lat' dir='ltr'><strong>Nicephoro</strong></span> <span class='ocrx_word' id='word_1_284' title='bbox 775 3712 1127 3797; x_wconf 88' lang='lat' dir='ltr'><strong>Constantinopolitano</strong></span> <span class='ocrx_word' id='word_1_285' title='bbox 1151 3714 1341 3801; x_wconf 83' lang='lat' dir='ltr'><strong>adscriptae,</strong></span> 
     </span>
    </p>
   </div>
   <div class='ocr_carea' id='block_1_3' title="bbox 163 3899 1341 4320">
    <p class='ocr_par' dir='ltr' id='par_1_3' title="bbox 163 3899 1341 4062">
     <span class='ocr_line' id='line_1_34' title="bbox 235 3899 1341 3971; baseline -0.004 -11"><span class='ocrx_word' id='word_1_286' title='bbox 235 3907 248 3960; x_wconf 96' lang='lat' dir='ltr'><strong>l</strong></span> <span class='ocrx_word' id='word_1_287' title='bbox 269 3904 358 3958; x_wconf 86' lang='lat' dir='ltr'><strong>Locos</strong></span> <span class='ocrx_word' id='word_1_288' title='bbox 377 3903 530 3959; x_wconf 86' lang='lat' dir='ltr'><strong>Clementis</strong></span> <span class='ocrx_word' id='word_1_289' title='bbox 550 3902 689 3971; x_wconf 82' lang='lat' dir='ltr'><strong>allegatos</strong></span> <span class='ocrx_word' id='word_1_290' title='bbox 708 3902 738 3954; x_wconf 88' lang='lat' dir='ltr'><strong>et</strong></span> <span class='ocrx_word' id='word_1_291' title='bbox 755 3899 919 3954; x_wconf 86' lang='lat' dir='ltr'><strong>testimonia</strong></span> <span class='ocrx_word' id='word_1_292' title='bbox 948 3901 1074 3953; x_wconf 88' lang='lat' dir='ltr'><strong>veterum</strong></span> <span class='ocrx_word' id='word_1_293' title='bbox 1092 3900 1266 3969; x_wconf 85' lang='lat' dir='ltr'><strong>amplissime</strong></span> <span class='ocrx_word' id='word_1_294' title='bbox 1286 3905 1341 3958; x_wconf 88' lang='lat' dir='ltr'><strong>col·</strong></span> 
     </span>
     <span class='ocr_line' id='line_1_35' title="bbox 163 3989 603 4062; baseline 0.002 -18"><span class='ocrx_word' id='word_1_295' title='bbox 163 3990 234 4062; x_wconf 84' lang='lat' dir='ltr'><strong>legit</strong></span> <span class='ocrx_word' id='word_1_296' title='bbox 251 3990 400 4062; x_wconf 78' lang='lat' dir='ltr'><strong>bightfoot</strong></span> <span class='ocrx_word' id='word_1_297' title='bbox 416 3991 436 4055; x_wconf 87' lang='lat'><strong>1,</strong></span> <span class='ocrx_word' id='word_1_298' title='bbox 457 3989 603 4045; x_wconf 80' lang='grc'>143-200.</span> 
     </span>
    </p>

    <p class='ocr_par' dir='ltr' id='par_1_4' title="bbox 164 4072 1340 4320">
     <span class='ocr_line' id='line_1_36' title="bbox 234 4072 1340 4146; baseline 0 -14"><span class='ocrx_word' id='word_1_299' title='bbox 234 4078 358 4133; x_wconf 72' lang='grc'>2111111</span> <span class='ocrx_word' id='word_1_300' title='bbox 386 4078 598 4132; x_wconf 85' lang='lat' dir='ltr'><strong>Testamentum</strong></span> <span class='ocrx_word' id='word_1_301' title='bbox 626 4075 732 4130; x_wconf 83' lang='lat' dir='ltr'><strong>Graece</strong></span> <span class='ocrx_word' id='word_1_302' title='bbox 759 4073 839 4126; x_wconf 84' lang='lat' dir='ltr'><strong>iuxta</strong></span> <span class='ocrx_word' id='word_1_303' title='bbox 856 4072 930 4125; x_wconf 86' lang='lat' dir='ltr'><strong>LXX</strong></span> <span class='ocrx_word' id='word_1_304' title='bbox 957 4072 1126 4143; x_wconf 86' lang='lat' dir='ltr'><strong>interpretes</strong></span> <span class='ocrx_word' id='word_1_305' title='bbox 1152 4074 1193 4128; x_wconf 89' lang='lat' dir='ltr'><strong>ed.</strong></span> <span class='ocrx_word' id='word_1_306' title='bbox 1213 4075 1260 4130; x_wconf 86' lang='lat' dir='ltr'><strong>IV.</strong></span> <span class='ocrx_word' id='word_1_307' title='bbox 1281 4077 1294 4130; x_wconf 92' lang='grc' dir='ltr'>Ι</span> <span class='ocrx_word' id='word_1_308' title='bbox 1312 4095 1340 4146; x_wconf 87' lang='lat' dir='ltr'><strong>p.</strong></span> 
     </span>
     <span class='ocr_line' id='line_1_37' title="bbox 164 4158 1339 4236; baseline -0.002 -17"><span class='ocrx_word' id='word_1_309' title='bbox 164 4164 246 4219; x_wconf 82' lang='lat' dir='ltr'><strong>LXV.</strong></span> <span class='ocrx_word' id='word_1_310' title='bbox 282 4164 447 4236; x_wconf 82' lang='lat' dir='ltr'><strong>Hilgenfeld</strong></span> <span class='ocrx_word' id='word_1_311' title='bbox 467 4180 531 4217; x_wconf 88' lang='lat' dir='ltr'><strong>eum</strong></span> <span class='ocrx_word' id='word_1_312' title='bbox 549 4179 640 4230; x_wconf 84' lang='lat' dir='ltr'><strong>acque</strong></span> <span class='ocrx_word' id='word_1_313' title='bbox 659 4177 691 4214; x_wconf 89' lang='lat' dir='ltr'><strong>ac</strong></span> <span class='ocrx_word' id='word_1_314' title='bbox 711 4158 877 4212; x_wconf 86' lang='lat' dir='ltr'><strong>Sinaiticum</strong></span> <span class='ocrx_word' id='word_1_315' title='bbox 895 4160 1007 4214; x_wconf 85' lang='lat' dir='ltr'><strong>saeculo</strong></span> <span class='ocrx_word' id='word_1_316' title='bbox 1026 4163 1105 4214; x_wconf 86' lang='lat' dir='ltr'><strong>sexto</strong></span> <span class='ocrx_word' id='word_1_317' title='bbox 1123 4161 1259 4230; x_wconf 87' lang='lat' dir='ltr'><strong>assignat.</strong></span> <span class='ocrx_word' id='word_1_318' title='bbox 1297 4164 1339 4218; x_wconf 83' lang='lat' dir='ltr'><strong>cf.</strong></span> 
     </span>
     <span class='ocr_line' id='line_1_38' title="bbox 164 4247 1044 4320; baseline -0.006 -14"><span class='ocrx_word' id='word_1_319' title='bbox 164 4250 321 4319; x_wconf 76' lang='lat' dir='ltr'><strong>Zeitsctrift</strong></span> <span class='ocrx_word' id='word_1_320' title='bbox 332 4252 386 4320; x_wconf 67' lang='lat' dir='ltr'><strong>sur</strong></span> <span class='ocrx_word' id='word_1_321' title='bbox 402 4248 602 4312; x_wconf 67' lang='grc'>1111111110.</span> <span class='ocrx_word' id='word_1_322' title='bbox 625 4247 764 4316; x_wconf 73' lang='grc'>1111111911</span> <span class='ocrx_word' id='word_1_323' title='bbox 783 4247 850 4300; x_wconf 87' lang='grc'>1864</span> <span class='ocrx_word' id='word_1_324' title='bbox 866 4263 894 4315; x_wconf 92' lang='lat' dir='ltr'><strong>p.</strong></span> <span class='ocrx_word' id='word_1_325' title='bbox 914 4248 963 4301; x_wconf 83' lang='lat'><strong>211</strong></span> <span class='ocrx_word' id='word_1_326' title='bbox 983 4264 1044 4314; x_wconf 89' lang='lat' dir='ltr'><strong>sqq.</strong></span> 
     </span>
    </p>
   </div>
   <div class='ocr_carea' id='block_1_4' title="bbox 0 0 1422 5018">
    <p class='ocr_par' dir='ltr' id='par_1_5' title="bbox 0 0 1422 5018">
     <span class='ocr_line' id='line_1_39' title="bbox 0 0 1422 5018; baseline 0 1"><span class='ocrx_word' id='word_1_327' title='bbox 0 0 1422 5018; x_wconf 95' lang='lat' dir='ltr'><strong> </strong></span> 
     </span>
    </p>
   </div>
  </div>
 </body>
</html>
