<?xml version="1.0" encoding="UTF-8"?>
<!DOCTYPE html PUBLIC "-//W3C//DTD XHTML 1.0 Transitional//EN"
    "http://www.w3.org/TR/xhtml1/DTD/xhtml1-transitional.dtd">
<html xmlns="http://www.w3.org/1999/xhtml" xml:lang="en" lang="en">
 <head>
  <title>
</title>
<meta http-equiv="Content-Type" content="text/html;charset=utf-8" />
  <meta name='ocr-system' content='tesseract 3.04.00' />
  <meta name='ocr-capabilities' content='ocr_page ocr_carea ocr_par ocr_line ocrx_word'/>
</head>
<body>
  <div class='ocr_page' id='page_1' title='image "./patresapostolic00piongoog_0774.png"; bbox 0 0 2834 5018; ppageno 0'>
   <div class='ocr_carea' id='block_1_1' title="bbox 539 616 1293 690">
    <p class='ocr_par' dir='ltr' id='par_1_1' title="bbox 539 616 1293 690">
     <span class='ocr_line' id='line_1_1' title="bbox 539 616 1293 690; baseline 0.028 -20"><span class='ocrx_word' id='word_1_1' title='bbox 539 616 721 681; x_wconf 60' lang='grc'>81111111,</span> <span class='ocrx_word' id='word_1_2' title='bbox 740 617 834 681; x_wconf 83' lang='grc'>4-19,</span> <span class='ocrx_word' id='word_1_3' title='bbox 856 621 878 674; x_wconf 90' lang='lat' dir='ltr'>l.</span> <span class='ocrx_word' id='word_1_4' title='bbox 1230 626 1293 690; x_wconf 85' lang='grc'>613</span> 
     </span>
    </p>
   </div>
   <div class='ocr_carea' id='block_1_2' title="bbox 115 793 1331 3911">
    <p class='ocr_par' dir='ltr' id='par_1_2' title="bbox 115 793 1322 1295">
     <span class='ocr_line' id='line_1_2' title="bbox 115 793 1296 878; baseline 0.006 -20"><span class='ocrx_word' id='word_1_5' title='bbox 115 793 230 878; x_wconf 88' lang='lat' dir='ltr'>ginum</span> <span class='ocrx_word' id='word_1_6' title='bbox 243 796 450 878; x_wconf 86' lang='lat' dir='ltr'>portaverunt</span> <span class='ocrx_word' id='word_1_7' title='bbox 472 816 544 858; x_wconf 89' lang='lat' dir='ltr'>cum</span> <span class='ocrx_word' id='word_1_8' title='bbox 559 796 703 870; x_wconf 88' lang='lat' dir='ltr'>nomine;</span> <span class='ocrx_word' id='word_1_9' title='bbox 727 796 797 860; x_wconf 94' lang='lat' dir='ltr'>ideo</span> <span class='ocrx_word' id='word_1_10' title='bbox 821 800 979 862; x_wconf 74' lang='lat' dir='ltr'><strong>structura</strong></span> <span class='ocrx_word' id='word_1_11' title='bbox 994 799 1090 863; x_wconf 85' lang='lat' dir='ltr'>turris</span> <span class='ocrx_word' id='word_1_12' title='bbox 1112 821 1175 864; x_wconf 93' lang='lat' dir='ltr'>uno</span> <span class='ocrx_word' id='word_1_13' title='bbox 1192 800 1296 865; x_wconf 92' lang='lat' dir='ltr'>colore</span> 
     </span>
     <span class='ocr_line' id='line_1_3' title="bbox 116 898 1297 984; baseline 0.007 -23"><span class='ocrx_word' id='word_1_14' title='bbox 116 898 285 983; x_wconf 85' lang='lat' dir='ltr'>splendida</span> <span class='ocrx_word' id='word_1_15' title='bbox 307 899 369 963; x_wconf 86' lang='lat' dir='ltr'>fuit</span> <span class='ocrx_word' id='word_1_16' title='bbox 391 904 427 963; x_wconf 91' lang='lat' dir='ltr'>ut</span> <span class='ocrx_word' id='word_1_17' title='bbox 442 899 500 963; x_wconf 89' lang='lat' dir='ltr'>sol.</span> <span class='ocrx_word' id='word_1_18' title='bbox 547 901 575 963; x_wconf 88' lang='lat'>5.</span> <span class='ocrx_word' id='word_1_19' title='bbox 600 900 774 984; x_wconf 88' lang='lat' dir='ltr'>Postquam</span> <span class='ocrx_word' id='word_1_20' title='bbox 796 905 902 965; x_wconf 89' lang='lat' dir='ltr'>autem</span> <span class='ocrx_word' id='word_1_21' title='bbox 919 908 1130 967; x_wconf 86' lang='lat' dir='ltr'>convenerunt</span> <span class='ocrx_word' id='word_1_22' title='bbox 1151 905 1185 968; x_wconf 91' lang='lat' dir='ltr'>in</span> <span class='ocrx_word' id='word_1_23' title='bbox 1199 928 1297 969; x_wconf 90' lang='lat' dir='ltr'>unum</span> 
     </span>
     <span class='ocr_line' id='line_1_4' title="bbox 117 1003 1297 1089; baseline 0.004 -21"><span class='ocrx_word' id='word_1_24' title='bbox 117 1008 150 1068; x_wconf 91' lang='lat' dir='ltr'>et</span> <span class='ocrx_word' id='word_1_25' title='bbox 173 1003 249 1067; x_wconf 85' lang='lat' dir='ltr'>facti</span> <span class='ocrx_word' id='word_1_26' title='bbox 272 1008 346 1067; x_wconf 85' lang='lat' dir='ltr'>sunt</span> <span class='ocrx_word' id='word_1_27' title='bbox 367 1026 465 1067; x_wconf 91' lang='lat' dir='ltr'>unum</span> <span class='ocrx_word' id='word_1_28' title='bbox 488 1025 612 1088; x_wconf 89' lang='lat' dir='ltr'>corpus,</span> <span class='ocrx_word' id='word_1_29' title='bbox 638 1005 766 1089; x_wconf 90' lang='lat' dir='ltr'>quidam</span> <span class='ocrx_word' id='word_1_30' title='bbox 788 1027 827 1070; x_wconf 85' lang='lat' dir='ltr'>ex</span> <span class='ocrx_word' id='word_1_31' title='bbox 849 1007 888 1070; x_wconf 88' lang='lat' dir='ltr'>iis</span> <span class='ocrx_word' id='word_1_32' title='bbox 912 1028 980 1071; x_wconf 89' lang='lat' dir='ltr'>sese</span> <span class='ocrx_word' id='word_1_33' title='bbox 1006 1008 1243 1073; x_wconf 87' lang='lat' dir='ltr'>maculaverunt</span> <span class='ocrx_word' id='word_1_34' title='bbox 1265 1014 1297 1073; x_wconf 90' lang='lat' dir='ltr'>et</span> 
     </span>
     <span class='ocr_line' id='line_1_5' title="bbox 117 1108 1296 1196; baseline 0.004 -24"><span class='ocrx_word' id='word_1_35' title='bbox 117 1109 211 1173; x_wconf 89' lang='lat' dir='ltr'>eiecti</span> <span class='ocrx_word' id='word_1_36' title='bbox 235 1112 309 1172; x_wconf 90' lang='lat' dir='ltr'>sunt</span> <span class='ocrx_word' id='word_1_37' title='bbox 332 1108 370 1172; x_wconf 95' lang='lat' dir='ltr'>de</span> <span class='ocrx_word' id='word_1_38' title='bbox 393 1129 508 1193; x_wconf 80' lang='lat' dir='ltr'>genere</span> <span class='ocrx_word' id='word_1_39' title='bbox 530 1109 685 1173; x_wconf 85' lang='lat' dir='ltr'>iustorum</span> <span class='ocrx_word' id='word_1_40' title='bbox 708 1114 739 1173; x_wconf 90' lang='lat' dir='ltr'>et</span> <span class='ocrx_word' id='word_1_41' title='bbox 761 1109 876 1174; x_wconf 89' lang='lat' dir='ltr'>iterum</span> <span class='ocrx_word' id='word_1_42' title='bbox 898 1110 975 1174; x_wconf 85' lang='lat' dir='ltr'>facti</span> <span class='ocrx_word' id='word_1_43' title='bbox 990 1116 1072 1190; x_wconf 86' lang='lat' dir='ltr'>sunt,</span> <span class='ocrx_word' id='word_1_44' title='bbox 1098 1112 1207 1196; x_wconf 87' lang='lat' dir='ltr'>quales</span> <span class='ocrx_word' id='word_1_45' title='bbox 1223 1117 1296 1178; x_wconf 87' lang='lat' dir='ltr'>ante</span> 
     </span>
     <span class='ocr_line' id='line_1_6' title="bbox 117 1212 1322 1295; baseline -0.001 -19"><span class='ocrx_word' id='word_1_46' title='bbox 117 1212 256 1289; x_wconf 81' lang='lat' dir='ltr'>fuerunt,</span> <span class='ocrx_word' id='word_1_47' title='bbox 280 1212 388 1295; x_wconf 87' lang='lat' dir='ltr'>potius</span> <span class='ocrx_word' id='word_1_48' title='bbox 410 1233 520 1277; x_wconf 84' lang='lat' dir='ltr'>revera</span> <span class='ocrx_word' id='word_1_49' title='bbox 542 1213 722 1278; x_wconf 88' lang='lat' dir='ltr'>deteriores.</span> <span class='ocrx_word' id='word_1_50' title='bbox 1310 1239 1322 1275; x_wconf 78' lang='grc' dir='ltr'><strong><em>ε</em></strong></span> 
     </span>
    </p>

    <p class='ocr_par' dir='ltr' id='par_1_3' title="bbox 115 1311 1331 3802">
     <span class='ocr_line' id='line_1_7' title="bbox 208 1311 1296 1400; baseline 0.006 -20"><span class='ocrx_word' id='word_1_51' title='bbox 208 1311 269 1380; x_wconf 90' lang='grc'>18.</span> <span class='ocrx_word' id='word_1_52' title='bbox 295 1315 468 1394; x_wconf 86' lang='lat' dir='ltr'>Quomodo,</span> <span class='ocrx_word' id='word_1_53' title='bbox 493 1317 640 1400; x_wconf 85' lang='lat' dir='ltr'>inquam,</span> <span class='ocrx_word' id='word_1_54' title='bbox 665 1319 804 1396; x_wconf 86' lang='lat' dir='ltr'>domine,</span> <span class='ocrx_word' id='word_1_55' title='bbox 830 1319 999 1384; x_wconf 89' lang='lat' dir='ltr'>deteriores</span> <span class='ocrx_word' id='word_1_56' title='bbox 1021 1325 1200 1398; x_wconf 83' lang='lat' dir='ltr'>eraserunt,</span> <span class='ocrx_word' id='word_1_57' title='bbox 1224 1343 1296 1386; x_wconf 87' lang='lat' dir='ltr'>cum</span> 
     </span>
     <span class='ocr_line' id='line_1_8' title="bbox 117 1419 1297 1510; baseline 0.003 -25"><span class='ocrx_word' id='word_1_58' title='bbox 117 1422 211 1485; x_wconf 91' lang='lat' dir='ltr'>deum</span> <span class='ocrx_word' id='word_1_59' title='bbox 234 1421 480 1505; x_wconf 79' lang='lat' dir='ltr'>cognovissent?</span> <span class='ocrx_word' id='word_1_60' title='bbox 514 1419 576 1496; x_wconf 85' lang='lat' dir='ltr'>Qui</span> <span class='ocrx_word' id='word_1_61' title='bbox 604 1421 713 1500; x_wconf 91' lang='lat' dir='ltr'>deum,</span> <span class='ocrx_word' id='word_1_62' title='bbox 737 1422 858 1506; x_wconf 84' lang='lat' dir='ltr'>inquit,</span> <span class='ocrx_word' id='word_1_63' title='bbox 888 1443 953 1486; x_wconf 91' lang='lat' dir='ltr'>non</span> <span class='ocrx_word' id='word_1_64' title='bbox 981 1425 1144 1508; x_wconf 81' lang='lat' dir='ltr'>cognoscit</span> <span class='ocrx_word' id='word_1_65' title='bbox 1175 1426 1297 1510; x_wconf 85' lang='lat' dir='ltr'>etegit</span> 
     </span>
     <span class='ocr_line' id='line_1_9' title="bbox 115 1525 1296 1614; baseline 0.003 -24"><span class='ocrx_word' id='word_1_66' title='bbox 115 1526 277 1610; x_wconf 87' lang='lat' dir='ltr'>nequiter,</span> <span class='ocrx_word' id='word_1_67' title='bbox 313 1525 410 1588; x_wconf 86' lang='lat' dir='ltr'>habet</span> <span class='ocrx_word' id='word_1_68' title='bbox 441 1545 576 1609; x_wconf 89' lang='lat' dir='ltr'>poenam</span> <span class='ocrx_word' id='word_1_69' title='bbox 607 1527 764 1609; x_wconf 87' lang='lat' dir='ltr'>quandam</span> <span class='ocrx_word' id='word_1_70' title='bbox 793 1527 953 1610; x_wconf 84' lang='lat' dir='ltr'>nequitiae</span> <span class='ocrx_word' id='word_1_71' title='bbox 983 1549 1077 1605; x_wconf 88' lang='lat' dir='ltr'>suae;</span> <span class='ocrx_word' id='word_1_72' title='bbox 1113 1529 1167 1614; x_wconf 93' lang='lat' dir='ltr'>qui</span> <span class='ocrx_word' id='word_1_73' title='bbox 1190 1534 1296 1594; x_wconf 86' lang='lat' dir='ltr'>autem</span> 
     </span>
     <span class='ocr_line' id='line_1_10' title="bbox 118 1629 1295 1716; baseline 0.003 -23"><span class='ocrx_word' id='word_1_74' title='bbox 118 1631 211 1694; x_wconf 91' lang='lat' dir='ltr'>deum</span> <span class='ocrx_word' id='word_1_75' title='bbox 234 1629 397 1713; x_wconf 84' lang='lat' dir='ltr'>cognovit,</span> <span class='ocrx_word' id='word_1_76' title='bbox 431 1650 495 1692; x_wconf 91' lang='lat' dir='ltr'>non</span> <span class='ocrx_word' id='word_1_77' title='bbox 519 1630 656 1714; x_wconf 90' lang='lat' dir='ltr'>amplius</span> <span class='ocrx_word' id='word_1_78' title='bbox 678 1630 824 1714; x_wconf 86' lang='lat' dir='ltr'>nequiter</span> <span class='ocrx_word' id='word_1_79' title='bbox 847 1652 941 1716; x_wconf 89' lang='lat' dir='ltr'>agere</span> <span class='ocrx_word' id='word_1_80' title='bbox 965 1632 1074 1709; x_wconf 89' lang='lat' dir='ltr'>debet,</span> <span class='ocrx_word' id='word_1_81' title='bbox 1099 1633 1154 1697; x_wconf 89' lang='lat' dir='ltr'>sed</span> <span class='ocrx_word' id='word_1_82' title='bbox 1177 1633 1295 1696; x_wconf 91' lang='lat' dir='ltr'>bonum</span> 
     </span>
     <span class='ocr_line' id='line_1_11' title="bbox 115 1732 1331 1819; baseline -0.004 -21"><span class='ocrx_word' id='word_1_83' title='bbox 115 1734 230 1799; x_wconf 84' lang='lat' dir='ltr'>facere.</span> <span class='ocrx_word' id='word_1_84' title='bbox 278 1736 307 1797; x_wconf 86' lang='lat'>2.</span> <span class='ocrx_word' id='word_1_85' title='bbox 332 1733 366 1798; x_wconf 84' lang='lat' dir='ltr'>si</span> <span class='ocrx_word' id='word_1_86' title='bbox 397 1732 497 1819; x_wconf 89' lang='lat' dir='ltr'>igitur</span> <span class='ocrx_word' id='word_1_87' title='bbox 530 1735 675 1818; x_wconf 85' lang='lat' dir='ltr'>nequiter</span> <span class='ocrx_word' id='word_1_88' title='bbox 705 1737 787 1819; x_wconf 90' lang='lat' dir='ltr'>agit,</span> <span class='ocrx_word' id='word_1_89' title='bbox 822 1737 875 1819; x_wconf 92' lang='lat' dir='ltr'>qni</span> <span class='ocrx_word' id='word_1_90' title='bbox 907 1736 1025 1799; x_wconf 91' lang='lat' dir='ltr'>bonum</span> <span class='ocrx_word' id='word_1_91' title='bbox 1055 1737 1149 1800; x_wconf 92' lang='lat' dir='ltr'>debet</span> <span class='ocrx_word' id='word_1_92' title='bbox 1180 1736 1331 1814; x_wconf 81' lang='lat' dir='ltr'>facere,1c</span> 
     </span>
     <span class='ocr_line' id='line_1_12' title="bbox 115 1839 1296 1926; baseline 0.003 -24"><span class='ocrx_word' id='word_1_93' title='bbox 115 1860 220 1903; x_wconf 91' lang='lat' dir='ltr'>nonne</span> <span class='ocrx_word' id='word_1_94' title='bbox 242 1839 395 1903; x_wconf 88' lang='lat' dir='ltr'>maiorem</span> <span class='ocrx_word' id='word_1_95' title='bbox 422 1839 597 1922; x_wconf 86' lang='lat' dir='ltr'>nequitiam</span> <span class='ocrx_word' id='word_1_96' title='bbox 621 1861 765 1905; x_wconf 85' lang='lat' dir='ltr'>exercere</span> <span class='ocrx_word' id='word_1_97' title='bbox 793 1841 918 1904; x_wconf 84' lang='lat' dir='ltr'>videtur</span> <span class='ocrx_word' id='word_1_98' title='bbox 941 1863 1036 1924; x_wconf 87' lang='lat' dir='ltr'>quam</span> <span class='ocrx_word' id='word_1_99' title='bbox 1057 1842 1097 1920; x_wconf 80' lang='lat' dir='ltr'>ie,</span> <span class='ocrx_word' id='word_1_100' title='bbox 1127 1842 1180 1925; x_wconf 91' lang='lat' dir='ltr'>qui</span> <span class='ocrx_word' id='word_1_101' title='bbox 1202 1842 1296 1926; x_wconf 88' lang='lat' dir='ltr'>igno·</span> 
     </span>
     <span class='ocr_line' id='line_1_13' title="bbox 116 1942 1295 2030; baseline 0.001 -22"><span class='ocrx_word' id='word_1_102' title='bbox 116 1948 168 2008; x_wconf 87' lang='lat' dir='ltr'>rat</span> <span class='ocrx_word' id='word_1_103' title='bbox 190 1945 306 2008; x_wconf 84' lang='lat' dir='ltr'>deum?</span> <span class='ocrx_word' id='word_1_104' title='bbox 340 1942 414 2008; x_wconf 91' lang='lat' dir='ltr'>Ideo</span> <span class='ocrx_word' id='word_1_105' title='bbox 437 1944 493 2027; x_wconf 91' lang='lat' dir='ltr'>qui</span> <span class='ocrx_word' id='word_1_106' title='bbox 516 1944 608 2008; x_wconf 89' lang='lat' dir='ltr'>deum</span> <span class='ocrx_word' id='word_1_107' title='bbox 630 1966 693 2009; x_wconf 92' lang='lat' dir='ltr'>non</span> <span class='ocrx_word' id='word_1_108' title='bbox 718 1949 936 2029; x_wconf 82' lang='lat' dir='ltr'>cognoverunt</span> <span class='ocrx_word' id='word_1_109' title='bbox 965 1948 997 2008; x_wconf 92' lang='lat' dir='ltr'>et</span> <span class='ocrx_word' id='word_1_110' title='bbox 1017 1945 1163 2028; x_wconf 90' lang='lat' dir='ltr'>nequiter</span> <span class='ocrx_word' id='word_1_111' title='bbox 1184 1950 1295 2030; x_wconf 87' lang='lat' dir='ltr'>agunt,</span> 
     </span>
     <span class='ocr_line' id='line_1_14' title="bbox 115 2048 1297 2135; baseline 0.003 -23"><span class='ocrx_word' id='word_1_112' title='bbox 115 2048 248 2112; x_wconf 86' lang='lat' dir='ltr'>iudicati</span> <span class='ocrx_word' id='word_1_113' title='bbox 271 2048 407 2112; x_wconf 84' lang='lat' dir='ltr'>suntad</span> <span class='ocrx_word' id='word_1_114' title='bbox 439 2052 589 2123; x_wconf 85' lang='lat' dir='ltr'>mortem;</span> <span class='ocrx_word' id='word_1_115' title='bbox 627 2050 777 2132; x_wconf 86' lang='lat' dir='ltr'>quivero</span> <span class='ocrx_word' id='word_1_116' title='bbox 807 2050 900 2113; x_wconf 91' lang='lat' dir='ltr'>deum</span> <span class='ocrx_word' id='word_1_117' title='bbox 923 2054 1137 2134; x_wconf 85' lang='lat' dir='ltr'>cognorerunt</span> <span class='ocrx_word' id='word_1_118' title='bbox 1169 2051 1297 2135; x_wconf 84' lang='lat' dir='ltr'>eiusque</span> 
     </span>
     <span class='ocr_line' id='line_1_15' title="bbox 115 2153 1297 2240; baseline 0 -23"><span class='ocrx_word' id='word_1_119' title='bbox 115 2153 276 2217; x_wconf 85' lang='lat' dir='ltr'>mirabilia</span> <span class='ocrx_word' id='word_1_120' title='bbox 305 2153 451 2217; x_wconf 83' lang='lat' dir='ltr'>viderunt</span> <span class='ocrx_word' id='word_1_121' title='bbox 479 2157 574 2238; x_wconf 88' lang='lat' dir='ltr'>atque</span> <span class='ocrx_word' id='word_1_122' title='bbox 603 2155 749 2237; x_wconf 88' lang='lat' dir='ltr'>nequiter</span> <span class='ocrx_word' id='word_1_123' title='bbox 781 2159 897 2240; x_wconf 88' lang='lat' dir='ltr'>agunt,</span> <span class='ocrx_word' id='word_1_124' title='bbox 930 2153 1097 2237; x_wconf 87' lang='lat' dir='ltr'>dupliciter</span> <span class='ocrx_word' id='word_1_125' title='bbox 1126 2155 1297 2237; x_wconf 88' lang='lat' dir='ltr'>punientur</span> 
     </span>
     <span class='ocr_line' id='line_1_16' title="bbox 117 2257 1331 2344; baseline -0.003 -22"><span class='ocrx_word' id='word_1_126' title='bbox 117 2262 150 2322; x_wconf 88' lang='lat' dir='ltr'>et</span> <span class='ocrx_word' id='word_1_127' title='bbox 171 2257 344 2322; x_wconf 87' lang='lat' dir='ltr'>morientur</span> <span class='ocrx_word' id='word_1_128' title='bbox 366 2257 400 2321; x_wconf 92' lang='lat' dir='ltr'>in</span> <span class='ocrx_word' id='word_1_129' title='bbox 431 2261 603 2322; x_wconf 86' lang='lat' dir='ltr'>aeternum.</span> <span class='ocrx_word' id='word_1_130' title='bbox 651 2258 704 2324; x_wconf 86' lang='lat' dir='ltr'>Sic</span> <span class='ocrx_word' id='word_1_131' title='bbox 727 2281 804 2344; x_wconf 89' lang='lat' dir='ltr'>ergo</span> <span class='ocrx_word' id='word_1_132' title='bbox 833 2259 1054 2344; x_wconf 88' lang='lat' dir='ltr'>purificabitur</span> <span class='ocrx_word' id='word_1_133' title='bbox 1082 2258 1214 2322; x_wconf 86' lang='lat' dir='ltr'>ecclesia</span> <span class='ocrx_word' id='word_1_134' title='bbox 1236 2258 1331 2322; x_wconf 83' lang='lat' dir='ltr'>dein</span> 
     </span>
     <span class='ocr_line' id='line_1_17' title="bbox 116 2361 1296 2448; baseline 0.001 -23"><span class='ocrx_word' id='word_1_135' title='bbox 116 2364 147 2425; x_wconf 91' lang='lat'>3.</span> <span class='ocrx_word' id='word_1_136' title='bbox 172 2361 336 2438; x_wconf 81' lang='lat' dir='ltr'>Quomodo</span> <span class='ocrx_word' id='word_1_137' title='bbox 360 2366 465 2426; x_wconf 88' lang='lat' dir='ltr'>autem</span> <span class='ocrx_word' id='word_1_138' title='bbox 487 2362 595 2427; x_wconf 84' lang='lat' dir='ltr'>vidisti</span> <span class='ocrx_word' id='word_1_139' title='bbox 618 2362 741 2448; x_wconf 84' lang='lat' dir='ltr'>lapides</span> <span class='ocrx_word' id='word_1_140' title='bbox 765 2386 781 2429; x_wconf 91' lang='lat' dir='ltr'>e</span> <span class='ocrx_word' id='word_1_141' title='bbox 804 2365 884 2428; x_wconf 88' lang='lat' dir='ltr'>turri</span> <span class='ocrx_word' id='word_1_142' title='bbox 907 2362 1050 2428; x_wconf 87' lang='lat' dir='ltr'>sublatos</span> <span class='ocrx_word' id='word_1_143' title='bbox 1077 2366 1109 2426; x_wconf 85' lang='lat' dir='ltr'>et</span> <span class='ocrx_word' id='word_1_144' title='bbox 1131 2362 1296 2446; x_wconf 86' lang='lat' dir='ltr'>spiritibus</span> 
     </span>
     <span class='ocr_line' id='line_1_18' title="bbox 118 2465 1295 2551; baseline 0.001 -22"><span class='ocrx_word' id='word_1_145' title='bbox 118 2465 210 2530; x_wconf 88' lang='lat' dir='ltr'>malis</span> <span class='ocrx_word' id='word_1_146' title='bbox 233 2467 367 2530; x_wconf 87' lang='lat' dir='ltr'>traditos</span> <span class='ocrx_word' id='word_1_147' title='bbox 389 2471 421 2530; x_wconf 91' lang='lat' dir='ltr'>et</span> <span class='ocrx_word' id='word_1_148' title='bbox 442 2466 515 2530; x_wconf 92' lang='lat' dir='ltr'>inde</span> <span class='ocrx_word' id='word_1_149' title='bbox 538 2467 654 2533; x_wconf 87' lang='lat' dir='ltr'>eiectos</span> <span class='ocrx_word' id='word_1_150' title='bbox 671 2491 749 2545; x_wconf 84' lang='lat' dir='ltr'>esse,</span> <span class='ocrx_word' id='word_1_151' title='bbox 774 2470 869 2533; x_wconf 89' lang='lat' dir='ltr'>etiam</span> <span class='ocrx_word' id='word_1_152' title='bbox 891 2491 990 2533; x_wconf 90' lang='lat' dir='ltr'>unum</span> <span class='ocrx_word' id='word_1_153' title='bbox 1010 2489 1123 2551; x_wconf 88' lang='lat' dir='ltr'>corpus</span> <span class='ocrx_word' id='word_1_154' title='bbox 1146 2467 1295 2550; x_wconf 86' lang='lat' dir='ltr'>purifica·</span> 
     </span>
     <span class='ocr_line' id='line_1_19' title="bbox 115 2570 1295 2656; baseline -0.001 -21"><span class='ocrx_word' id='word_1_155' title='bbox 115 2577 222 2635; x_wconf 89' lang='lat' dir='ltr'>torum</span> <span class='ocrx_word' id='word_1_156' title='bbox 244 2571 319 2648; x_wconf 87' lang='lat' dir='ltr'>erit,</span> <span class='ocrx_word' id='word_1_157' title='bbox 350 2571 432 2634; x_wconf 87' lang='lat' dir='ltr'>sieut</span> <span class='ocrx_word' id='word_1_158' title='bbox 454 2571 550 2634; x_wconf 89' lang='lat' dir='ltr'>turris</span> <span class='ocrx_word' id='word_1_159' title='bbox 582 2593 707 2656; x_wconf 88' lang='lat' dir='ltr'>quoque</span> <span class='ocrx_word' id='word_1_160' title='bbox 729 2574 817 2638; x_wconf 87' lang='lat' dir='ltr'>facta</span> <span class='ocrx_word' id='word_1_161' title='bbox 847 2577 895 2638; x_wconf 86' lang='lat' dir='ltr'>est</span> <span class='ocrx_word' id='word_1_162' title='bbox 916 2571 1004 2636; x_wconf 86' lang='lat' dir='ltr'>velut</span> <span class='ocrx_word' id='word_1_163' title='bbox 1025 2594 1063 2636; x_wconf 88' lang='lat' dir='ltr'>ex</span> <span class='ocrx_word' id='word_1_164' title='bbox 1094 2593 1157 2636; x_wconf 92' lang='lat' dir='ltr'>uno</span> <span class='ocrx_word' id='word_1_165' title='bbox 1179 2570 1295 2656; x_wconf 86' lang='lat' dir='ltr'>lapide,</span> 
     </span>
     <span class='ocr_line' id='line_1_20' title="bbox 117 2675 1296 2763; baseline 0.003 -25"><span class='ocrx_word' id='word_1_166' title='bbox 117 2680 288 2759; x_wconf 86' lang='lat' dir='ltr'>postquam</span> <span class='ocrx_word' id='word_1_167' title='bbox 310 2675 478 2759; x_wconf 86' lang='lat' dir='ltr'>purificata</span> <span class='ocrx_word' id='word_1_168' title='bbox 500 2680 562 2740; x_wconf 85' lang='lat' dir='ltr'>est:</span> <span class='ocrx_word' id='word_1_169' title='bbox 587 2678 632 2742; x_wconf 93' lang='lat' dir='ltr'>sic</span> <span class='ocrx_word' id='word_1_170' title='bbox 655 2679 715 2742; x_wconf 87' lang='lat' dir='ltr'>erit</span> <span class='ocrx_word' id='word_1_171' title='bbox 737 2683 770 2742; x_wconf 91' lang='lat' dir='ltr'>et</span> <span class='ocrx_word' id='word_1_172' title='bbox 791 2679 923 2744; x_wconf 88' lang='lat' dir='ltr'>ecclesia</span> <span class='ocrx_word' id='word_1_173' title='bbox 939 2679 997 2756; x_wconf 92' lang='lat' dir='ltr'>dei,</span> <span class='ocrx_word' id='word_1_174' title='bbox 1022 2682 1191 2763; x_wconf 87' lang='lat' dir='ltr'>postquam</span> <span class='ocrx_word' id='word_1_175' title='bbox 1206 2677 1296 2761; x_wconf 91' lang='lat' dir='ltr'>puri-</span> 
     </span>
     <span class='ocr_line' id='line_1_21' title="bbox 117 2779 1331 2866; baseline 0 -22"><span class='ocrx_word' id='word_1_176' title='bbox 117 2780 212 2845; x_wconf 85' lang='lat' dir='ltr'>ficata</span> <span class='ocrx_word' id='word_1_177' title='bbox 234 2784 283 2844; x_wconf 91' lang='lat' dir='ltr'>est</span> <span class='ocrx_word' id='word_1_178' title='bbox 306 2786 401 2865; x_wconf 90' lang='lat' dir='ltr'>atque</span> <span class='ocrx_word' id='word_1_179' title='bbox 424 2779 515 2845; x_wconf 91' lang='lat' dir='ltr'>eiecti</span> <span class='ocrx_word' id='word_1_180' title='bbox 546 2786 619 2847; x_wconf 89' lang='lat' dir='ltr'>sunt</span> <span class='ocrx_word' id='word_1_181' title='bbox 640 2782 718 2847; x_wconf 91' lang='lat' dir='ltr'>mali</span> <span class='ocrx_word' id='word_1_182' title='bbox 742 2787 774 2847; x_wconf 92' lang='lat' dir='ltr'>et</span> <span class='ocrx_word' id='word_1_183' title='bbox 795 2784 980 2866; x_wconf 84' lang='lat' dir='ltr'>hypocritae</span> <span class='ocrx_word' id='word_1_184' title='bbox 1012 2788 1044 2848; x_wconf 86' lang='lat' dir='ltr'>et</span> <span class='ocrx_word' id='word_1_185' title='bbox 1066 2781 1243 2866; x_wconf 80' lang='lat' dir='ltr'>blasphemi</span> <span class='ocrx_word' id='word_1_186' title='bbox 1265 2784 1298 2845; x_wconf 91' lang='lat' dir='ltr'>et</span> <span class='ocrx_word' id='word_1_187' title='bbox 1310 2799 1331 2838; x_wconf 75' lang='lat' dir='ltr'>a&lt;</span> 
     </span>
     <span class='ocr_line' id='line_1_22' title="bbox 118 2885 1298 2972; baseline 0.001 -24"><span class='ocrx_word' id='word_1_188' title='bbox 118 2885 206 2949; x_wconf 90' lang='lat' dir='ltr'>dubii</span> <span class='ocrx_word' id='word_1_189' title='bbox 228 2890 260 2949; x_wconf 94' lang='lat' dir='ltr'>et</span> <span class='ocrx_word' id='word_1_190' title='bbox 283 2886 337 2969; x_wconf 92' lang='lat' dir='ltr'>qui</span> <span class='ocrx_word' id='word_1_191' title='bbox 364 2886 508 2968; x_wconf 91' lang='lat' dir='ltr'>nequiter</span> <span class='ocrx_word' id='word_1_192' title='bbox 531 2892 632 2972; x_wconf 85' lang='lat' dir='ltr'>agunt</span> <span class='ocrx_word' id='word_1_193' title='bbox 660 2889 811 2972; x_wconf 89' lang='lat' dir='ltr'>nequitiis</span> <span class='ocrx_word' id='word_1_194' title='bbox 832 2888 936 2952; x_wconf 85' lang='lat' dir='ltr'>variis.</span> <span class='ocrx_word' id='word_1_195' title='bbox 983 2890 1013 2952; x_wconf 82' lang='lat'>4.</span> <span class='ocrx_word' id='word_1_196' title='bbox 1039 2886 1100 2963; x_wconf 86' lang='lat' dir='ltr'>Qui</span> <span class='ocrx_word' id='word_1_197' title='bbox 1127 2890 1298 2971; x_wconf 84' lang='lat' dir='ltr'>postquam</span> 
     </span>
     <span class='ocr_line' id='line_1_23' title="bbox 117 2990 1297 3077; baseline -0.002 -23"><span class='ocrx_word' id='word_1_198' title='bbox 117 2991 209 3054; x_wconf 88' lang='lat' dir='ltr'>eiecti</span> <span class='ocrx_word' id='word_1_199' title='bbox 232 2995 318 3067; x_wconf 85' lang='lat' dir='ltr'>sunt,</span> <span class='ocrx_word' id='word_1_200' title='bbox 352 2990 484 3056; x_wconf 87' lang='lat' dir='ltr'>ecclesia</span> <span class='ocrx_word' id='word_1_201' title='bbox 506 2992 557 3055; x_wconf 90' lang='lat' dir='ltr'>dei</span> <span class='ocrx_word' id='word_1_202' title='bbox 579 2992 642 3056; x_wconf 88' lang='lat' dir='ltr'>erit</span> <span class='ocrx_word' id='word_1_203' title='bbox 665 3016 763 3057; x_wconf 90' lang='lat' dir='ltr'>unum</span> <span class='ocrx_word' id='word_1_204' title='bbox 786 3015 920 3077; x_wconf 75' lang='lat' dir='ltr'>corpuS,</span> <span class='ocrx_word' id='word_1_205' title='bbox 944 3015 1008 3057; x_wconf 90' lang='lat' dir='ltr'>una</span> <span class='ocrx_word' id='word_1_206' title='bbox 1030 2990 1191 3076; x_wconf 81' lang='lat' dir='ltr'>cogitatio,</span> <span class='ocrx_word' id='word_1_207' title='bbox 1216 3012 1297 3053; x_wconf 86' lang='lat' dir='ltr'>unus</span> 
     </span>
     <span class='ocr_line' id='line_1_24' title="bbox 118 3093 1298 3171; baseline 0 -14"><span class='ocrx_word' id='word_1_208' title='bbox 118 3116 237 3170; x_wconf 85' lang='lat' dir='ltr'>sensus,</span> <span class='ocrx_word' id='word_1_209' title='bbox 263 3117 327 3158; x_wconf 90' lang='lat' dir='ltr'>nna</span> <span class='ocrx_word' id='word_1_210' title='bbox 349 3095 442 3171; x_wconf 89' lang='lat' dir='ltr'>fides,</span> <span class='ocrx_word' id='word_1_211' title='bbox 475 3117 539 3158; x_wconf 87' lang='lat' dir='ltr'>una</span> <span class='ocrx_word' id='word_1_212' title='bbox 561 3096 694 3170; x_wconf 80' lang='lat' dir='ltr'>caritas3</span> <span class='ocrx_word' id='word_1_213' title='bbox 731 3101 763 3160; x_wconf 93' lang='lat' dir='ltr'>et</span> <span class='ocrx_word' id='word_1_214' title='bbox 785 3101 860 3162; x_wconf 91' lang='lat' dir='ltr'>tunc</span> <span class='ocrx_word' id='word_1_215' title='bbox 882 3096 967 3160; x_wconf 91' lang='lat' dir='ltr'>filius</span> <span class='ocrx_word' id='word_1_216' title='bbox 998 3095 1048 3158; x_wconf 89' lang='lat' dir='ltr'>dei</span> <span class='ocrx_word' id='word_1_217' title='bbox 1071 3093 1243 3158; x_wconf 77' lang='lat' dir='ltr'>exsultabit</span> <span class='ocrx_word' id='word_1_218' title='bbox 1265 3098 1298 3157; x_wconf 88' lang='lat' dir='ltr'>et</span> 
     </span>
     <span class='ocr_line' id='line_1_25' title="bbox 117 3196 1294 3284; baseline -0.003 -22"><span class='ocrx_word' id='word_1_219' title='bbox 117 3198 290 3263; x_wconf 85' lang='lat' dir='ltr'>laetabitur</span> <span class='ocrx_word' id='word_1_220' title='bbox 322 3199 516 3277; x_wconf 88' lang='lat' dir='ltr'>interillos,</span> <span class='ocrx_word' id='word_1_221' title='bbox 551 3220 623 3263; x_wconf 88' lang='lat' dir='ltr'>cum</span> <span class='ocrx_word' id='word_1_222' title='bbox 651 3200 806 3284; x_wconf 89' lang='lat' dir='ltr'>populum</span> <span class='ocrx_word' id='word_1_223' title='bbox 837 3223 930 3266; x_wconf 88' lang='lat' dir='ltr'>snum</span> <span class='ocrx_word' id='word_1_224' title='bbox 958 3200 1110 3263; x_wconf 91' lang='lat' dir='ltr'>mundum</span> <span class='ocrx_word' id='word_1_225' title='bbox 1132 3196 1294 3278; x_wconf 85' lang='lat' dir='ltr'>receperit.</span> 
     </span>
     <span class='ocr_line' id='line_1_26' title="bbox 117 3300 1331 3388; baseline -0.002 -21"><span class='ocrx_word' id='word_1_226' title='bbox 117 3303 244 3387; x_wconf 82' lang='lat' dir='ltr'>Magne,</span> <span class='ocrx_word' id='word_1_227' title='bbox 267 3304 406 3386; x_wconf 88' lang='lat' dir='ltr'>inquam,</span> <span class='ocrx_word' id='word_1_228' title='bbox 430 3305 572 3381; x_wconf 91' lang='lat' dir='ltr'>domine,</span> <span class='ocrx_word' id='word_1_229' title='bbox 597 3309 629 3368; x_wconf 89' lang='lat' dir='ltr'>et</span> <span class='ocrx_word' id='word_1_230' title='bbox 652 3304 791 3388; x_wconf 88' lang='lat' dir='ltr'>gloriose</span> <span class='ocrx_word' id='word_1_231' title='bbox 814 3306 921 3370; x_wconf 90' lang='lat' dir='ltr'>omnia</span> <span class='ocrx_word' id='word_1_232' title='bbox 943 3327 977 3369; x_wconf 86' lang='lat' dir='ltr'>se</span> <span class='ocrx_word' id='word_1_233' title='bbox 998 3304 1126 3368; x_wconf 87' lang='lat' dir='ltr'>habent.</span> <span class='ocrx_word' id='word_1_234' title='bbox 1174 3304 1202 3367; x_wconf 87' lang='lat'>5.</span> <span class='ocrx_word' id='word_1_235' title='bbox 1228 3300 1296 3365; x_wconf 88' lang='lat' dir='ltr'>Ad·</span> <span class='ocrx_word' id='word_1_236' title='bbox 1310 3319 1331 3358; x_wconf 73' lang='lat'>22</span> 
     </span>
     <span class='ocr_line' id='line_1_27' title="bbox 116 3404 1297 3492; baseline -0.002 -22"><span class='ocrx_word' id='word_1_237' title='bbox 116 3407 188 3484; x_wconf 94' lang='lat' dir='ltr'>huc,</span> <span class='ocrx_word' id='word_1_238' title='bbox 212 3407 351 3490; x_wconf 91' lang='lat' dir='ltr'>inquam,</span> <span class='ocrx_word' id='word_1_239' title='bbox 376 3409 509 3483; x_wconf 90' lang='lat' dir='ltr'>domine,</span> <span class='ocrx_word' id='word_1_240' title='bbox 534 3408 598 3471; x_wconf 84' lang='lat' dir='ltr'>vim</span> <span class='ocrx_word' id='word_1_241' title='bbox 623 3412 654 3471; x_wconf 91' lang='lat' dir='ltr'>et</span> <span class='ocrx_word' id='word_1_242' title='bbox 677 3413 767 3472; x_wconf 88' lang='lat' dir='ltr'>actus</span> <span class='ocrx_word' id='word_1_243' title='bbox 782 3409 1027 3492; x_wconf 89' lang='lat' dir='ltr'>uniuscuiusque</span> <span class='ocrx_word' id='word_1_244' title='bbox 1049 3407 1202 3471; x_wconf 90' lang='lat' dir='ltr'>montium</span> <span class='ocrx_word' id='word_1_245' title='bbox 1218 3404 1297 3469; x_wconf 93' lang='lat' dir='ltr'>mihi</span> 
     </span>
     <span class='ocr_line' id='line_1_28' title="bbox 118 3511 1296 3590; baseline -0.002 -15"><span class='ocrx_word' id='word_1_246' title='bbox 118 3513 307 3589; x_wconf 87' lang='lat' dir='ltr'>demonstra,</span> <span class='ocrx_word' id='word_1_247' title='bbox 331 3515 368 3575; x_wconf 89' lang='lat' dir='ltr'>ut</span> <span class='ocrx_word' id='word_1_248' title='bbox 389 3512 490 3576; x_wconf 92' lang='lat' dir='ltr'>omnis</span> <span class='ocrx_word' id='word_1_249' title='bbox 514 3511 620 3575; x_wconf 86' lang='lat' dir='ltr'>anima</span> <span class='ocrx_word' id='word_1_250' title='bbox 643 3513 804 3578; x_wconf 87' lang='lat' dir='ltr'>confidens</span> <span class='ocrx_word' id='word_1_251' title='bbox 820 3515 853 3577; x_wconf 91' lang='lat' dir='ltr'>in</span> <span class='ocrx_word' id='word_1_252' title='bbox 877 3514 1002 3578; x_wconf 92' lang='lat' dir='ltr'>domino</span> <span class='ocrx_word' id='word_1_253' title='bbox 1018 3512 1127 3576; x_wconf 87' lang='lat' dir='ltr'>audiat</span> <span class='ocrx_word' id='word_1_254' title='bbox 1149 3514 1180 3575; x_wconf 84' lang='lat' dir='ltr'>et</span> <span class='ocrx_word' id='word_1_255' title='bbox 1192 3513 1296 3590; x_wconf 73' lang='lat' dir='ltr'>plen·-</span> 
     </span>
     <span class='ocr_line' id='line_1_29' title="bbox 115 3613 1296 3701; baseline -0.002 -23"><span class='ocrx_word' id='word_1_256' title='bbox 115 3617 192 3695; x_wconf 83' lang='lat' dir='ltr'>ficet</span> <span class='ocrx_word' id='word_1_257' title='bbox 214 3635 368 3697; x_wconf 60' lang='lat' dir='ltr'>mannum</span> <span class='ocrx_word' id='word_1_258' title='bbox 392 3624 425 3680; x_wconf 78' lang='lat' dir='ltr'>et</span> <span class='ocrx_word' id='word_1_259' title='bbox 439 3617 594 3680; x_wconf 79' lang='lat' dir='ltr'>mirabile</span> <span class='ocrx_word' id='word_1_260' title='bbox 619 3620 651 3678; x_wconf 88' lang='lat' dir='ltr'>et</span> <span class='ocrx_word' id='word_1_261' title='bbox 668 3615 842 3701; x_wconf 87' lang='lat' dir='ltr'>gloriosum</span> <span class='ocrx_word' id='word_1_262' title='bbox 865 3637 983 3681; x_wconf 83' lang='lat' dir='ltr'>nomen</span> <span class='ocrx_word' id='word_1_263' title='bbox 1000 3622 1081 3680; x_wconf 75' lang='lat' dir='ltr'>etue.</span> <span class='ocrx_word' id='word_1_264' title='bbox 1127 3613 1222 3691; x_wconf 89' lang='lat' dir='ltr'>Audi,</span> <span class='ocrx_word' id='word_1_265' title='bbox 1245 3613 1296 3676; x_wconf 91' lang='lat' dir='ltr'>in·</span> 
     </span>
     <span class='ocr_line' id='line_1_30' title="bbox 118 3720 1023 3802; baseline 0 -19"><span class='ocrx_word' id='word_1_266' title='bbox 118 3720 196 3802; x_wconf 91' lang='lat' dir='ltr'>quit,</span> <span class='ocrx_word' id='word_1_267' title='bbox 219 3721 405 3785; x_wconf 88' lang='lat' dir='ltr'>varietatem</span> <span class='ocrx_word' id='word_1_268' title='bbox 426 3720 583 3784; x_wconf 91' lang='lat' dir='ltr'>montium</span> <span class='ocrx_word' id='word_1_269' title='bbox 608 3723 640 3783; x_wconf 92' lang='lat' dir='ltr'>et</span> <span class='ocrx_word' id='word_1_270' title='bbox 663 3721 829 3785; x_wconf 89' lang='lat' dir='ltr'>duodecim</span> <span class='ocrx_word' id='word_1_271' title='bbox 850 3722 1023 3786; x_wconf 86' lang='lat' dir='ltr'>nationum.</span> 
     </span>
    </p>

    <p class='ocr_par' dir='ltr' id='par_1_4' title="bbox 207 3822 1331 3911">
     <span class='ocr_line' id='line_1_31' title="bbox 207 3822 1331 3911; baseline -0.007 -20"><span class='ocrx_word' id='word_1_272' title='bbox 207 3822 269 3891; x_wconf 84' lang='lat'>19.</span> <span class='ocrx_word' id='word_1_273' title='bbox 294 3827 344 3891; x_wconf 93' lang='lat' dir='ltr'>De</span> <span class='ocrx_word' id='word_1_274' title='bbox 374 3827 477 3911; x_wconf 92' lang='lat' dir='ltr'>primo</span> <span class='ocrx_word' id='word_1_275' title='bbox 500 3831 607 3890; x_wconf 90' lang='lat' dir='ltr'>monte</span> <span class='ocrx_word' id='word_1_276' title='bbox 634 3826 727 3910; x_wconf 88' lang='lat' dir='ltr'>nigro</span> <span class='ocrx_word' id='word_1_277' title='bbox 761 3827 815 3911; x_wconf 90' lang='lat' dir='ltr'>qui</span> <span class='ocrx_word' id='word_1_278' title='bbox 845 3826 1059 3903; x_wconf 86' lang='lat' dir='ltr'>crediderunt,</span> <span class='ocrx_word' id='word_1_279' title='bbox 1093 3822 1174 3886; x_wconf 84' lang='lat' dir='ltr'>tales</span> <span class='ocrx_word' id='word_1_280' title='bbox 1203 3824 1295 3886; x_wconf 90' lang='lat' dir='ltr'>sunt:</span> <span class='ocrx_word' id='word_1_281' title='bbox 1311 3840 1331 3878; x_wconf 73' lang='lat' dir='ltr'>st</span> 
     </span>
    </p>
   </div>
   <div class='ocr_carea' id='block_1_3' title="bbox 190 3995 654 4061">
    <p class='ocr_par' dir='ltr' id='par_1_5' title="bbox 190 3995 654 4061">
     <span class='ocr_line' id='line_1_32' title="bbox 190 3995 654 4061; baseline -0.006 -12"><span class='ocrx_word' id='word_1_282' title='bbox 190 3996 224 4049; x_wconf 85' lang='grc'>29</span> <span class='ocrx_word' id='word_1_283' title='bbox 242 3997 286 4049; x_wconf 86' lang='lat' dir='ltr'>Ps.</span> <span class='ocrx_word' id='word_1_284' title='bbox 306 3995 330 4059; x_wconf 89' lang='lat'>8,</span> <span class='ocrx_word' id='word_1_285' title='bbox 349 3995 380 4059; x_wconf 80' lang='lat'>2;</span> <span class='ocrx_word' id='word_1_286' title='bbox 400 3997 440 4061; x_wconf 83' lang='lat'>85,</span> <span class='ocrx_word' id='word_1_287' title='bbox 459 3998 483 4050; x_wconf 85' lang='grc'>9.</span> <span class='ocrx_word' id='word_1_288' title='bbox 507 3998 551 4059; x_wconf 88' lang='grc'>12;</span> <span class='ocrx_word' id='word_1_289' title='bbox 569 3997 610 4060; x_wconf 86' lang='grc'>98,</span> <span class='ocrx_word' id='word_1_290' title='bbox 630 3995 654 4049; x_wconf 79' lang='grc'>8.</span> 
     </span>
    </p>
   </div>
   <div class='ocr_carea' id='block_1_4' title="bbox 117 4127 1297 4641">
    <p class='ocr_par' dir='ltr' id='par_1_6' title="bbox 117 4127 1297 4641">
     <span class='ocr_line' id='line_1_33' title="bbox 152 4127 1225 4207; baseline -0.006 -18"><span class='ocrx_word' id='word_1_291' title='bbox 152 4135 176 4186; x_wconf 83' lang='grc'>5.</span> <span class='ocrx_word' id='word_1_292' title='bbox 198 4133 376 4191; x_wconf 72' lang='grc' dir='ltr'>εἰσελθεῖν..</span> <span class='ocrx_word' id='word_1_293' title='bbox 396 4132 593 4207; x_wconf 72' lang='grc' dir='ltr'>ἐξεβλήθησαν]</span> <span class='ocrx_word' id='word_1_294' title='bbox 614 4132 656 4188; x_wconf 80' lang='lat' dir='ltr'>cf.</span> <span class='ocrx_word' id='word_1_295' title='bbox 670 4131 693 4185; x_wconf 72' lang='lat' dir='ltr'>cl</span> <span class='ocrx_word' id='word_1_296' title='bbox 705 4133 708 4203; x_wconf 71' lang='lat' dir='ltr'>l</span> <span class='ocrx_word' id='word_1_297' title='bbox 720 4132 785 4195; x_wconf 91' lang='lat' dir='ltr'>Dei;</span> <span class='ocrx_word' id='word_1_298' title='bbox 807 4133 842 4186; x_wconf 88' lang='lat' dir='ltr'>cf.</span> <span class='ocrx_word' id='word_1_299' title='bbox 861 4148 884 4186; x_wconf 87' lang='lat' dir='ltr'>c.</span> <span class='ocrx_word' id='word_1_300' title='bbox 904 4132 927 4195; x_wconf 86' lang='lat'>5,</span> <span class='ocrx_word' id='word_1_301' title='bbox 947 4131 977 4193; x_wconf 73' lang='lat'>23</span> <span class='ocrx_word' id='word_1_302' title='bbox 996 4130 1020 4191; x_wconf 85' lang='grc'>6,</span> <span class='ocrx_word' id='word_1_303' title='bbox 1040 4131 1122 4190; x_wconf 78' lang='lat'><strong>3—53</strong></span> <span class='ocrx_word' id='word_1_304' title='bbox 1143 4128 1183 4190; x_wconf 88' lang='lat'>10,</span> <span class='ocrx_word' id='word_1_305' title='bbox 1201 4127 1225 4180; x_wconf 82' lang='grc'>4.</span> 
     </span>
     <span class='ocr_line' id='line_1_34' title="bbox 120 4213 1296 4292; baseline -0.008 -18"><span class='ocrx_word' id='word_1_306' title='bbox 120 4222 158 4283; x_wconf 91' lang='grc'>13,</span> <span class='ocrx_word' id='word_1_307' title='bbox 179 4221 203 4273; x_wconf 87' lang='grc'>3.</span> <span class='ocrx_word' id='word_1_308' title='bbox 223 4221 300 4274; x_wconf 86' lang='grc'>6-9.</span> <span class='ocrx_word' id='word_1_309' title='bbox 319 4252 353 4259; x_wconf 95' lang='grc'>-</span> <span class='ocrx_word' id='word_1_310' title='bbox 376 4220 511 4292; x_wconf 74' lang='grc' dir='ltr'><strong><em>χείρονες]</em></strong></span> <span class='ocrx_word' id='word_1_311' title='bbox 529 4219 571 4273; x_wconf 89' lang='grc'>01.</span> <span class='ocrx_word' id='word_1_312' title='bbox 591 4218 692 4272; x_wconf 85' lang='lat' dir='ltr'>Matth.</span> <span class='ocrx_word' id='word_1_313' title='bbox 753 4221 778 4274; x_wconf 80' lang='lat'>4.</span> <span class='ocrx_word' id='word_1_314' title='bbox 797 4220 867 4276; x_wconf 83' lang='grc' dir='ltr'><em>λαὸν</em></span> <span class='ocrx_word' id='word_1_315' title='bbox 884 4216 1023 4290; x_wconf 75' lang='grc' dir='ltr'>καθαρόν]</span> <span class='ocrx_word' id='word_1_316' title='bbox 1050 4216 1091 4270; x_wconf 90' lang='grc'>01.</span> <span class='ocrx_word' id='word_1_317' title='bbox 1110 4214 1174 4284; x_wconf 84' lang='lat' dir='ltr'>Sap.</span> <span class='ocrx_word' id='word_1_318' title='bbox 1196 4215 1234 4277; x_wconf 92' lang='grc'>10,</span> <span class='ocrx_word' id='word_1_319' title='bbox 1255 4213 1296 4266; x_wconf 83' lang='grc'>15.</span> 
     </span>
     <span class='ocr_line' id='line_1_35' title="bbox 119 4301 1297 4371; baseline -0.004 -12"><span class='ocrx_word' id='word_1_320' title='bbox 119 4306 159 4369; x_wconf 91' lang='grc'>12,</span> <span class='ocrx_word' id='word_1_321' title='bbox 178 4308 225 4368; x_wconf 79' lang='lat'>45;</span> <span class='ocrx_word' id='word_1_322' title='bbox 244 4307 270 4359; x_wconf 94' lang='lat' dir='ltr'>II</span> <span class='ocrx_word' id='word_1_323' title='bbox 288 4308 362 4361; x_wconf 86' lang='lat' dir='ltr'>Petr.</span> <span class='ocrx_word' id='word_1_324' title='bbox 383 4308 406 4371; x_wconf 87' lang='lat'>2,</span> <span class='ocrx_word' id='word_1_325' title='bbox 426 4307 467 4362; x_wconf 91' lang='grc'>20.</span> <span class='ocrx_word' id='word_1_326' title='bbox 721 4305 876 4361; x_wconf 80' lang='lat' dir='ltr'>Christiani</span> <span class='ocrx_word' id='word_1_327' title='bbox 893 4304 940 4357; x_wconf 90' lang='lat' dir='ltr'>hic</span> <span class='ocrx_word' id='word_1_328' title='bbox 958 4301 1078 4356; x_wconf 84' lang='lat' dir='ltr'>eeclesia</span> <span class='ocrx_word' id='word_1_329' title='bbox 1089 4301 1142 4355; x_wconf 90' lang='lat' dir='ltr'>Dei</span> <span class='ocrx_word' id='word_1_330' title='bbox 1162 4305 1190 4356; x_wconf 86' lang='lat' dir='ltr'>et</span> <span class='ocrx_word' id='word_1_331' title='bbox 1207 4318 1297 4370; x_wconf 91' lang='lat' dir='ltr'>popu·</span> 
     </span>
     <span class='ocr_line' id='line_1_36' title="bbox 153 4389 1111 4463; baseline -0.008 -15"><span class='ocrx_word' id='word_1_332' title='bbox 153 4395 195 4458; x_wconf 86' lang='grc'>18,</span> <span class='ocrx_word' id='word_1_333' title='bbox 215 4394 239 4446; x_wconf 90' lang='grc'>2.</span> <span class='ocrx_word' id='word_1_334' title='bbox 259 4394 298 4461; x_wconf 79' lang='grc' dir='ltr'>εἰς</span> <span class='ocrx_word' id='word_1_335' title='bbox 316 4394 451 4463; x_wconf 78' lang='grc' dir='ltr'><strong><em>θάνατον]</em></strong></span> <span class='ocrx_word' id='word_1_336' title='bbox 472 4394 515 4449; x_wconf 96' lang='grc'>01.</span> <span class='ocrx_word' id='word_1_337' title='bbox 529 4393 594 4448; x_wconf 85' lang='lat' dir='ltr'>Sim.</span> <span class='ocrx_word' id='word_1_338' title='bbox 608 4393 655 4457; x_wconf 91' lang='lat' dir='ltr'>VI,</span> <span class='ocrx_word' id='word_1_339' title='bbox 669 4395 693 4458; x_wconf 89' lang='grc'>2,</span> <span class='ocrx_word' id='word_1_340' title='bbox 721 4391 763 4447; x_wconf 88' lang='lat' dir='ltr'>lus</span> <span class='ocrx_word' id='word_1_341' title='bbox 781 4391 832 4445; x_wconf 89' lang='lat' dir='ltr'>filii</span> <span class='ocrx_word' id='word_1_342' title='bbox 850 4390 902 4444; x_wconf 90' lang='lat' dir='ltr'>Dei</span> <span class='ocrx_word' id='word_1_343' title='bbox 921 4389 1111 4443; x_wconf 86' lang='lat' dir='ltr'>nominantur.</span> 
     </span>
     <span class='ocr_line' id='line_1_37' title="bbox 117 4475 1268 4550; baseline -0.003 -16"><span class='ocrx_word' id='word_1_344' title='bbox 117 4483 194 4535; x_wconf 81' lang='lat'>2-4.</span> <span class='ocrx_word' id='word_1_345' title='bbox 213 4510 247 4521; x_wconf 92' lang='lat'>-</span> <span class='ocrx_word' id='word_1_346' title='bbox 267 4480 377 4550; x_wconf 82' lang='grc' dir='ltr'>δισσῶς]</span> <span class='ocrx_word' id='word_1_347' title='bbox 405 4479 446 4533; x_wconf 88' lang='grc'>01.</span> <span class='ocrx_word' id='word_1_348' title='bbox 466 4479 492 4533; x_wconf 92' lang='lat'>11</span> <span class='ocrx_word' id='word_1_349' title='bbox 510 4480 583 4533; x_wconf 88' lang='lat' dir='ltr'>Petr.</span> <span class='ocrx_word' id='word_1_350' title='bbox 603 4480 631 4542; x_wconf 85' lang='lat'>2,</span> <span class='ocrx_word' id='word_1_351' title='bbox 651 4479 694 4533; x_wconf 81' lang='lat'>20.</span> <span class='ocrx_word' id='word_1_352' title='bbox 756 4480 780 4532; x_wconf 87' lang='lat'>5.</span> <span class='ocrx_word' id='word_1_353' title='bbox 799 4478 902 4548; x_wconf 76' lang='grc' dir='ltr'><strong><em>δοξάσῃ</em></strong></span> <span class='ocrx_word' id='word_1_354' title='bbox 918 4476 989 4545; x_wconf 69' lang='lat' dir='ltr'>xvh]</span> <span class='ocrx_word' id='word_1_355' title='bbox 1008 4475 1050 4530; x_wconf 90' lang='grc'>01.</span> <span class='ocrx_word' id='word_1_356' title='bbox 1070 4475 1129 4528; x_wconf 83' lang='lat' dir='ltr'>Vis.</span> <span class='ocrx_word' id='word_1_357' title='bbox 1148 4475 1182 4540; x_wconf 88' lang='grc' dir='ltr'>ΙΙ,</span> <span class='ocrx_word' id='word_1_358' title='bbox 1203 4478 1225 4539; x_wconf 94' lang='grc'>1,</span> <span class='ocrx_word' id='word_1_359' title='bbox 1244 4477 1268 4530; x_wconf 85' lang='grc'>2.</span> 
     </span>
     <span class='ocr_line' id='line_1_38' title="bbox 117 4562 1296 4641; baseline -0.003 -20"><span class='ocrx_word' id='word_1_360' title='bbox 117 4569 159 4624; x_wconf 91' lang='grc'>21.</span> <span class='ocrx_word' id='word_1_361' title='bbox 178 4599 213 4608; x_wconf 92' lang='grc'>-</span> <span class='ocrx_word' id='word_1_362' title='bbox 229 4566 479 4641; x_wconf 60' lang='lat' dir='ltr'>auennensem]</span> <span class='ocrx_word' id='word_1_363' title='bbox 493 4564 693 4633; x_wconf 80' lang='lat' dir='ltr'>sepertilium</span> <span class='ocrx_word' id='word_1_364' title='bbox 755 4566 800 4619; x_wconf 78' lang='grc'>19.</span> <span class='ocrx_word' id='word_1_365' title='bbox 837 4562 940 4633; x_wconf 87' lang='lat' dir='ltr'>lncipit</span> <span class='ocrx_word' id='word_1_366' title='bbox 973 4563 1126 4633; x_wconf 87' lang='lat' dir='ltr'>explicatio</span> <span class='ocrx_word' id='word_1_367' title='bbox 1156 4562 1296 4620; x_wconf 86' lang='lat' dir='ltr'>montium</span> 
     </span>
    </p>
   </div>
   <div class='ocr_carea' id='block_1_5' title="bbox 0 0 1422 5018">
    <p class='ocr_par' dir='ltr' id='par_1_7' title="bbox 0 0 1422 5018">
     <span class='ocr_line' id='line_1_39' title="bbox 0 0 1422 5018; baseline 0 0"><span class='ocrx_word' id='word_1_368' title='bbox 0 0 1422 5018; x_wconf 95' lang='lat' dir='ltr'> </span> 
     </span>
    </p>
   </div>
  </div>
 </body>
</html>
