2834 5018
197 331 260 397 242
615 322 952 380 raulrnurisrunl

197 503 339 584 ἔρρωσθε
362 498 394 563 ἐν
417 497 545 583 ὁμονοίᾳ
567 501 645 564 θεοῦ
668 497 851 582 κεκτημένοι
874 499 1049 581 ἀδιάκριτον
1074 508 1206 582 πνεῦμα,
1230 501 1263 573 ὅς
1288 497 1370 563 ἐστιν

197 605 318 690 Ἰησοῦς
339 603 482 685 Χριστός.

575 1316 803 1368 ΤΡΑΛΛΙΑΝΟΙΣ
822 1316 988 1367 ΙΓΝΔΤΙΟΣ.

283 1492 446 1578 Ἰγνάτιος,
479 1492 571 1555 δκαί
599 1490 774 1573 Θεοφδρος,
807 1489 991 1574 ἠγαπημένη
1023 1492 1108 1571 θεῷ,
1141 1491 1233 1572 πατρί
1264 1488 1366 1574 Ἰησοῦ

168 1623 181 1661 ι
324 1595 471 1681 Χριστοῦ,
495 1595 648 1681 ἐκκλησίᾳ
670 1595 745 1679 ἁγίᾳ
767 1605 805 1679 τῷ
828 1598 905 1679 οῦση
929 1595 960 1659 ἐν
977 1593 1149 1677 Τράλλεσιν
1173 1604 1228 1679 της
1251 1593 1365 1674 Ἀσίας,

325 1701 459 1785 ἐκλεκτη
487 1703 540 1764 καί
563 1699 717 1784 ἀξιοθέῳ,
742 1700 940 1784 εἰρηνευοῦση
963 1699 995 1763 ἐν
1020 1701 1111 1781 σαρκί
1136 1701 1188 1762 καί
1217 1700 1364 1784 πνεύματι

323 1815 367 1890 τῷ
389 1807 488 1872 πάθει
512 1802 615 1889 Ἰησοῦ
630 1802 777 1886 Χριστοῦ,
800 1814 855 1888 τῆς
878 1804 1001 1877 ἐλπίδος
1022 1804 1111 1887 ημῶν
1135 1803 1166 1867 ἐν
1190 1815 1229 1889 τῷ
1252 1805 1295 1881 εἰς
1311 1805 1364 1867 αὐ·

323 1913 376 1974 τδν
404 1910 588 1974 ἀναστάσει·
621 1910 659 1993 ῆν
687 1910 740 1971 καί
771 1908 950 1991 ἀσπάζομαι
982 1908 1014 1972 ἐν
1046 1917 1089 1992 τῷ
1119 1907 1303 1993 πληρώματι
1333 1908 1363 1972 ἐν

325 2014 521 2097 άποστολικῷ
545 2024 717 2098 χαρακτῆρι
740 2015 793 2076 καί
817 2016 946 2097 εὔχομαι
969 2013 1099 2076 πλεῖστα
1122 2013 1251 2097 χαίρειν.

155 2148 180 2184 10
279 2123 304 2188 Ι.
328 2120 479 2203 Ἀμωμον
502 2119 714 2184 διάνοιανκαὶ
738 2118 914 2199 ἀδιάκριτον
946 2116 978 2178 ἐν
1001 2117 1141 2200 ὑπομονῇ
1164 2118 1264 2201 ἐγνων
1287 2119 1364 2202 ὑμᾶς

193 2227 322 2309 ἔχοντας
345 2226 380 2287 οὐ
402 2226 485 2286 κατὰ
507 2233 633 2308 χρῆσιν,
664 2221 746 2285 ἀλλά
769 2224 851 2284 κατὰ
874 2220 975 2303 φύσιν,
998 2223 1109 2296 καθὼς
1133 2219 1291 2303 ἐδήλωσέν
1315 2243 1363 2306 μοι

192 2329 363 2415 Πολύβιος,
392 2328 409 2391 ὁ
432 2328 599 2403 ἐπίσκοπος
621 2328 725 2411 ὑμῶν,
758 2328 791 2402 ὃς
814 2325 1000 2410 παρεγίνετο
1029 2324 1185 2407 θελήματι
1208 2327 1288 2391 θεοῦ
1310 2327 1362 2389 καί

193 2433 296 2518 Ἰησοῦ
319 2432 455 2516 Χριστοῦ
479 2432 511 2496 ἐν
534 2431 659 2517 Σμύρνη
691 2433 743 2494 καί
767 2433 864 2506 οὕτως
888 2452 938 2513 μοι
971 2430 1125 2514 συνεχάρη
1154 2428 1308 2514 δεδεμένῳ
1332 2430 1363 2493 ἐν

192 2534 318 2619 Χριστῷ
342 2535 456 2620 Ἰησοῦ,
481 2537 561 2598 ὥστε
584 2556 622 2620 με
644 2537 679 2598 τδ
701 2544 763 2598 πᾶν
786 2534 910 2618 πλῆθος
937 2534 1022 2616 ὑμῶν
1046 2533 1078 2596 ἐν
1103 2535 1187 2617 αὐτῷ
1211 2536 1363 2618 θεωρεῖσ-

154 2663 180 2702 ιι
193 2643 260 2706 θαι.
306 2645 335 2706 2.
360 2638 588 2722 ἀποδεξάμενος
611 2637 665 2702 οὖν
687 2641 742 2722 τὴν
765 2642 847 2701 κατὰ
870 2640 946 2705 θεὸν
971 2641 1092 2702 εὔνοιαν
1115 2637 1155 2701 δι’
1178 2640 1276 2702 αὐτοῦ
1299 2638 1363 2703 ἐδό-

193 2743 284 2825 ξασα,
309 2744 407 2827 εὑρὼν
430 2744 519 2827 ὑμᾶς,
543 2744 585 2819 ὡς
608 2745 716 2827 ἔγνων,
739 2746 871 2828 μιμητάς
894 2745 985 2818 ὄντας
1007 2745 1096 2808 θεοῦ.

279 2851 318 2916 Π.
343 2849 442 2917 Ὅταν
466 2850 527 2933 γάρ
550 2856 593 2931 τῷ
617 2848 776 2932 ἐπισκόπῳ
800 2848 1025 2931 ὑποτάσσησθε
1048 2846 1090 2921 ὡς
1107 2845 1211 2931 Ἰησοῦ
1227 2844 1363 2930 Χριστῷ,

194 2952 347 3036 φαίνεσθέ
384 2975 435 3038 μοι
464 2953 500 3015 οὐ
532 2954 614 3015 κατά
645 2954 813 3034 ἄνθρωπον
847 2953 977 3030 ζῶντες,
1012 2949 1094 3012 ἀλλὰ
1128 2952 1211 3012 κατὰ
1244 2949 1363 3036 Ἰησοῦν

252 3107 448 3181 1διάκριτον6
464 3107 468 3176 ί
484 3107 631 3179 Maeotae
639 3123 644 3157 :
652 3104 779 3177 †valeta
790 3105 899 3167 fratres,
911 3122 993 3160 amen
1002 3108 1034 3170 Α,
1043 3108 1147 3160 subscr.
1160 3112 1364 3180 Μαγνησιεῦσιν

193 3197 217 3251 G
233 3196 237 3266 Ι
253 3196 269 3249 3
285 3200 446 3269 Τραλιανοῖς
456 3194 487 3255 G,
499 3192 631 3246 Tralcsiis
642 3191 671 3255 L,
683 3191 837 3246 similitert
853 3193 857 3262 Ι
874 3192 1009 3266 Ἰγνάτιος
1019 3193 1065 3247 GL
1078 3212 1084 3245 :
1097 3196 1165 3262 >A
1181 3195 1185 3263 Ι
1201 3195 1363 3265 caveam

192 3303 211 3354 g
230 3283 265 3337 cf.
284 3282 355 3352 Eph.
376 3282 445 3344 10,3
462 3284 520 3334 not.
535 3298 541 3332 ε
554 3276 648 3349 αἵματι
668 3279 714 3334 GL
732 3281 776 3352 Η-
788 3281 843 3343 null
856 3282 881 3335 A
896 3283 931 3350 17
952 3289 991 3356 τῷ
1010 3281 1094 3339 πάθει
1105 3283 1141 3347 >
1152 3282 1198 3351 ΑΙ
1216 3285 1247 3338 11
1268 3284 1362 3355 φύσινι

191 3382 325 3440 κτῆσινη
349 3369 353 3440 Ι
380 3369 412 3423 14
431 3372 543 3441 Χριστῷ
571 3366 663 3436 Ἰησοῦ
682 3367 748 3438 Lug
766 3386 772 3420 ι
790 3369 882 3438 Ἰησοῦ
900 3372 952 3441 Χρ.
973 3369 997 3422 G
1022 3368 1026 3438 Ι
1054 3368 1130 3433 14115
1149 3369 1362 3444 θεωρεῖσθαιθ

190 3457 278 3527 (cta)
292 3475 298 3508 ι
312 3461 451 3529 θεωρῆσαι
470 3474 489 3525 g
507 3453 610 3523 Lightf.
628 3455 632 3524 Ι
650 3455 727 3520 15116
745 3450 860 3523 ἔδοξασα
873 3455 921 3507 LA
939 3455 984 3523 (-1-
998 3453 1147 3508 Dominum
1167 3471 1262 3510 meum
1273 3456 1363 3512 Iesum

192 3543 345 3612 Christum)
359 3561 365 3595 :
378 3538 459 3610 ἔδοξα
479 3540 523 3610 Gg
546 3542 550 3611 ί
578 3543 609 3594 18
627 3541 698 3597 κατὰ
722 3537 875 3615 ιίνθριοπσν
895 3542 939 3611 Gg
953 3541 1025 3595 Dani
1039 3561 1045 3594 τ
1058 3542 1129 3599 κατὰ
1154 3541 1327 3615 ἀνθρώπους
1343 3543 1364 3598 1.

192 3630 244 3684 Sev
263 3631 340 3685 Zahn
358 3630 472 3701 Lightf„
490 3629 521 3681 in
539 3645 653 3697 corpore
673 3628 706 3682 Sl*
721 3631 746 3682 A

225 3751 310 3805 Inacr.
328 3751 500 3825 πληρώματι]
521 3749 611 3804 Smith
629 3750 702 3803 hanc
714 3767 759 3804 νο·
773 3752 865 3822 lurore
877 3751 1070 3821 apostolorum
1087 3748 1129 3818 (ἐν
1141 3750 1187 3807 ἀπ.
1199 3755 1363 3826 χαρακτῆρι)

191 3854 250 3892 cem
271 3839 305 3894 de
334 3839 518 3894 universitate
547 3837 761 3903 Trallianorum,
789 3840 823 3892 cf.
844 3840 921 3894 Rom.
942 3841 964 3903 1,
985 3840 1013 3902 73
1042 3839 1134 3893 lOor.
1157 3842 1178 3903 1,
1199 3840 1229 3901 3;
1258 3840 1284 3894 11
1303 3840 1364 3895 Cor.

192 3927 304 3981 Bunsen
333 3928 367 3981 de
400 3925 577 3996 plenitudine
611 3925 762 3995 potestatis
791 3930 813 3991 1,
832 3929 862 3989 2;
892 3927 951 3982 Gal.
974 3929 995 3989 1,
1015 3926 1031 3980 3
1050 3930 1102 3980 etc.
1140 3926 1254 3981 Nirachl
1272 3927 1365 3984 locum

192 4014 409 4076 ecclesiasticae,
429 4030 514 4081 quam
527 4012 627 4066 habuit
639 4014 706 4082 Igu,
720 4012 761 4065 in-
791 4014 824 4066 de
845 4014 953 4083 gratiae
966 4012 1143 4083 plenitudine
1163 4017 1191 4068 et
1206 4017 1364 4085 apostolico

191 4098 308 4154 tellexit.
353 4101 466 4155 Rectius
496 4116 557 4154 eam
587 4100 623 4154 de
653 4099 763 4168 gratiae
790 4101 950 4155 charactere
964 4099 1095 4169 explicat,
1111 4117 1196 4167 quem
1208 4102 1310 4157 habuit
1322 4118 1364 4156 ee·

192 4185 367 4253 plenitudine
405 4188 639 4256 interpretamur,
678 4203 763 4254 quam
790 4187 876 4240 alesia
895 4187 1108 4243 Trallianorum.
1146 4187 1205 4242 Alii
1229 4191 1318 4245 verba
1335 4188 1365 4247 ἐν

192 4271 320 4341 ignatius
350 4273 499 4327 Trallianis
530 4275 697 4344 deprecatur
728 4272 762 4326 de
789 4272 887 4332 ἀποστ.
913 4288 1066 4350 χαρακτῆρι
1100 4274 1193 4329 minua
1222 4282 1301 4332 reete
1329 4277 1366 4331 ad
