2834 5018
337 691 470 746 ΡΑΡΙΑΙΙ
488 690 716 748 FRAGMENTA
735 692 781 756 xl,
800 692 913 757 2-Xll,
933 694 957 749 2.
1171 697 1236 762 369

56 872 214 937 Manaimi
239 893 256 936 c
278 871 411 936 mortuis
443 871 662 936 resuscitatam
691 871 808 949 fuisse;
841 892 912 947 eos,
944 871 1040 954 quia
1070 871 1237 936 Christos

55 977 196 1041 mortuis
219 975 400 1040 resuscitati
422 980 521 1052 erant,
545 996 644 1058 usque
668 976 708 1040 ad
729 976 885 1040 Hadriani
907 980 1034 1059 tempus
1056 976 1182 1042 vixisse.

612 1113 685 1178 XII.

150 1239 176 1300 1.
202 1237 281 1304 Post
304 1236 525 1301 Domitianum
548 1237 693 1320 regnauit
716 1257 813 1299 unum
836 1258 953 1299 annum
968 1234 1083 1312 Nerva,
1108 1236 1162 1319 qui
1184 1235 1237 1299 Io·

57 1365 174 1407 annem
199 1341 366 1405 advocavit
389 1363 427 1405 ex
449 1341 554 1405 insula
577 1341 773 1424 dimisitque,
806 1339 992 1423 permittens
1023 1362 1094 1403 eum
1116 1339 1263 1423 Ephesis

56 1447 216 1511 habitare.
265 1444 358 1511 Solus
381 1451 458 1511 tunc
486 1446 553 1510 vita
575 1451 740 1531 supererat
771 1467 808 1508 ex
830 1443 891 1508 ΧΠ
914 1444 1075 1528 discipulis
1106 1449 1138 1508 et
1160 1465 1235 1507 con-

56 1551 177 1635 scripto
200 1551 394 1634 Evangelio,
428 1551 512 1636 quod
535 1556 583 1616 est
605 1551 776 1615 seeundum
798 1550 919 1633 ipsum,
949 1549 1100 1632 martyrio
1123 1549 1237 1633 dignus

56 1656 162 1720 factus
186 1661 242 1719 est.
288 1658 319 1719 2.
343 1655 459 1740 Papias
491 1656 576 1720 enim
598 1655 784 1740 Hierapolis
808 1654 990 1738 episcopus,
1015 1653 1070 1737 qui
1092 1653 1126 1716 id
1147 1651 1235 1728 vidit,

56 1760 196 1824 secundo
213 1759 441 1823 dominicorum
458 1761 657 1826 oraculomm
674 1760 756 1825 libro
780 1759 856 1824 dicit
871 1781 942 1822 eum
966 1757 1122 1822 aIudaeis
1137 1757 1236 1821 inter·

56 1881 154 1930 mento
184 1877 301 1929 exeunte
329 1876 481 1931 Eusebium
506 1881 635 1948 proferat
647 1888 649 1923 Ι
663 1878 773 1949 Fragm.
794 1878 828 1940 ΙΙ,
848 1877 875 1945 2)
893 1878 1002 1930 mutare
1020 1876 1123 1945 potuit,
1143 1876 1172 1928 et
1188 1892 1236 1929 no·

56 1964 221 2025 testantem,
241 1962 374 2017 loannem
391 1963 497 2033 Ephesi
522 1966 634 2019 defune-
661 1982 726 2018 men
754 1968 891 2038 θεολόγος
909 1963 936 2019 ei
958 1961 1146 2019 omittendum
1168 1964 1236 2024 erat,

56 2053 120 2103 tum
139 2066 213 2113 esse,
233 2066 306 2117 quae
322 2050 410 2105 verba
429 2056 505 2106 certe
524 2070 581 2107 non
600 2052 634 2106 de
663 2050 920 2106 cunrloannasiam
940 2050 1089 2120 aGeorgio
1103 2048 1236 2103 distincte

56 2137 208 2205 martyrio,
237 2154 273 2191 ne
293 2136 386 2191 dicam
406 2138 440 2193 de
459 2140 598 2209 supplicio
617 2156 635 2192 a
663 2137 808 2208 apostolus
837 2138 998 2191 declaratus
1027 2139 1108 2191 essct
1155 2135 1237 2200 Quod

56 2224 170 2277 Indaeis
200 2223 229 2276 in
256 2224 420 2279 Palaestina
445 2227 568 2296 perlato,
593 2227 634 2280 in·
662 2229 758 2280 autern
777 2226 812 2280 de
838 2227 929 2279 morte
951 2224 1046 2277 laeolri
1071 2239 1237 2290 nonaeque

56 2312 221 2381 tellegenda
233 2316 305 2366 sunt.
342 2313 504 2384 Fragmenti
518 2329 585 2382 pars
598 2313 635 2366 ad
662 2316 749 2380 atque
768 2313 939 2382 epitomator
962 2312 1032 2365 dicit
1049 2311 1094 2365 vel
1118 2309 1237 2379 Papiam

56 2397 176 2466 Papiam
195 2399 339 2468 pertinens
353 2401 441 2471 igitur
459 2417 513 2454 non
533 2400 570 2453 ad
582 2400 634 2455 Ge·
662 2401 721 2454 eius
747 2405 850 2455 testem
876 2399 985 2468 profert
1013 2401 1042 2452 et
1069 2397 1174 2468 Papiae
1202 2399 1237 2451 de

58 2487 183 2555 orgium,
212 2488 261 2541 sed
278 2486 373 2556 potins
393 2488 429 2541 ad
447 2488 537 2541 virum
556 2488 634 2556 igno·
661 2487 775 2541 loannis
802 2490 891 2540 morte
919 2485 1083 2539 testimonio
1111 2484 1237 2539 testimo·

57 2576 119 2625 tum
148 2578 178 2626 et
204 2574 405 2643 posteriorem,
442 2573 492 2641 qui
519 2575 547 2628 in
575 2574 634 2627 eins
662 2574 738 2628 nium
760 2573 891 2642 Origenis
910 2572 1006 2636 addit,
1034 2571 1111 2639 qnod
1132 2571 1162 2624 in
1180 2570 1237 2641 epi·

58 2659 199 2713 Chronico
227 2661 314 2715 verba
341 2662 436 2715 codiee
460 2622 738 2731 coislinianoltome
767 2660 861 2726 deest,
890 2660 993 2716 nullius
1025 2659 1158 2730 ponderis
1187 2661 1237 2713 est

57 2745 118 2800 solo
136 2747 244 2801 tradita
261 2749 394 2812 inseruit,
418 2748 566 2802 referenda
584 2752 633 2802 est
663 2750 732 2803 Cum
745 2749 882 2821 Georgius
902 2751 936 2803 de
947 2750 1051 2803 Ioanne
1062 2747 1122 2802 solo
1133 2751 1237 2817 ageret,

59 2834 129 2887 Cum
155 2833 342 2904 interpolator
369 2836 559 2890 narrationem
584 2835 634 2889 Pa·
662 2836 749 2889 etiam
768 2835 964 2906 interpolatori
989 2837 1024 2889 dc
1048 2835 1102 2889 hoe
1126 2838 1238 2889 tantum

57 2922 124 2990 piae
145 2920 180 2974 de
198 2926 288 2975 morte
308 2923 421 2976 loannis
441 2939 529 2990 aeque
549 2926 634 2990 atque
661 2923 798 2976 nonnulla
824 2925 954 2979 addenda
981 2928 1069 2978 erant.
1112 2920 1238 2983 Accedit,

59 3009 233 3077 epitomator
244 3009 289 3062 vel
309 3012 407 3063 auctor
419 3008 582 3079 Fragmenti
596 3009 635 3064 XI
663 3012 738 3077 quod
757 3012 881 3066 narratio
901 3013 936 3066 de
954 3015 1044 3065 morte
1062 3008 1158 3063 laeobi
1176 3025 1238 3062 nar·

59 3096 96 3148 ad
108 3095 269 3164 apostolum
283 3097 415 3149 Ioannem
428 3098 539 3159 referat,
551 3113 634 3164 quae·
662 3099 766 3153 rationi
786 3097 820 3151 de
838 3098 1051 3153 morteloannis
1071 3114 1128 3150 non
1148 3095 1238 3150 solum

57 3183 147 3245 ritur,
176 3198 213 3235 an
240 3182 349 3235 abhoc
375 3181 550 3250 dependeat,
578 3200 634 3250 qno
662 3184 692 3237 in
711 3184 841 3254 epitome,
861 3184 910 3238 sed
930 3185 1016 3239 etiam
1035 3184 1064 3237 in
1083 3199 1169 3251 opere
1187 3182 1238 3234 Pa·

57 3268 200 3337 posterior
219 3275 276 3331 est,
301 3287 364 3322 cum
384 3268 535 3338 Georgius,
557 3271 635 3324 ouius
662 3272 727 3341 piae
745 3270 873 3340 proxime
899 3271 1034 3325 adiuncta
1051 3270 1121 3332 fnit,
1146 3269 1188 3323 ita
1207 3272 1238 3322 ut

59 3354 201 3408 Chronico
211 3372 324 3408 manum
335 3356 439 3417 intulit,
448 3354 586 3410 Michaele
596 3357 864 3443 lll'interpolator.
899 3361 963 3410 nter
992 3357 1051 3410 eins
1086 3357 1149 3408 l'ons
1175 3355 1238 3416 fuit,

58 3443 196 3510 regnante
219 3441 380 3511 isla-867)
403 3440 554 3510 scripserit
592 3445 633 3498 ef.
647 3448 650 3493 l
662 3448 736 3500 hune
755 3445 910 3499 deseruisse
929 3443 1098 3498 iudicandus
1118 3443 1161 3496 sit.
1190 3440 1238 3496 Sin

58 3526 260 3591 Krumbacher,
281 3529 435 3583 Gescdielrte
457 3530 504 3583 der
528 3531 635 3598 dyaant
647 3580 650 3607 r
661 3538 757 3587 autem
776 3532 883 3586 dietum
894 3531 1025 3601 Origenis
1046 3529 1159 3591 adiecit,
1171 3545 1236 3582 eon·

57 3615 263 3670 Liternina-cd.
278 3614 303 3668 ll
318 3615 383 3669 1897
396 3632 423 3684 p.
436 3615 497 3668 352.
516 3616 635 3686 Papiam
647 3614 650 3685 Ι
662 3620 838 3675 siderandum
858 3623 917 3673 est.
946 3635 1009 3673 eum
1028 3619 1057 3670 et
1075 3616 1132 3669 alia
1155 3616 1238 3684 plura

58 3703 248 3772 interpolator
267 3702 382 3771 quidem
400 3703 541 3774 αὐτόπτην
555 3702 634 3757 Ioan·
647 3688 650 3803 J
662 3707 817 3770 addidisse,
838 3723 911 3773 quae
928 3706 958 3760 in
983 3704 1107 3774 epitome
1125 3719 1181 3756 non
1200 3703 1237 3755 le·

58 3792 102 3845 nis
123 3791 266 3860 appellat,
295 3808 358 3844 cum
386 3791 555 3859 epitomator
573 3808 635 3844 eum
662 3799 783 3865 guntur,
810 3809 868 3846 non
886 3792 976 3847 solum
1005 3807 1163 3844 sermonem
1181 3788 1237 3843 Do·

58 3879 198 3950 ἀκουστὴν
215 3881 305 3942 vocet,
324 3883 353 3932 et
364 3879 477 3931 nomine
490 3879 634 3950 θεολόγος,
647 3840 650 3909 l
662 3881 731 3935 mini
750 3881 786 3934 ad
798 3879 958 3933 Zebedaeos
976 3879 1013 3949 (v.
1024 3880 1060 3944 2),
1082 3877 1132 3930 sed
1151 3875 1238 3930 etiam

59 3965 138 4032 quod
155 3965 202 4018 hic
224 3965 268 4019 bis
288 3963 430 4023 adhibuit,
456 3980 513 4017 non
538 3964 635 4018 utitur.
662 3968 776 4024 Eusebii
786 3966 977 4021 testimonium
995 3964 1029 4017 de
1042 3965 1145 4018 Ioanne
1156 3964 1192 4031 (v.
1203 3962 1238 4030 3).

59 4053 158 4106 Altera
177 4069 211 4105 ex
228 4057 310 4121 parte
335 4050 465 4104 similiter
486 4054 572 4117 atque
591 4051 636 4104 hic
662 4057 762 4121 ltaque
788 4069 861 4114 non,
891 4055 923 4105 ut
951 4050 1027 4104 Zahn
1052 4050 1070 4102 l.
1091 4064 1113 4101 c.
1140 4067 1167 4118 p.
1189 4049 1239 4103 148

58 4139 167 4209 Papiae
186 4156 257 4208 opus
276 4138 443 4207 simpliciter
460 4137 577 4210 κυριακὰ
592 4140 635 4195 ld·
647 4154 650 4171 ¹
662 4141 779 4199 censuit,
807 4137 936 4199 dubium,
965 4136 1014 4190 sed
1034 4137 1149 4190 omnino
1167 4135 1238 4189 veri·

58 4249 106 4299 για
136 4231 165 4280 et
192 4225 345 4280 secundum
372 4223 476 4277 librum
506 4224 754 4295 detrepovrsimile
767 4228 817 4287 est,
837 4223 1072 4293 interpolatorem
1083 4239 1141 4276 non
1160 4224 1238 4277 ePa·

57 4316 147 4386 λόγον
179 4313 315 4367 nominat.
361 4312 397 4366 et
424 4312 494 4364 haec
521 4311 728 4383 maiorisrpiae
747 4328 838 4381 opere,
859 4310 909 4365 sed
929 4328 962 4364 ex
976 4310 1101 4378 epitome
1119 4310 1163 4363 vel
1182 4309 1240 4363 alia

57 4399 197 4454 momenti
224 4418 285 4455 esse
312 4400 443 4455 videntur
471 4415 557 4467 quarn
579 4397 635 4452 illa.
648 4446 650 4479 ἰ
664 4399 749 4454 simili
769 4400 909 4468 scriptura
921 4397 1055 4450 hausisse.
1092 4395 1238 4451 Nihilomi-

58 4488 131 4542 Cum
159 4488 345 4558 interpolator
362 4487 516 4541 Eusebium
543 4486 715 4557 cogni-inus
732 4486 942 4555 particulanon
953 4485 1160 4553 praetereunda
1179 4500 1239 4538 esse

55 4580 121 4630 tum
139 4574 265 4638 haberet,
284 4593 379 4629 vocem
398 4575 535 4644 ἀκουστὴς
553 4572 637 4627 facile
648 4546 652 4696 ἱ
664 4573 782 4627 videtur.

56 4678 129 4717 voce
146 4661 286 4732 αὐτόπτης
309 4660 418 4714 abhoc
442 4660 571 4714 adhibita
589 4659 636 4729 (of.
701 4663 723 4715 1.
742 4660 784 4714 ef.
808 4658 872 4714 Ilus.
890 4656 924 4713 ll
944 4657 974 4713 Ε.
994 4658 1040 4721 ΙΙΙ,
1060 4657 1106 4723 20,
1130 4658 1239 4714 10-11.

112 4767 132 4806 Β
142 4767 220 4817 unu,
234 4768 315 4808 euers·
330 4771 404 4816 apost.
424 4766 460 4807 ee.
475 4766 508 4806 11.
990 4752 1032 4815 24
