2834 5018
338 1064 519 1139 ΔΙΔΑΧΗ
546 1064 643 1140 ΤΩΝ
671 1064 864 1139 ΔΩΔΕΚΑ
894 1062 1200 1139 ΑΠΟΣΤΟΛΩΝ.

269 1326 389 1411 Διδαχὴ
412 1325 521 1410 κυρίου
545 1325 596 1389 διὰ
618 1333 679 1390 τῶν
703 1324 829 1389 δώδεκα
854 1323 1037 1388 ἀποστόλων
1061 1333 1125 1399 τοῖς
1149 1326 1281 1392 ἔθνεσιν.

269 1433 292 1498 I.
316 1429 402 1496 ’0δοί
425 1430 480 1494 δύο
504 1430 575 1510 εἰσί,
607 1429 661 1514 μία
686 1440 740 1514 τῆς
763 1429 846 1513 ζωῆς
868 1431 922 1493 καὶ
946 1428 1000 1513 μίν
1023 1438 1078 1492 τοῦ
1100 1428 1258 1508 θανάτου,
1287 1430 1355 1494 δια-

182 1538 264 1620 φορὰ
287 1535 321 1599 δὲ
343 1535 446 1619 πολλὴ
470 1533 585 1619 μεταξὺ
608 1543 669 1599 τῶν
694 1534 749 1598 δύο
774 1533 864 1599 ὁδῶν.

155 1668 168 1706 s
270 1645 300 1706 2.
325 1640 362 1705 Ἡ
379 1642 433 1725 μὲν
456 1642 509 1704 οὖν
529 1641 602 1714 ὁδὸς
619 1650 674 1724 τῆς
690 1640 773 1723 ζωῆς
797 1639 878 1702 ἐστιν
895 1641 990 1723 αὕτη·
1014 1643 1153 1723 πρῶτον
1169 1639 1357 1723 ἀγαπήσεις

180 1747 240 1812 τὸν
261 1745 348 1811 θεὸν
362 1746 423 1810 τὸν
445 1745 636 1830 ποιήσαντά
655 1765 703 1823 σε,
728 1742 885 1828 δεύτερον
908 1744 969 1808 τὸν
988 1742 1135 1827 πλησίον
1152 1764 1214 1807 σου
1238 1747 1284 1824 ὡς
1302 1766 1357 1808 σε·

179 1852 300 1915 αὐτόν·
335 1851 447 1914 πάντα
479 1848 513 1912 δὲ
544 1849 608 1912 ὅσα
638 1847 700 1911 ἐὰν
728 1845 879 1932 θελήσῃς
903 1849 945 1931 μὴ
974 1846 1116 1929 γίνεσθαί
1139 1868 1205 1927 σοι,
1239 1850 1355 1912 καὶσὺ

180 1954 266 2039 ἄλλῳ
290 1956 332 2038 μὴ
355 1953 449 2017 ποίει.

248 2109 300 2163 cod
312 2131 346 2156 =
359 2107 447 2163 codex
465 2104 747 2175 Hierosolymitanus,
770 2105 791 2158 L
803 2126 838 2151 =
850 2105 940 2159 versio
959 2105 1063 2163 latinu.
1090 2107 1128 2160 Br
1141 2129 1175 2154 =
1187 2108 1354 2176 Bryennius,

177 2198 297 2251 Bam:
310 2194 456 2250 Barnabae
481 2194 620 2264 epistula,
651 2192 710 2247 Gan
729 2215 764 2241 =
782 2193 912 2249 Canones
941 2194 1132 2263 apostolorum
1161 2194 1354 2259 ecclesiastici,

178 2285 265 2340 Oonst
276 2305 311 2331 =
324 2282 544 2338 constitutiones
563 2283 769 2351 apostolorum.

248 2411 260 2463 1
280 2405 419 2475 δὼδεκα>
437 2406 458 2459 L
474 2407 478 2478 Ι
494 2408 510 2462 3
527 2402 579 2463 εἰσί
595 2409 629 2477 -Ι-
640 2406 670 2459 in
681 2406 795 2460 saeculo
808 2406 829 2459 L
846 2407 850 2477 Ι
865 2410 915 2477 μία
928 2446 934 2458 .
950 2449 954 2461 .
969 2409 1053 2475 μία)
1066 2407 1087 2459 L
1104 2407 1107 2476 Ι
1124 2407 1250 2464 θανάτου
1262 2407 1297 2476 Ι·
1311 2408 1352 2460 lu-

177 2496 216 2550 cis
236 2500 264 2550 et
281 2495 475 2557 tenebrarum
502 2494 532 2546 in
549 2494 594 2547 his
615 2494 767 2549 constituti
796 2498 861 2548 sunt
881 2493 975 2563 angeli
995 2495 1067 2557 cluo,
1097 2511 1169 2546 unus
1188 2494 1353 2561 aequitatis,

177 2582 248 2638 alter
265 2582 425 2649 iniquitatis
444 2581 465 2635 L
484 2582 518 2636 cf.
537 2583 612 2636 Bam
633 2584 664 2637 18
680 2584 684 2652 Ι
700 2584 716 2636 6
738 2583 808 2639 θεὸν
820 2583 853 2654 Ι-
866 2585 1011 2636 aeternum
1030 2581 1051 2635 L

211 2706 265 2760 Tit
294 2704 389 2760 Codex
407 2706 475 2760 duos
502 2707 616 2761 exhibet
639 2708 747 2771 titulos,
775 2706 866 2760 titulis
886 2706 997 2759 illarum
1017 2704 1217 2773 scripturarum
1242 2720 1353 2773 eompa-

175 2794 209 2847 de
219 2793 320 2863 quibus
332 2809 437 2863 magna
449 2795 640 2849 controversia
652 2799 750 2850 exorta
775 2794 829 2847 ruri
855 2793 953 2862 possit.
991 2794 1060 2848 Cum
1085 2808 1150 2845 vero
1175 2808 1241 2860 pars
1267 2794 1352 2862 scrip-

175 2885 225 2934 est.
263 2879 420 2946 Quaeritur,
438 2898 505 2933 num
518 2884 637 2948 uterque
651 2883 853 2991 genui-'turae
881 2882 959 2951 prior
986 2897 1035 2934 seu
1055 2896 1103 2937 ea.
1134 2895 1207 2946 quae
1234 2879 1351 2934 titulum

174 2985 225 3020 nus
244 2967 289 3029 sit,
309 2971 337 3021 et
356 2967 379 3020 si
396 2985 465 3032 non,
491 2972 554 3022 uter
578 2971 686 3024 auctori
711 2970 902 3038 sit=protiuus
921 2969 1060 3036 sequitur.
1088 2967 1122 3021 de
1142 2968 1350 3021 catechumenis

175 3053 377 3108 attribuendus.
414 3054 559 3122 Plerique,
587 3056 636 3123 qui
661 3074 745 3110 unum
774 3056 955 3110 instituendis
981 3059 1062 3126 agat,
1087 3072 1140 3108 vox
1164 3049 1233 3125 ἔθνη
1255 3054 1352 3124 potius

174 3140 368 3194 authenticum
380 3144 489 3211 putant,
503 3145 653 3197 secundum
669 3161 746 3212 prae·
774 3143 808 3197 dc
833 3143 986 3214 gentilibus
1012 3142 1048 3195 acl
1069 3139 1260 3196 Christianam
1287 3141 1350 3195 reli-

174 3226 285 3291 ferunt,
313 3244 376 3281 cum
403 3229 494 3282 minus
522 3230 560 3285 sit
586 3230 744 3296 verisimile,
773 3230 886 3301 gionem
904 3246 934 3282 ae
953 3228 1180 3282 convertentibus
1206 3245 1290 3295 quam
1316 3228 1350 3282 de

173 3315 342 3384 posteriores
353 3315 475 3369 breviori
493 3316 577 3371 titulo
590 3318 744 3388 longiorem
774 3317 940 3373 Christianis
957 3332 972 3369 e
991 3314 1144 3384 gentilibus
1156 3314 1352 3385 intellegenda

174 3401 359 3463 substituisse,
380 3404 408 3455 et
420 3401 444 3454 si
456 3406 531 3457 recte
543 3404 674 3467 sentiunt,
692 3422 746 3459 vox
772 3403 890 3457 videtur.
909 3402 977 3456 Inde
991 3405 1092 3461 aut-cm,
1113 3401 1188 3466 quod
1198 3401 1298 3455 titulus
1312 3401 1349 3455 ad

173 3482 242 3560 ἔθνη
263 3490 297 3542 do
315 3488 481 3543 Christianis
500 3507 515 3544 e
533 3491 686 3561 gentilibus
705 3493 745 3546 in·
757 3514 760 3561 Ι
771 3494 882 3557 partem
904 3488 1059 3556 scripturae
1084 3491 1195 3541 tontum
1218 3488 1349 3553 refertur,

173 3573 334 3645 t·ellegenda
352 3576 401 3631 est.
421 3591 503 3643 quem
522 3592 633 3631 sensum
653 3577 683 3631 in
700 3579 745 3634 lit·
757 3576 760 3631 l
772 3578 880 3629 nonest
891 3574 1086 3645 colligendum,
1098 3574 1269 3642 scripturam
1280 3576 1349 3631 olim

172 3664 241 3717 teris
275 3663 436 3717 christianis
466 3663 606 3717 veteribus
634 3640 805 3735 saepius'cx
824 3661 964 3731 capitibus
983 3660 1069 3714 l-Vl
1093 3659 1159 3714 solis
1185 3662 1349 3716 constitisse

172 3748 266 3811 habet,
296 3749 460 3819 praesertim
491 3749 551 3804 Gal.
570 3751 594 3814 2,
624 3753 663 3808 12.
692 3754 744 3814 14;
772 3753 821 3803 aut
838 3748 954 3803 titulum
967 3748 1151 3817 longiorema
1169 3746 1285 3802 librario
1300 3748 1347 3801 ad-

172 3834 242 3905 llph.
262 3837 325 3895 3,1.
362 3836 460 3890 Altera
484 3852 516 3889 ex
540 3840 622 3905 parte
649 3838 679 3891 in
704 3838 744 3891 in-
771 3836 874 3890 iectum
889 3851 956 3890 esse.
977 3835 1045 3889 Cum
1059 3834 1178 3888 dimidia
1190 3834 1248 3888 fere
1261 3836 1347 3905 scrip-

173 3921 371 3990 scriptionibus
391 3922 531 3991 epistulae
550 3924 585 3976 ad
603 3924 744 3978 Hebraeos
771 3926 851 3976 turae
869 3941 935 3991 para
954 3922 1163 3977 catechumenis
1186 3923 1347 3977 erudiendis

173 4012 202 4062 et
232 4008 379 4077 Evangelii
415 4010 566 4063 secundum
602 4009 744 4064 Hebraeos
770 4009 934 4069 inserviret,
958 4013 1056 4064 auctor
1074 4010 1135 4079 ipse
1154 4008 1269 4063 titulum
1287 4009 1346 4063 lon-

172 4094 325 4149 Christiani
340 4113 373 4150 ex
383 4096 493 4150 ludaeis
504 4096 683 4166 appellantur
691 4097 743 4151 He·
771 4095 878 4165 giorem
896 4097 984 4166 priori
1003 4096 1106 4150 audere
1125 4096 1232 4165 potuit,
1253 4101 1285 4151 ut
1305 4098 1345 4151 in-

171 4181 256 4244 bruei‚
277 4182 367 4237 itaut
385 4183 484 4237 titulus
503 4184 654 4239 Doctrinae
672 4184 745 4238 alter
770 4183 888 4245 dicaret,
913 4185 1015 4253 quibus
1039 4201 1104 4254 pars
1129 4182 1179 4236 illa
1202 4184 1346 4239 destinata
