2834 5018
175 317 307 383 LXXIV
622 309 906 366 eaouuaonaun.

174 495 257 569 erat,
291 513 363 556 cum
384 492 423 555 iis
453 511 623 574 earumque
646 490 814 554 antistibus
845 489 963 554 versari
989 493 1107 574 posset.
1154 487 1349 553 Christianos

174 595 398 681 Lugdunenses
430 596 619 678 imperatore
648 593 691 658 M.
715 592 848 658 Aurelio
879 593 1012 658 Romam
1042 616 1107 659 non
1138 594 1251 658 missos
1281 614 1349 656 esse

175 701 406 766 concedendum
428 705 486 765 est.
532 699 710 764 Damnatos
731 721 807 764 vero
835 700 979 783 profecto
1003 697 1129 763 saeculo
1152 698 1287 762 secundo
1311 718 1350 761 ex

173 806 343 889 provinciis
365 806 399 869 11
421 805 531 869 urbem
554 805 668 870 missos
690 826 759 870 esse
780 805 873 871 testis
897 810 945 870 est
967 805 999 869 L.
1016 805 1057 869 31
1079 803 1154 886 Dig.
1179 803 1217 867 de
1238 802 1349 887 poenis

173 911 226 987 48,
252 911 301 974 19.
348 909 481 975 Severus
504 914 536 974 et
558 909 740 975 Antoninus
770 910 896 993 quidem
918 908 976 974 illa
1007 908 1079 993 lege
1102 908 1277 983 iusserunt,
1309 907 1349 971 ad

173 1014 293 1079 bestias
317 1015 492 1093 damnatos,
515 1015 577 1079 uisi
600 1016 667 1079 eius
688 1015 812 1080 roboris
833 1016 884 1080 vel
905 1014 1030 1079 artificii
1053 1017 1173 1091 essent,
1197 1016 1233 1077 ut
1255 1012 1349 1097 digne

173 1119 294 1204 populo
317 1119 462 1185 Romano
485 1120 628 1185 exhiberi
649 1125 797 1205 possent,
828 1123 884 1183 aut
905 1117 1085 1185 inconsulto
1116 1117 1260 1203 principe
1282 1118 1348 1183 Ro·

173 1246 258 1287 mam
279 1245 342 1288 nou
357 1225 527 1289 transduci.
572 1224 785 1309 Nequaquam
799 1229 905 1289 autem
928 1246 980 1289 eos
996 1223 1132 1289 Romam
1154 1224 1238 1288 mitti
1257 1247 1348 1309 pror-

173 1349 227 1391 sus
258 1331 436 1404 vetuenmt,
465 1332 497 1392 et
526 1328 659 1392 abusum
681 1328 887 1411 prohibentes
918 1328 1071 1413 produnt,
1106 1328 1214 1393 favore
1236 1328 1350 1413 populi

173 1430 310 1496 Romani
339 1436 433 1497 antea
460 1432 630 1497 nonnullos
661 1432 695 1496 in
717 1435 828 1498 urbem
858 1435 1057 1498 transductos
1086 1455 1173 1512 esse,
1205 1435 1260 1518 qui
1290 1455 1349 1498 nec

174 1538 286 1601 robore
308 1558 367 1601 uec
397 1536 529 1601 artificio
559 1537 782 1602 excelluerunt.
829 1537 904 1602 Nou
927 1541 975 1602 est
1002 1537 1114 1622 igitur,
1145 1560 1200 1602 cur
1222 1538 1347 1603 dubite-

173 1663 253 1718 mus,
278 1640 440 1726 Ignatium
463 1641 583 1706 Romae
607 1663 678 1706 cum
699 1642 810 1707 bestiis
831 1645 1021 1727 pugnasse¹.

260 1742 385 1811 Deinde
408 1751 589 1830 opponunt,
620 1769 657 1810 ea
680 1746 776 1831 plane
799 1747 935 1810 absurda
957 1767 1041 1824 esse,
1067 1767 1148 1829 quae
1171 1747 1209 1810 de
1230 1745 1349 1832 Ignatii

172 1850 285 1915 itinere
306 1855 490 1914 narrantur:
515 1851 706 1934 episcopum,
730 1871 924 1934 quamquam
939 1849 1084 1933 captivus
1100 1848 1205 1927 fuerit,
1231 1851 1348 1915 amicos

172 1955 347 2038 suscepisse
370 1976 441 2018 curn
463 1955 565 2039 iisque
587 1954 687 2019 libere
709 1954 900 2019 collocutum
928 1975 996 2018 esse
1018 1957 1051 2016 et
1073 1952 1257 2017 absentibus
1279 1955 1347 2038 epi·

173 2059 274 2123 stulas
297 2058 460 2143 scripsisse
475 2055 496 2136 ²,
522 2080 656 2143 eumque
678 2059 712 2123 in
732 2063 822 2123 tanto
838 2058 972 2122 circuitu
994 2079 1052 2142 per
1067 2056 1244 2141 Smyrnam,
1267 2058 1347 2123 'Pro-

173 2163 272 2238 adem,
297 2162 478 2246 Neapolim,
502 2162 681 2246 Philippos,
706 2163 920 2245 Epidamnum
935 2162 1072 2227 Romam
1095 2164 1225 2228 ductum
1247 2162 1346 2227 esse³.

172 2265 218 2330 At
240 2265 411 2342 Lucienus,
444 2267 499 2350 qui
521 2267 648 2331 saeculo
679 2267 815 2331 secundo
838 2267 933 2342 uixit,
966 2268 1090 2331 utiam
1112 2267 1262 2345 vidimus,
1293 2272 1349 2332 aut

172 2370 262 2435 illam
293 2371 507 2435 narrationem
539 2371 601 2434 fide
629 2373 696 2435 tam
729 2371 858 2456 dignam
886 2371 1015 2449 hahuit,
1047 2376 1083 2435 ut
1116 2372 1279 2457 dialogum
1311 2373 1348 2436 de

173 2478 275 2539 morte
297 2475 462 2559 Peregrini
484 2474 625 2539 scribens
647 2474 800 2550 nonnulla
822 2497 860 2539 ex
882 2496 921 2539 ea
943 2475 1100 2554 hauriret,
1132 2481 1201 2554 aut,
1226 2476 1254 2540 si
1276 2498 1349 2541 eum

172 2578 291 2664 Ignatii
308 2579 462 2663 epistulas
485 2579 600 2664 legisse
617 2579 815 2656 dubitaveris,
839 2600 940 2663 paene
963 2580 1071 2644 eadem
1087 2581 1225 2645 tradidit.
1249 2580 1348 2646 Prae·

172 2689 260 2750 terea
282 2704 386 2748 noune
408 2683 529 2749 Paulus
545 2706 670 2768 quoque
694 2683 857 2768 apostolus
872 2684 905 2748 in
927 2684 1061 2749 vinculis
1078 2684 1239 2751 Christum
1252 2709 1348 2771 prae·

172 2789 289 2854 dicavit
311 2787 467 2869 (Aetas,
486 2789 535 2853 16.
560 2788 611 2853 30.
628 2789 707 2872 3111
740 2789 855 2854 111111
878 2788 1050 2853 Christiani
1073 2789 1255 2873 saepissime
1277 2792 1348 2855 adi·

172 2897 240 2959 tum
263 2894 302 2959 ad
324 2898 480 2976 martyres
503 2897 535 2957 et
557 2893 768 2958 incarceratos
785 2897 917 2977 argento
942 2916 961 2957 a
982 2892 1137 2958 militibus
1161 2900 1348 2960 emeruut⁴?

172 2997 286 3063 Nonne
301 3003 454 3081 martyres
469 2997 503 3061 in
517 2997 651 3061 vinculis
665 2996 789 3063 litteras
805 3004 836 3063 et
851 2998 1045 3082 scripserrmt
1067 3002 1099 3061 et
1115 2999 1347 3083 acceperuut?⁶

174 3100 243 3178 Quo
265 3101 333 3166 iure
355 3123 431 3186 ergo
453 3101 666 3166 narrationem
695 3101 785 3167 illam
806 3102 1208 3167 1111111111111111110
1255 3103 1349 3181 Quod

173 3209 278 3270 autem
301 3206 340 3270 ad
361 3206 422 3269 iter
445 3205 573 3282 attinet,
605 3206 689 3289 quod
711 3204 856 3291 [gnatius
878 3206 971 3283 fecit,
995 3227 1069 3270 eum
1090 3207 1192 3271 multo
1214 3210 1348 3275 rectiore

172 3331 209 3374 ac
238 3308 380 3373 breviore
408 3308 460 3372 via
488 3308 625 3372 Romam
646 3309 797 3393 navigare
825 3310 966 3393 potuisse
994 3310 1080 3374 haud
1110 3311 1237 3378 infitior.
1286 3313 1348 3380 Sed

173 3414 249 3497 quid
270 3435 328 3477 nos
349 3413 494 3496 impedit,
528 3413 604 3496 quin
627 3414 806 3491 credamus,
837 3435 909 3477 eum
931 3412 1043 3478 Asiam
1064 3414 1217 3480 minorem
1241 3421 1273 3481 et
1295 3419 1348 3482 via

243 3565 319 3623 lcf.
345 3566 441 3631 Fuuk,
469 3568 524 3622 Die
550 3568 675 3622 11111111
702 3569 750 3623 der
776 3568 1002 3638 Ipnotiom'scben
1028 3568 1121 3635 Bedese
1146 3586 1173 3638 p.
1195 3569 1346 3634 los-lou

172 3651 325 3724 Lightfoot,
344 3653 370 3707 S.
390 3653 516 3724 [gnatius
535 3655 555 3718 l,
575 3654 721 3711 341-359.

241 3742 351 3795 2Baur
368 3744 386 3795 l.
406 3760 428 3796 1.
448 3760 475 3811 p.
497 3743 642 3797 154-156.

241 3828 388 3883 dcentur.
415 3829 599 3899 Magdeburg.
618 3827 644 3881 ll
662 3845 685 3882 e.
706 3829 739 3884 10
767 3828 801 3883 (11
829 3829 940 3900 lguatio
968 3831 1010 3885 ed.
1036 3829 1211 3901 Norimberg.
1230 3830 1264 3895 11,
1288 3835 1345 3889 177.

171 3914 308 3986 Basnage‚
326 3916 451 3969 Annales
468 3915 549 3985 polit.
568 3913 664 3968 eccles.
685 3916 721 3969 ad
739 3932 802 3970 ann.
823 3917 914 3970 1051.
934 3918 972 3971 10.

240 4001 398 4057 401111
426 4002 535 4072 Perpet.
564 4005 593 4056 et
618 4001 773 4058 Felicitatis
802 4005 976 4068 1.3.5.16;
1004 4005 1085 4075 Cypr.
1106 4005 1156 4075 llp.
1175 4007 1192 4058 5
1210 4022 1233 4060 c.
1252 4005 1284 4069 2;
1315 4007 1346 4059 15

171 4104 193 4141 1
215 4090 226 4142 l
248 4089 290 4142 ed.
310 4089 416 4145 Hartel.

240 4174 1275 4245 511111111115;1711111111.11111115.

241 4261 258 4315 6
277 4262 318 4316 of.
338 4263 426 4327 0111,
446 4263 501 4320 Dic
519 4265 644 4320 Eebttcit
661 4281 688 4333 p.
709 4263 765 4320 108.
