2834 5018
182 332 224 395 50
674 326 871 382 aaaaaaia

268 503 308 568 V.
335 501 390 578 Είς
412 512 504 566 τοῦτο
525 504 586 586 γάρ
608 503 773 586 ὑπέμεινεν
797 505 814 568 6
836 504 940 586 κὺριος
963 505 1153 586 παραδοῦναι
1176 508 1233 589 τὴν
1257 506 1362 586 σάρκα

182 606 224 680 είς
246 607 464 690 καταφθοράν,
487 609 539 671 ἵνα
561 617 599 691 τῆ
623 608 732 690 ἀφέσει
748 618 810 673 τῶν
826 609 984 692 ἁμαρτιῶν
1001 610 1211 694 άγνισὺῶμεν,
1236 613 1253 674 ό
1277 610 1361 673 ἐστιν

181 709 214 772 έν
247 718 291 793 τῷ
320 711 500 796 ῥαντίσματι
530 713 625 776 αὑτοῦ
656 724 710 776 τοῦ
741 715 881 797 αἵματος.
927 718 956 780 2.
992 713 1163 799 γέγραπται
1195 717 1256 798 γὰρ
1291 717 1360 797 περί

181 816 276 879 αὑτοῦ
299 817 320 878 ἃ
342 817 398 898 μὲν
421 818 496 898 πρὸς
518 818 571 879 τόν
596 816 743 901 Ἰσραήλ,
768 819 789 881 ά
811 818 845 882 δὲ
867 821 944 900 πρὸς
958 818 1049 902 ἡμᾶς.
1086 819 1169 903 λέγει
1185 820 1219 884 δὲ
1244 822 1358 894 οὑτως·

154 920 459 1006 ιἘτραυματίσθη
481 921 537 986 διὰ
559 923 618 1003 τὰς
641 924 785 1005 ἀνομίας
814 928 914 1008 ἡμῶν
938 925 994 988 καὶ
1024 923 1271 1005 μεμαλάκισται
1304 924 1359 988 διὰ

180 1028 238 1107 τὰς
268 1029 433 1111 ἁμαρτίας
460 1030 573 1110 ἡμῶν·
612 1035 660 1112 τῷ
689 1029 837 1110 μώλωπι
859 1013 968 1094 αὐτοῦ
995 1032 1091 1112 ἡμεῖς
1115 1027 1279 1112 ίάθημεν·
1313 1033 1359 1109 ὡς

180 1131 355 1215 πρόβατον
383 1130 439 1194 ἐπὶ
463 1135 598 1216 σφαγὴν
620 1132 713 1217 ἢχθη
739 1135 796 1198 καὶ
827 1137 873 1214 ὡς
900 1135 1007 1215 ἀμνὸς
1037 1135 1177 1217 ἄφωνος
1201 1133 1360 1197 ἐναντίον

181 1241 240 1297 τοῦ
263 1236 435 1319 κείραντος
459 1237 572 1300 αὐτόν.
619 1241 648 1303 3.
686 1238 799 1299 οὐκοῦν
829 1238 1098 1320 ὑπερευχαριστεῖν
1126 1235 1291 1318 ὀφείλομεν
1314 1244 1358 1318 τῷ

179 1338 285 1422 κυρίῳ,
309 1341 355 1402 ότι
378 1341 431 1402 καί
454 1341 493 1402 τά
516 1338 762 1425 παρεληλυθότα
783 1339 855 1424 ἡμῖν
880 1340 1046 1426 ἐγνώρισεν
1070 1342 1123 1403 καί
1147 1342 1266 1415 ἐντοῖς
1291 1340 1357 1402 ἐνε-

142 1467 167 1503 ιο
180 1452 294 1507 στῶσιν
316 1443 398 1528 ἡμᾶς
421 1445 584 1527 ἐσόγισεν,
613 1447 667 1508 καί
698 1446 741 1520 είς
768 1447 807 1508 τά
830 1444 985 1529 μέλλοντα
1008 1447 1066 1509 οὑκ
1088 1444 1181 1527 ἐσμὲν
1205 1443 1356 1511 ἀσύνετοί.

181 1552 210 1613 4.
234 1547 318 1632 λέγει
340 1549 375 1611 δέ
396 1549 555 1633 ηγραφή·
589 1548 658 1613 Οὐκ
682 1548 807 1630 ἀδίκως
831 1550 1012 1614 ἐκτείνεται
1029 1549 1145 1613 δίκτυα
1162 1557 1355 1634 πτερωτοῖς.

179 1661 270 1715 τοῦτο
293 1651 393 1737 λέγει,
423 1655 469 1716 ότι
492 1653 619 1730 δικαίως
642 1653 804 1717 ἀπολεῖται
828 1656 1013 1736 ἄνθρωπος,
1048 1655 1080 1729 ὃς
1103 1655 1186 1736 ἔχων
1218 1653 1291 1716 aaa
1315 1655 1357 1716 δι-

179 1756 345 1842 καιοσύνης
367 1767 482 1842 γνῶσιν
505 1759 615 1823 ἑαυτόν
639 1760 681 1834 εἰς
705 1759 776 1823 ὁδόν
802 1760 932 1835 σκότους
957 1757 1154 1841 ἀποσυνέχει.
1202 1762 1230 1824 5.
1255 1759 1300 1821 ἐτι
1323 1760 1357 1822 δέ

178 1863 230 1924 καί
254 1872 355 1940 τοῦτο,
380 1862 509 1945 ἀδελφοί
532 1885 608 1947 μου·
644 1864 671 1927 εί
702 1864 719 1926 6
749 1863 852 1946 κύριος
884 1863 1045 1946 ὑπέμεινεν
1072 1865 1188 1928 παὺεῖν
1211 1865 1280 1945 περί
1303 1874 1356 1946 τῆς

143 1990 167 2027 ιτ
181 1965 283 2048 ψυχῆς
305 1965 404 2049 ἡμῶν,
428 1969 471 2031 ὢν
494 1970 609 2044 παντός
631 1977 686 2031 τοῦ
708 1967 828 2050 κόσμου
851 1966 971 2049 κὺριος,
999 1965 1024 2051 ᾧ
1048 1965 1132 2030 εἶπεν
1155 1967 1172 2030 6
1196 1968 1272 2043 θεὸς
1295 1969 1356 2031 ἀπό

177 2069 355 2155 καταβολῆς
387 2071 527 2154 κόσμου·
572 2073 785 2157 Ποιήσωμεν
816 2073 1007 2159 ἄνθρωπον
1041 2074 1115 2137 κατ’
1150 2074 1267 2137 εἰκόνα
1300 2075 1355 2137 καί

177 2175 258 2239 καθ’
283 2179 447 2258 ὁμοίωσιν
469 2180 653 2263 ἡμετέραν·
676 2188 742 2253 πῶς
769 2176 822 2241 οὑν
846 2176 1006 2260 ὑπέμεινεν
1029 2177 1089 2239 ὑπό
1112 2177 1214 2258 χειρός
1231 2176 1355 2258 ἀνθρὼ-

178 2300 246 2342 πων
268 2283 400 2357 παὺεῖν;
435 2282 565 2363 μάθετε.
611 2287 641 2349 6.
678 2282 707 2346 σί
737 2292 906 2366 προφῆται,
939 2280 992 2344 ἀπ’
1022 2283 1117 2344 αὑτοῦ
1146 2281 1271 2362 ἔχοντες
1300 2283 1355 2363 τἠν

178 2383 278 2465 χάριν,
302 2385 344 2459 είς
367 2387 460 2449 αὑτόν
484 2385 739 2469 ἐπροφήτευσαν·
764 2389 856 2462 αὐτὸς
878 2386 922 2466 δέ,
945 2389 997 2449 ἵνα
1011 2384 1196 2469 καταργῆση
1218 2387 1272 2449 τόν
1295 2387 1355 2452 ὑά·

139 2509 165 2547 ιο
178 2510 270 2552 νατον
293 2491 346 2552 καί
369 2493 424 2573 τὴν
447 2491 485 2554 ἐκ
507 2499 625 2573 νεκρῶν
650 2491 821 2555 ἀνάστασιν
844 2490 937 2574 δείξη,
961 2493 1007 2553 ότι
1023 2490 1056 2553 ἐν
1076 2492 1168 2571 σαρκί
1184 2491 1246 2553 ἔδει
1262 2493 1356 2555 αὑτὸν

178 2597 416 2678 φανερωθῆναι,
449 2593 626 2677 ὑπέμεινεν,
663 2598 691 2662 7.
728 2597 779 2659 ἵνα
801 2604 864 2670 τοῖς
898 2595 1050 2676 πατράσιν
1081 2597 1136 2678 τῆν
1166 2594 1354 2679 ἐπαγγελίαν

177 2698 285 2781 ἀποδῷ
308 2700 360 2760 καί
385 2700 476 2774 αὑτός
499 2699 600 2783 ἐαυτῷ
625 2701 678 2762 τόν
701 2699 779 2762 λαόν
802 2701 854 2762 τόν
877 2701 985 2763 καινόν
1016 2698 1187 2781 ἑτοιμάζων
1220 2698 1355 2783 ἐπιδείξη

177 2801 225 2864 ἐπί
249 2813 303 2885 τῆς
325 2814 382 2887 γῆς
406 2805 459 2883 ὢν,
484 2807 529 2867 ότι
553 2806 607 2887 τὴν
623 2804 796 2868 ἀνάστασιν
812 2806 904 2880 αὑτός
919 2803 1051 2887 ποιήσας
1067 2812 1172 2885 κρινεῖ.
1205 2807 1234 2869 8.
1259 2804 1353 2886 πέρας

175 2908 212 2991 γέ
235 2930 281 2972 τοι
304 2909 460 2972 διδάσκων
492 2911 544 2972 τόν
568 2908 695 2993 Ἰσραὴλ
727 2911 780 2972 καί
813 2908 985 2993 τηλικαῦτα
1015 2907 1129 2990 τέρατα
1156 2909 1209 2970 καί
1241 2917 1355 2992 σημεῖα

139 3022 274 3077 υποιῶν
296 3013 477 3096 ἐκήρυσσεν,
500 3016 553 3077 καί
575 3015 817 3098 ὑπερηγάπησεν
841 3013 944 3077 αὐτόν.
983 3017 1012 3080 9.
1037 3016 1088 3076 ότε
1111 3014 1145 3075 δὲ
1168 3017 1240 3088 τοὺς
1261 3013 1353 3089 ἰδίους

1325 3117 1339 3135 p

1340 3154 1353 3166 ο

177 3117 370 3193 ἀποστόλους
402 3122 472 3193 τοὺς
503 3117 673 3200 μέλλοντας
701 3118 870 3202 ,κηρύσσειν
899 3120 934 3180 τό
967 3117 1149 3201 εὐαγγέλιον
1180 3119 1275 3181 αὑτοῦ
1307 3117 1339 3194 ἐς

246 3327 262 3378 2
278 3325 465 3399 καταφθορὰν
485 3325 651 3399 ὃιφθοράν
665 3325 691 3379 Η
707 3326 710 3395 i
727 3326 743 3379 3
762 3327 840 3399 ραντ.
853 3325 939 3383 αὑτοῦ
957 3346 980 3381 τ.
1000 3322 1118 3394 αἵματος
1135 3324 1184 3377 HL
1203 3326 1239 3378 ef.
1253 3325 1265 3377 I
1279 3325 1352 3378 Peir.

178 3415 200 3474 1,
220 3414 247 3465 2ι
266 3432 361 3482 αιματι
382 3433 431 3469 του
449 3434 636 3483 ραντισματος
656 3434 742 3470 αυτου
762 3413 779 3465 S
798 3413 833 3466 cf.
852 3412 937 3466 Hebr.
959 3414 1000 3471 12.
1019 3414 1054 3465 24
1070 3414 1073 3481 1
1092 3412 1123 3464 12
1142 3411 1174 3479 ὃς
1192 3411 1218 3465 Η
1231 3413 1267 3469 :6
1286 3412 1326 3466 SL
1346 3414 1349 3480 1

178 3500 209 3552 14
228 3499 322 3573 κύριος
341 3499 535 3571 δίιιί-ημὼν
552 3499 578 3553 Η
594 3500 598 3570 i
614 3504 680 3572 περὶ
699 3498 816 3571 &aazia
835 3499 883 3552 HL
904 3501 909 3567 1
932 3501 963 3554 15
982 3493 1004 3574 ᾧ
1026 3541 1052 3554 ..
1071 3500 1087 3557 6
1107 3500 1177 3566 θεός
1195 3497 1308 3566 Simiae
1325 3539 1350 3553 ..

175 3587 191 3642 6
211 3588 305 3658 κύριος
322 3586 348 3640 Η
364 3587 368 3649 Ι
387 3587 418 3641 19
437 3585 677 3660 ἐπροφήτευσανὸ
698 3591 727 3640 εί.
739 3586 772 3640 V.
787 3586 817 3640 T.
839 3588 914 3654 quod
933 3587 992 3640 iare
1010 3586 1117 3653 ubique
1137 3588 1211 3640 hanc
1231 3586 1351 3640 formam

175 3675 260 3730 habet
275 3675 539 3749 ιπροεφὴτεισανΗ
551 3679 580 3729 et
592 3676 624 3729 N.
636 3675 666 3728 T.
685 3677 688 3745 ί
705 3676 736 3730 21
758 3685 816 3742 τοῖς
824 3675 872 3728 HL
887 3694 950 3731 ικαι
965 3674 1053 3742 ταιςὸ
1069 3677 1073 3741 Ι
1089 3674 1123 3728 22
1142 3675 1193 3730 τόν
1210 3677 1280 3732 λαόν
1292 3694 1298 3726 :
1311 3673 1351 3726 in-

175 3762 246 3831 cipit
264 3763 289 3817 V
311 3764 314 3831 i
334 3765 416 3820 κενόν
433 3761 456 3813 V
482 3766 486 3830 Ι
511 3764 545 3816 25
562 3771 652 3819 ποιῶν
671 3762 732 3816 SV:
745 3763 779 3834 -γ-
791 3761 841 3833 οίχ
859 3759 902 3819 ότι
920 3761 953 3822 Η,
973 3777 1029 3814 non
1047 3761 1069 3814 L
1091 3762 1095 3831 Ι
1116 3759 1268 3833 ἐκήρυσσεν
1286 3760 1350 3815 SH:

175 3846 287 3922 ἐκήρυξε
305 3847 337 3909 V,
358 3847 538 3901 crediderunt
557 3848 578 3900 L
595 3850 598 3916 γ
616 3846 824 3921 ὑπερηγάπησεν
843 3847 980 3919 νι-ησαν
999 3847 1066 3902 SHL

211 4021 241 4084 V,
261 4026 284 4076 2.
305 4021 392 4092 ὑμίν
409 4055 443 4062 -
461 4021 479 4080 11
497 4023 536 4094 δι’]
564 4022 658 4076 Verba
685 4027 762 4091 pro-i
810 4026 833 4077 3.
853 4020 992 4092 ἐστόρεσεν]
1013 4023 1053 4077 cf.
1074 4022 1099 4075 11
1118 4022 1189 4075 Tim.
1209 4024 1232 4084 3,
1255 4024 1299 4082 15;
1325 4020 1351 4073 11

175 4110 278 4178 phetae
288 4116 315 4165 et
325 4111 437 4164 Iudaeis
453 4113 481 4163 et
492 4109 659 4164 Christianis
671 4109 749 4161 dicta
775 4108 848 4163 Petr.
870 4113 891 4171 1,
912 4110 1037 4178 16:1311.
1057 4109 1163 4177 Smyrn.
1188 4113 1209 4171 1,
1226 4112 1247 4164 l.
1268 4110 1349 4163 Prae·

175 4202 252 4256 sunt;
281 4196 330 4250 εει]
359 4196 512 4251 Christiani
539 4196 591 4251 soli
616 4199 692 4250 reete
715 4212 748 4248 ea
775 4198 854 4250 teriia
871 4195 1066 4266 intellegenda
1084 4213 1144 4250 esse
1162 4197 1296 4252 vident-ur
1315 4195 1348 4249 da

174 4284 342 4353 percipiunt.
365 4283 405 4337 Cf.
425 4301 449 4336 v.
469 4285 492 4339 3.
760 4278 864 4336 {morte
883 4284 989 4337 Christ-i
1008 4283 1176 4353 expiatoria,
1193 4285 1350 4353 praesentia
