2834 5018
435 658 862 717 muiaunsiosrr—rv.
1169 666 1231 732 241

54 861 127 904 vcra
151 844 183 904 ct
206 840 420 905 indubitanter
452 843 543 924 gesta
572 842 646 903 sunt
668 862 688 904 a
710 839 782 904 Iesu
804 837 951 919 Christo,
984 861 1041 925 spe
1072 845 1235 920 nostras

54 967 120 1028 qua
143 944 243 1008 averti
264 944 384 1008 nemini
406 948 545 1008 vestrum
567 944 699 1009 accidat.

143 1047 215 1113 XII.
240 1048 342 1113 Fruar
365 1048 454 1112 vobis
477 1049 511 1112 in
532 1049 693 1126 omnibus,
724 1049 880 1132 siquidem
902 1049 1016 1134 dignus
1039 1071 1118 1115 sum.
1163 1050 1236 1115 Etsi

55 1155 139 1218 enim
163 1153 281 1238 ligatus
307 1176 400 1229 sum,
434 1153 662 1236 comparandus
692 1159 798 1218 tamen
821 1176 978 1219 nonaum
1008 1156 1063 1219 uni
1085 1158 1234 1233 vestrum,

55 1258 112 1342 qui
135 1257 228 1343 ligati
249 1280 314 1322 non
347 1256 432 1322 estis.
478 1256 580 1334 Novi,
618 1258 701 1341 quod
723 1279 786 1322 non
817 1256 990 1334 inflamini3
1025 1258 1130 1323 Iesum
1153 1260 1262 1324 enims

56 1361 219 1427 Christum
233 1362 359 1426 habetis
384 1361 418 1426 in
435 1361 533 1426 vobis.
578 1360 622 1425 Et
637 1361 749 1445 magis,
766 1382 838 1425 oum
853 1361 948 1425 laudo
963 1383 1029 1438 vos,
1053 1361 1129 1440 seio,
1154 1362 1237 1446 quod

56 1468 253 1545 embescitis‚
279 1468 361 1533 sicut
384 1467 537 1550 scriptum
561 1470 627 1530 est:
651 1469 765 1530 Iustus
788 1471 842 1530 sai
864 1475 916 1530 eat
941 1474 1124 1530 comisator.

146 1571 232 1636 XIII.
258 1571 388 1637 Studete
412 1571 511 1656 igitur
533 1570 712 1635 confirmari
734 1570 768 1633 in
790 1570 941 1635 doctrinis
965 1570 1083 1634 domini
1105 1574 1137 1634 et
1160 1591 1237 1654 apo·

55 1674 231 1752 stolorum,
265 1678 302 1738 ut
324 1680 436 1739 omnia
446 1724 456 1755 ,
488 1694 571 1755 qaae
590 1676 727 1755 facilis,
755 1693 919 1756 prospere
942 1676 1034 1738 codis
1063 1677 1240 1739 succedant

56 1800 152 1843 earne
177 1783 208 1842 et
230 1778 353 1862 spiritu,
381 1779 442 1841 fide
467 1782 499 1842 et
521 1778 668 1854 caritate,
692 1778 725 1841 in
748 1777 814 1843 filio
837 1782 869 1842 et
891 1783 981 1862 patre
1006 1782 1037 1842 et
1060 1778 1093 1842 in
1115 1780 1237 1863 spiritu,
1253 1802 1278 1840 ιο

56 1884 91 1947 in
113 1883 273 1967 principio
298 1888 329 1947 et
351 1883 384 1947 in
398 1883 473 1959 fine,
498 1903 570 1946 cum
592 1882 777 1966 dignissimo
793 1881 942 1965 episcopo
965 1886 1073 1947 vestro
1098 1886 1130 1946 et
1146 1884 1239 1968 digne

57 1991 209 2052 contexta
231 1987 389 2071 spirituali
416 2008 532 2052 corona
553 1986 740 2070 presbyterii
754 1986 852 2051 vestri
875 1990 907 2050 et
931 2008 1003 2051 cum
1028 1987 1166 2050 diaconis
1182 1988 1240 2051 deo

56 2091 268 2176 placentibus.
316 2093 346 2155 2.
372 2090 515 2156 Subiecti
546 2095 647 2155 estote
681 2091 830 2175 episcopo
865 2095 897 2155 et
931 2091 1019 2156 vobis
1044 2094 1169 2168 mutua,
1204 2095 1241 2155 ut

56 2195 147 2259 Iesus
178 2193 321 2260 Christus
350 2195 438 2278 patri
467 2195 638 2259 secundum
671 2217 798 2260 carnem
827 2200 858 2260 et
887 2194 1025 2279 apostoli
1056 2194 1182 2260 Christo
1209 2199 1242 2259 et

57 2301 147 2386 patri
170 2306 202 2365 et
225 2302 359 2385 spiritui,
387 2304 421 2364 ut
443 2300 518 2364 unio
542 2299 584 2363 sit
606 2303 638 2363 et
660 2299 795 2364 carnalis
818 2304 850 2364 et
873 2299 1055 2383 spiritualis.
1254 2322 1278 2360 is

149 2404 236 2469 XIV.
262 2404 341 2469 Cum
364 2404 472 2482 sciam,
497 2425 553 2467 vos
577 2403 635 2468 deo
656 2404 767 2488 plenos
783 2425 860 2482 esse,
885 2404 1033 2469 brevibus
1050 2426 1105 2469 voa
1129 2403 1240 2469 cohor·

56 2514 148 2575 tatus
170 2532 249 2574 sum.
297 2509 453 2574 Mensores
474 2512 575 2573 estote
598 2508 660 2572 mei
674 2508 708 2571 in
730 2508 926 2574 orationibus
941 2507 1065 2586 vestris,
1092 2511 1128 2572 ut
1150 2508 1242 2572 deum

57 2635 222 2699 assequar,
247 2619 278 2678 et
302 2613 466 2689 ecclesiae,
492 2631 572 2695 quae
594 2610 627 2674 iu
644 2609 735 2695 Syria
758 2615 816 2690 est,
840 2611 921 2676 unde
944 2633 1007 2676 non
1034 2633 1104 2675 sum
1127 2611 1242 2695 dignus

57 2718 185 2793 voeari;
220 2719 346 2803 indigeo
370 2717 456 2781 enim
487 2715 577 2778 unita
599 2719 705 2780 vestra
732 2715 766 2779 in
790 2716 847 2780 deo
876 2715 1018 2780 oratione
1042 2720 1074 2780 et
1099 2717 1240 2791 caritate,

57 2827 96 2886 ut
120 2822 261 2898 ecclesia,
288 2844 367 2906 quae
391 2822 424 2885 in
447 2818 540 2903 Syria
563 2824 630 2896 est,
654 2823 813 2883 mereatur
835 2841 892 2902 per
914 2818 1083 2884 ecelesiam
1104 2824 1281 2884 vestramne

60 2927 200 2991 irrorari.

150 3030 220 3095 XV.
253 3030 400 3097 Salutant
430 3051 487 3094 vos
517 3029 652 3113 Ephesii
686 3052 703 3094 e
734 3029 886 3112 Smyrna,
917 3031 999 3094 unde
1032 3030 1111 3094 haec
1139 3030 1242 3094 scribo

59 3137 172 3214 vobis,
204 3137 259 3219 qui
280 3141 463 3220 praesentes
487 3136 604 3200 adsunt
625 3134 659 3199 in
682 3134 731 3198 dei
754 3134 890 3219 gloriam
911 3139 947 3199 ut
970 3137 1001 3197 et
1024 3155 1089 3208 vos,
1116 3133 1171 3215 qui
1193 3154 1242 3196 me

60 3265 127 3306 una
157 3263 228 3305 cum
250 3241 429 3325 Polycarpo
459 3241 607 3324 episcopo
633 3239 876 3324 Smyrnaeorum
907 3239 941 3303 in
970 3238 1117 3303 omnibus
1139 3258 1241 3300 recre-

59 3351 167 3412 arunt.
216 3347 258 3410 Et
281 3351 401 3411 ceterae
427 3346 575 3411 eeclesiae
606 3347 639 3410 in
661 3345 811 3410 honorem
834 3343 906 3409 Iesu
928 3342 1047 3407 Christi
1074 3361 1130 3405 vos
1156 3339 1241 3404 salu·
1257 3364 1282 3402 aa

134 3551 250 3606 dProv.
273 3552 312 3614 18,
335 3553 374 3608 17.
393 3583 428 3591 -
448 3551 465 3606 9
482 3551 526 3605 Pa.
548 3551 569 3614 1,
589 3550 613 3604 3.

65 3742 153 3796 venit.
669 3742 756 3794 testes
775 3742 869 3793 autem
888 3739 957 3792 satis
976 3739 1047 3794 fidos
1065 3739 1172 3794 tradita
1184 3754 1244 3792 esse

99 3830 126 3883 2.
145 3826 489 3902 ὑποτάγητε-ἀλλήλοις]
504 3829 545 3884 cf.
559 3829 640 3884 Paul.
671 3825 807 3881 videntur.
834 3857 869 3865 -
895 3822 991 3894 ἕνωσις
1007 3826 1078 3897 κτλ]
1097 3826 1114 3879 1.
1135 3842 1157 3880 a
1176 3825 1243 3879 unio

63 3915 137 3986 llph.
151 3918 176 3980 5,
189 3917 237 3978 21;
256 3916 269 3968 Ι
289 3916 363 3970 Petr.
376 3917 440 3979 5‚5;
459 3914 642 3972 ClemIOor.
671 3917 787 3968 externa
805 3916 834 3967 et
858 3913 976 3968 interna.
1014 3914 1055 3969 cf.
1075 3911 1152 3967 Paul.
1174 3911 1244 3982 Epln

63 4003 146 4069 38,1.
166 4034 200 4042 -
217 4003 289 4059 κατὰ
307 4003 405 4074 σάρκα]
427 4002 554 4057 Christus
566 4001 639 4055 filius
669 4002 694 4065 4,
714 4003 739 4055 4.

63 4089 196 4153 hominis,
215 4087 301 4145 nond
319 4090 403 4161 λόγος
415 4088 474 4143 Deo
488 4087 565 4157 patri
579 4088 643 4141 sub·
706 4088 778 4142 XIV.
798 4084 877 4156 εἰδὼς
893 4087 963 4158 κτλ]
995 4087 1036 4141 Cf.
1062 4086 1138 4141 Paul
1166 4087 1244 4142 Rom

65 4174 222 4229 ordinatur.
260 4174 330 4229 Cum
355 4174 443 4228 verba
465 4175 537 4232 κατὰ
554 4175 643 4248 σάρκα
674 4176 713 4241 15,
735 4175 835 4231 1415,

66 4265 96 4316 et
115 4266 161 4317 καὶ
179 4269 219 4338 τῷ
231 4263 373 4332 πνεύματι,
393 4277 465 4328 quac
479 4265 643 4329 sequuntur,
707 4261 765 4317 XV.
783 4260 908 4332 Ἐφέσιοι
927 4298 952 4312 ·.
971 4260 1000 4314 αὶ
1012 4263 1035 4314 λ.
1056 4259 1085 4315 δὲ
1098 4256 1245 4330 ἐκκλησίαι]

65 4348 97 4401 in
115 4349 245 4402 versione
258 4349 419 4402 armeniaca
432 4347 533 4412 desint,
547 4348 643 4418 Light·
672 4349 689 4404 i.
715 4365 737 4403 e.
765 4346 881 4419 Ephesii
908 4347 937 4399 et
964 4347 1075 4400 ceterae
1102 4345 1245 4411 ecclesiae,

69 4435 133 4489 foot
152 4434 201 4488 illa
218 4439 357 4503 tanquam
373 4434 461 4489 dubia
478 4434 587 4488 uncinis
604 4435 645 4489 in·
673 4434 723 4503 qui
749 4434 855 4505 Ignatii
880 4432 990 4487 visendi
1021 4447 1107 4487 causa
1136 4432 1245 4504 lagatos

66 4522 169 4586 clusit,
204 4523 274 4577 haec
303 4522 415 4577 delevit.
462 4521 533 4576 Mihi
558 4523 646 4576 verba
673 4523 820 4593 Smyrnam
838 4523 983 4576 miserunt.

66 4610 260 4681 suspicionem
290 4610 404 4678 quidem
430 4613 563 4674 movent,
593 4581 661 4680 pert

119 4717 139 4756 r
148 4728 164 4757 u
172 4716 231 4767 uk,
245 4716 327 4757 Patres
341 4719 416 4765 apost.
437 4714 474 4756 ed.
489 4714 522 4755 11.
998 4698 1042 4764 KQ
