2834 5018
533 708 646 765 MAND.
666 710 699 773 V,
720 710 742 772 1,
764 709 837 763 1-6.

560 955 747 1020 Mandatum
769 955 808 1020 V.

186 1091 597 1180 1.L0nganimis‚inquit,
628 1095 686 1160 fias
709 1100 741 1160 et
762 1097 917 1180 prudens,
951 1102 983 1161 et
1005 1096 1144 1160 omnium
1165 1096 1269 1161 malo·

94 1222 165 1263 ium
187 1221 319 1283 operum
342 1200 553 1265 dominaberis
576 1204 608 1264 et
623 1198 804 1283 operaberis
826 1221 949 1264 omnem
970 1199 1134 1263 iustitiam.
1181 1202 1211 1263 2.
1236 1198 1270 1264 Si

94 1305 177 1368 enim
200 1304 392 1391 longanimis
408 1306 516 1380 tueris
540 1304 670 1389 spiritus
686 1308 823 1381 sanctus,
848 1304 903 1387 qui
924 1303 1096 1368 habitatin
1118 1308 1159 1382 te,
1175 1326 1268 1369 mun-

94 1409 152 1471 dus
175 1409 244 1485 erit,
270 1409 333 1474 alio
356 1410 470 1493 spiritu
492 1408 577 1473 malo
600 1430 671 1473 eum
692 1430 756 1472 uon
778 1409 975 1486 obscurante,
1000 1408 1054 1472 sed
1074 1408 1108 1472 in
1128 1409 1296 1493 spatiosa⁶

94 1513 188 1577 domo
210 1513 360 1578 habitans
376 1514 546 1578 exsultabit
569 1534 606 1577 ac
621 1513 774 1597 gaudebit
796 1534 867 1577 cum
889 1533 972 1590 vase,
996 1512 1029 1575 in
1052 1534 1114 1596 quo
1136 1512 1269 1592 habitat,

93 1624 126 1682 et
150 1619 264 1683 serviet
294 1619 421 1682 domino
444 1641 515 1683 cum
537 1617 699 1682 hilaritate
730 1639 866 1703 magna,
897 1617 1019 1682 habens
1040 1616 1270 1682 beatitudinem

93 1723 177 1785 intra
200 1744 243 1786 se.
290 1725 320 1787 3.
346 1722 402 1788 Sin
423 1744 495 1786 vero
518 1722 681 1786 iracundia
704 1721 811 1806 aliqua
827 1722 995 1801 advenerit,
1019 1723 1187 1787 confestim
1202 1723 1269 1806 spi·

93 1827 173 1891 ritus
189 1832 324 1905 sanctus,
349 1850 420 1892 cum
435 1831 523 1891 tener
546 1827 596 1905 sit,
615 1829 812 1911 angustatur,
836 1848 899 1889 non
915 1826 1035 1891 hahens
1057 1827 1160 1891 locum
1175 1848 1269 1891 mun-

93 1933 183 2009 dum,
208 1936 240 1996 et
271 1933 378 1996 studet
398 1931 471 1996 inde
501 1932 661 2007 recedere;
695 1931 867 1996 suffocatus
898 1933 982 1996 enim
1006 1954 1025 1996 a
1046 1932 1161 2015 spiritu
1182 1931 1269 1996 malo
1283 1951 1309 1987 ιο

92 2058 151 2099 uec
173 2037 299 2100 domino
332 2036 448 2100 servire
470 2041 592 2120 potest,
617 2036 700 2101 sicut
721 2035 804 2112 vult,
840 2035 1003 2101 iracundia
1024 2056 1096 2099 eum
1118 2035 1268 2100 violente.

93 2140 131 2203 In
155 2141 396 2224 longanimitate
411 2140 494 2204 enim
517 2140 661 2205 dominus
676 2140 810 2215 habitat,
834 2140 866 2203 in
888 2140 1051 2204 iracundia
1070 2144 1176 2204 autem
1200 2141 1269 2204 dia-

93 2245 195 2309 bolus.
250 2248 280 2309 4.
304 2245 446 2330 Uterque
476 2245 575 2330 igitur
605 2246 735 2329 spiritus
767 2245 795 2308 si
825 2244 858 2307 in
890 2245 1000 2309 eodem
1031 2243 1100 2309 loco
1133 2244 1269 2315 habitat,

93 2350 305 2433 penriciosum
328 2355 375 2414 est
398 2351 485 2414 etin
506 2350 627 2414 malurn
649 2350 733 2415 cedit
754 2349 875 2414 homini
897 2349 963 2426 illi,
992 2349 1025 2412 in
1049 2370 1112 2431 quo
1135 2349 1268 2413 habitat.

94 2457 123 2518 5.
149 2453 183 2518 Si
206 2454 288 2518 enim
318 2455 488 2538 sumpseris
518 2454 751 2539 ahquantulum
782 2453 933 2519 absinthii
962 2458 994 2518 et
1016 2454 1049 2517 in
1084 2453 1270 2537 amphoram
1283 2465 1309 2504 ¹⁶

92 2558 159 2622 vini
180 2559 348 2636 infuderis,
382 2581 484 2623 nonne
515 2581 606 2624 omne
636 2558 699 2623 mel
730 2560 926 2643 deperditur,
959 2563 990 2623 et
1011 2563 1136 2624 tantum
1166 2558 1271 2622 mellis

92 2662 226 2747 paululo
249 2663 400 2728 absinthii
430 2665 642 2748 corrumpitur
664 2668 697 2728 et
729 2664 901 2746 corrumpit
930 2662 1126 2728 dulcedinem
1155 2662 1270 2739 mellis,

93 2789 196 2850 neque
219 2768 350 2832 eandem
373 2769 510 2851 gratiam
532 2768 629 2833 habet
652 2769 736 2852 apud
752 2768 921 2845 dominum,
946 2768 1021 2851 quia
1044 2789 1185 2832 amarum
1202 2767 1270 2831 fac·

93 2878 162 2936 tum
185 2877 233 2936 est
257 2878 289 2936 et
311 2895 403 2936 usum
426 2896 517 2938 suum
531 2873 692 2957 perdidit?
716 2872 750 2937 Si
773 2877 880 2937 autem
895 2872 1091 2937 absinthium
1113 2894 1178 2936 non
1195 2871 1270 2934 mit·

92 2980 181 3039 tatur
195 2976 228 3039 in
243 2977 314 3054 mel,
332 2977 423 3041 dulce
438 2977 596 3042 invenitur
610 2977 673 3041 mel
689 2982 721 3041 et
735 2976 815 3041 utile
829 2977 866 3041 fit
882 2977 1007 3041 domino
1024 2998 1091 3041 suo.
1122 2977 1152 3040 6.
1169 2975 1268 3040 Vides
1282 2985 1308 3023 2⁰

92 3081 201 3163 igitur,
225 3080 501 3165 longanimitatem
529 3080 624 3146 melle
647 3079 819 3145 dulciorem
851 3101 918 3144 esse
950 3085 982 3144 et
1003 3080 1115 3145 utilem
1144 3081 1270 3145 domino

93 3206 229 3267 eumque
251 3184 285 3248 in
307 3185 364 3248 illa
385 3185 541 3250 hahitare.
588 3184 754 3249 Iracundia
769 3190 874 3248 autem
897 3206 1004 3249 amara
1019 3188 1052 3248 et
1072 3185 1194 3249 inutilis
1211 3188 1268 3248 est.

93 3287 128 3353 Si
158 3309 234 3373 ergo
265 3289 427 3352 iracundia
464 3289 606 3353 admixta
641 3289 739 3352 fuerit
774 3288 1024 3372 longanimitati,
1058 3289 1270 3371 corrumpitur

93 3444 160 3494 eunt
182 3440 346 3509 praesertim
370 3439 456 3493 verba
478 3438 539 3496 dld’
560 3439 590 3498 ἐν
607 3443 668 3495 ν.2
694 3443 719 3506 9,
739 3444 769 3505 3;
791 3444 830 3506 13,
850 3443 879 3503 7;
906 3442 946 3503 15,
965 3440 995 3503 9;
1014 3440 1056 3504 20,
1075 3442 1106 3503 2;
1131 3440 1172 3503 30,
1191 3438 1214 3492 8.
1234 3470 1269 3479 -

91 3559 128 3568 -
144 3529 270 3600 βούλεται
298 3526 360 3580 ν.3
388 3529 417 3581 et
442 3530 488 3584 καί
515 3527 566 3585 οὐκ
592 3524 668 3586 ἔστιν
695 3530 819 3600 σκεύους]
840 3528 880 3583 cf.
900 3528 994 3582 Mand.
1014 3527 1059 3589 Xl,
1079 3528 1118 3582 13.

91 3617 154 3671 ad
180 3631 270 3682 usque
297 3614 333 3667 ad
360 3613 443 3668 finem
471 3631 494 3668 c.
514 3618 537 3670 1.
573 3615 667 3670 Etiam
729 3618 752 3671 5.
772 3615 918 3689 ἀψινθίου]
946 3617 1061 3685 Gregor.
1086 3613 1154 3669 Naz.
1178 3613 1223 3669 Or.
1242 3613 1270 3668 II

92 3703 249 3758 Antiochus
277 3702 352 3755 Mon.
379 3701 460 3755 Hom.
482 3702 532 3756 110
559 3701 607 3759 Pa
625 3702 666 3768 89,
696 3722 716 3758 s.
735 3703 856 3773 Apolog.
881 3720 903 3757 c.
924 3702 957 3757 12
983 3702 1025 3757 ed
1051 3703 1146 3773 Migne
1164 3701 1184 3764 l,
1203 3700 1269 3755 422:

93 3789 159 3846 1771
174 3789 258 3859 longe
269 3787 405 3842 maiorem
417 3788 546 3844 Mandati
559 3794 668 3860 partem
696 3797 804 3848 θᾶττον
820 3790 874 3865 γὰρ
892 3785 927 3848 dv
944 3812 986 3858 τις
997 3790 1090 3864 ὀλίγης
1107 3794 1204 3857 κακίας
1221 3809 1268 3858 με·

92 3876 250 3946 exscripsit.
292 3876 333 3930 Cf.
362 3876 448 3929 etiam
476 3877 599 3931 Cassian.
627 3876 668 3932 De
696 3876 809 3949 ταλάβοι
831 3880 969 3945 πλουσίως
993 3877 1009 3948 ἢ
1030 3875 1130 3949 ἀρετῆς
1152 3880 1269 3949 βαθείας

92 3964 208 4018 coenob.
227 3962 315 4017 instit.
335 3962 383 4018 lib.
402 3962 467 4016 Vlll
492 3965 552 4031 (qui
570 3965 668 4019 inscri-
694 3962 766 4021 κατὰ
791 3963 905 4037 μικρόν·
942 3961 1001 4020 ἐπεὶ
1027 3966 1073 4019 καί
1099 3962 1188 4032 μέλιτι
1217 3962 1270 4032 μὲν

90 4051 182 4105 bitur:
201 4051 242 4105 De
261 4049 363 4119 spiritu
382 4050 459 4118 irae),
480 4051 502 4103 l.
694 4051 796 4124 μικρὸν
813 4048 947 4122 ἀψίνθιον
964 4047 1004 4117 ίος
1028 4050 1143 4121 τάχιστα
1160 4052 1270 4119 μεταδί-

128 4138 150 4199 1,
172 4140 193 4190 l.
223 4158 246 4193 τ.
265 4157 294 4193 π.
322 4132 412 4211 ἔργων
436 4139 668 4211 κατακυριεύσας]
695 4142 761 4195 coca
780 4145 831 4193 τοῦ
848 4146 956 4209 πικροῦ,
973 4135 1034 4205 μέλι
1053 4137 1083 4194 δὲ
1100 4135 1163 4193 οὐδὲ
1181 4137 1214 4192 τὸ
1231 4140 1270 4191 δι·

92 4225 134 4279 Gt‘.
156 4224 248 4278 bland.
268 4223 327 4285 Xll,
346 4224 370 4286 2,
390 4223 414 4276 3.
433 4224 464 4285 5;
482 4225 507 4288 6,
525 4225 550 4278 2.
568 4226 592 4278 4.
623 4224 667 4279 Ps.
695 4224 814 4281 πλαίσιον
835 4221 960 4299 ἀψινθίῳ
985 4235 1034 4294 τῆς
1051 4222 1150 4280 ἑαυτοῦ
1174 4221 1269 4295 γλυκύ·

93 4313 151 4375 118,
173 4314 236 4368 133:
255 4315 300 4367 καί
312 4315 350 4381 μὴ
361 4311 602 4384 κατακνριεοσάτω
613 4332 669 4383 μου
696 4332 785 4382 catoc-

91 4409 168 4458 πᾶσα
186 4400 297 4469 ἀνομία.
730 4399 754 4453 6.
774 4402 888 4471 ὴμακρ.
915 4402 991 4469 γλακ.
1017 4395 1038 4454 ἐ.
1056 4394 1125 4470 ὑπὲρ
1153 4417 1177 4453 τ.
1195 4396 1267 4467 μίία]

128 4490 151 4542 2.
171 4487 365 4559 ἀγαίλιάσεται
377 4487 423 4540 καί
435 4482 667 4558 εὐφρανθήσεται]
696 4488 799 4542 Locum
821 4484 919 4538 laudat
937 4485 966 4538 et
983 4482 1109 4538 illustrat
1132 4499 1268 4554 oppresso

92 4575 156 4629 Duo
176 4574 263 4627 verba
280 4574 311 4626 in
330 4572 355 4626 S.
375 4570 520 4640 Scriptura
538 4571 668 4641 saepissi-
696 4573 817 4628 Hermae
834 4570 946 4626 nomine
965 4570 1094 4626 Clemens
1112 4571 1155 4625 Al
1173 4571 1269 4642 Eclog.

92 4681 137 4717 me
166 4664 248 4717 simul
277 4662 412 4717 adhibita.
454 4661 497 4716 Cf.
515 4658 559 4713 Ρι.
577 4660 601 4723 5,
622 4658 668 4723 12;
694 4663 730 4716 45
747 4678 774 4731 p.
795 4658 870 4714 1000.

985 4747 1058 4814 31*
