2834 5018
153 306 217 368 586
585 289 739 345 flamma
756 287 900 343 PASTOR

153 482 183 543 2.
207 478 286 558 μετὰ
308 476 343 537 δέ
365 476 401 536 τό
417 475 619 554 ἀναχωρῆσαι
641 471 761 544 πάντας
776 469 830 530 καὶ
854 468 1097 550 ἀναπαυθῆναι
1115 466 1212 550 λέγω
1238 476 1284 550 τῷ
1305 488 1357 528 ποι-

152 581 236 664 μένι·
269 578 308 641 Τί
330 581 387 656 ότι,
412 577 506 660 φημί,
536 576 639 657 κύριε,
663 576 700 637 ού
723 571 936 655 συνετελέσθη
959 572 982 655 ἡ
1007 572 1181 656 οἰκοδομὴ
1217 583 1275 636 τοῦ
1297 572 1357 652 πύρ-

153 705 226 769 γους
249 683 357 761 Οὔπω,
382 682 467 766 φησί,
489 681 617 744 δύναται
639 678 892 761 ἀποτελεσθῆναι
915 677 933 739 ό
956 678 1105 760 πύργος,
1132 678 1197 740 ἐὰν
1221 679 1267 760 μὴ
1289 675 1357 757 ἔλθη

155 790 173 852 ό
194 789 301 871 κύριος
324 790 420 851 αύτοῠ
441 787 494 849 καὶ
510 784 664 867 δοκιμάσῃ
690 786 746 865 τὴν
769 783 937 864 οἰκοδομὴν
953 782 1094 866 ταύτην,
1120 785 1193 861 ἵνα,
1219 782 1279 845 ἐάν
1292 801 1357 854 τινες

128 894 240 960 ιλίθοι
265 895 377 975 σαπροί
401 893 583 973 εὑρεθῶσιν,
606 887 728 971 ἀλλάξῃ
751 887 880 961 αὐτούς·
904 888 983 968 πρδς
1006 889 1076 970 γὰρ
1102 890 1143 951 τδ
1161 887 1293 951 ἐκεινου
1313 884 1357 950 θέ·

154 998 239 1082 λημοι
272 998 479 1078 οἰκοδομεῖται
511 995 529 1057 ό
557 994 683 1076 πύργος.
729 995 758 1057 3.
783 991 941 1069 Ἧθελον,
973 992 1076 1076 φημί,
1114 992 1235 1074 κύριε,
1258 991 1357 1054 τούτου

154 1113 209 1165 τοῦ
236 1102 355 1184 πύργου
384 1109 500 1183 γνῶναι
531 1098 560 1161 τί
583 1098 664 1160 ἐστιν
686 1097 708 1180 ἡ
730 1097 879 1179 οἰκοδομὴ
901 1099 1003 1179 αὕτη,
1036 1099 1099 1159 καὶ
1125 1099 1205 1179 περὲ
1238 1107 1295 1181 της
1314 1094 1357 1157 πέ-

155 1226 229 1287 τρας
251 1207 304 1266 καί
327 1202 495 1285 πύληςκαί
518 1213 579 1267 τῶν
603 1202 700 1284 όρέων
722 1204 775 1264 καί
798 1211 860 1265 τῶν
883 1200 1057 1282 παρθένων
1083 1205 1144 1264 καί
1171 1212 1243 1265 τῶν
1266 1202 1356 1267 λέθων

154 1319 216 1372 τῶν
240 1309 277 1371 ἐκ
307 1318 362 1370 τοῦ
393 1307 493 1392 βυθοῦ
526 1308 767 1393 ἀναβεβηκότων
798 1308 851 1368 καὶ
883 1309 924 1387 μη
956 1303 1266 1391 λελατομημένων,
1296 1303 1357 1369 ἀλλ’

117 1439 141 1475 ιι
155 1416 254 1487 οὓτως
278 1410 483 1477 ἀπελθόντων
506 1412 549 1486 εἰς
572 1415 627 1494 τὴν
650 1410 833 1494 οἰκοδομήν·
859 1415 888 1476 4.
913 1412 966 1472 καί
982 1410 1069 1473 διατί
1095 1423 1237 1494 πρῶτον
1261 1413 1305 1487 εἰς
1325 1412 1357 1472 τέ

155 1515 290 1599 θεμέλιοι
313 1515 332 1579 ι’
356 1515 442 1583 λίθοι
465 1516 641 1601 ἐτέθησαν,
674 1515 740 1580 εἶτα
762 1515 829 1593 κε’,
854 1513 920 1578 εἶτα
943 1513 1000 1592 λε’,
1027 1512 1103 1578 εἶτα
1128 1517 1186 1599 μ’,
1218 1519 1276 1580 καὶ
1298 1516 1357 1596 περὶ

155 1631 217 1685 τῶν
241 1619 342 1686 λίθων
376 1630 437 1684 τῶν
461 1621 711 1705 ἀπεληλυθότων
743 1620 786 1694 εἰς
808 1622 864 1701 τὴν
888 1619 1059 1702 οἰκοδομὴν
1096 1623 1158 1684 καί
1184 1621 1287 1685 πάλιν
1307 1621 1356 1702 ἠρ-

156 1725 256 1808 μένων
285 1728 338 1789 καί
362 1726 405 1802 εἰς
434 1726 529 1789 τόπον
561 1727 638 1790 ἴδιον
662 1724 933 1807 ἀποτεθειμένων·
968 1724 1040 1804 περὶ
1065 1725 1211 1788 πάντων
1247 1726 1356 1788 τούτων

156 1831 337 1894 ἀνάπαυσον
354 1834 409 1914 τὴν
433 1829 536 1912 ψυχήν
552 1850 621 1912 μου,
644 1829 740 1910 κύριε,
763 1830 816 1890 καὶ
832 1826 983 1912 γνωρισόν
1007 1848 1060 1909 μοι
1079 1829 1183 1892 αὐτά.
1219 1834 1252 1897 5.
1277 1829 1355 1905 Ἐάν,

119 1958 144 1994 ιι
158 1935 233 2019 ῳησί
245 1983 252 2015 ,
282 1935 491 2010 κενόσπουδος
522 1937 563 2017 μὴ
595 1935 744 2016 εὑρεθῇς,
776 1932 879 1995 πάντα
901 1929 1026 2015 γνῶση·
1058 1932 1136 2014 μετ’
1160 1935 1282 2019 ὀλίγας
1302 1936 1355 2016 γὰρ

155 2037 271 2121 ἡμέρας
304 2039 519 2125 [ἐλευσόμεθα
548 2039 681 2116 ἐνθάδε,
712 2040 765 2100 καί
788 2039 828 2099 τά
860 2036 954 2100 λοιπὰ
982 2035 1053 2117 όψει
1079 2040 1124 2100 τὰ
1157 2039 1355 2123 ἐπερχόμενα

158 2151 201 2227 τῷ
224 2143 331 2227 πύργῳ
347 2145 447 2227 τούτῳ
469 2145 523 2206 καί
542 2144 646 2219 πάσας
669 2145 724 2218 τὰς
739 2140 920 2226 παραβολὰς
936 2139 1075 2225 ἀκριβῶς
1092 2142 1227 2229 γνώσῃ.
1254 2148 1284 2212 6.
1306 2143 1353 2205 καὶ

160 2251 225 2330 μετ’
250 2247 357 2332 όλίγας
379 2248 510 2334 ἡμέρας]
536 2247 678 2330 ἤλθομεν
701 2247 745 2322 εἰς
766 2249 819 2309 τόν
842 2247 946 2324 τόπον,
970 2243 1006 2308 ού
1029 2248 1284 2333 κεκαθὶκαμεν,
1305 2248 1352 2310 καὶ

155 2351 239 2435 λέγει
262 2375 328 2435 μοι’
361 2352 507 2436 Ἄγωμεν
531 2354 607 2434 πρὸς
629 2354 682 2414 τόν
710 2352 842 2435 πύργον·
875 2350 976 2434 όγάρ
999 2349 1168 2435 αὐθέντης
1202 2364 1263 2417 τοῦ
1285 2353 1352 2434 πύρ-

116 2475 142 2513 20
155 2478 213 2541 γου
236 2458 359 2539 ἔρχεται
389 2468 582 2542 κατανοῆσαι
614 2457 717 2522 αύτόν.
762 2459 816 2519 καὶ
838 2455 980 2538 ἤλθομεν
1013 2456 1093 2537 πρὸς
1127 2459 1189 2520 τόν
1219 2459 1350 2543 πύργον·

155 2564 209 2625 καί
233 2561 314 2637 όλως
336 2564 444 2638 οὐθεὶς
466 2561 503 2647 ἦν
527 2564 602 2645 πρδς
626 2563 720 2626 αύτδν
743 2562 834 2644 εἰμὴ
858 2561 890 2623 αἱ
912 2559 1067 2642 παρθένοι
1092 2561 1208 2643 μόναι.
1251 2567 1281 2629 7.
1303 2562 1350 2624 καὶ

156 2667 297 2750 ἐπερωτᾷ
319 2666 336 2729 ό
359 2669 472 2750 ποιμὴν
494 2668 550 2741 τάς
573 2664 760 2748 παρθένους,
784 2665 811 2728 εἰ
834 2667 896 2745 ἀρα
919 2662 1129 2747 παρεγεγόνει
1154 2666 1174 2728 δ
1200 2667 1349 2750 δεσπότις

154 2781 209 2836 τοῦ
238 2772 365 2856 πύργου.
412 2772 500 2834 αἰδὲ
529 2773 649 2856 ἔφησαν
679 2770 802 2853 μέλλειν
832 2771 926 2833 αύτδν
960 2770 1118 2850 ἔρχεσθαι
1152 2782 1348 2854 κατανοῆσαι

154 2879 210 2960 τὴν
234 2876 408 2960 οἰκοδομήν.

116 2999 141 3037 2⁶
244 2981 367 3048 6.Καί
397 2982 462 3044 ἰδού
485 2982 564 3063 μετά
594 2983 703 3063 μικρὸν
728 2978 833 3065 βλέπω
865 2976 1036 3060 παράταξιν
1060 2977 1200 3044 πολλῶν
1233 2982 1347 3063 ἀνδρῶν

155 3084 349 3168 ἐρχομένων·
380 3086 433 3147 καί
456 3085 498 3159 εἰς
521 3086 556 3146 τό
580 3083 674 3166 μέσον
698 3084 776 3167 ἀνήρ
799 3105 843 3159 τις
867 3082 987 3167 ὑψηλὸς
1009 3090 1054 3164 τῷ
1077 3082 1241 3166 μεγέθει,
1273 3087 1347 3148 ὥστε

153 3189 206 3251 τόν
229 3189 345 3272 πύργον
368 3187 538 3271 ὑπερέχειν.
584 3191 613 3253 2.
637 3188 691 3250 καὶ
714 3188 743 3250 οἱ
766 3186 798 3264 ἓξ
831 3188 940 3268 ἄνδρες
963 3186 991 3249 οἱ
1015 3186 1058 3260 εἰς
1081 3189 1142 3270 τὴν
1177 3189 1346 3272 οἰκοδομὴν

156 3291 344 3376 [ἐφεστῶτες
367 3292 405 3354 ἐκ
427 3290 534 3367 δεξιῶν
557 3312 592 3354 τε
613 3294 666 3354 καὶ
690 3293 859 3373 ἀριστερῶν
882 3290 1120 3373 περιεπάτησαν
1144 3293 1220 3376 μετ’
1244 3296 1344 3369 αὐτοῦ,

154 3399 207 3460 καί
230 3398 343 3472 πάντες
373 3396 401 3459 οἱ
430 3396 472 3471 εἰς
502 3398 557 3478 την
587 3396 768 3478 οἰκοδομὴν]
802 3394 1007 3479 ἐργασάμενοι
1043 3393 1113 3477 μετ’
1139 3399 1245 3462 αὐτοῦ
1272 3396 1345 3483 ησιιν

115 3524 140 3560 ιο
154 3503 206 3564 καί
231 3502 329 3583 ἕτεροι
360 3499 470 3562 πολλοὶ
499 3500 607 3584 κύκλῳ
639 3502 734 3564 αύτοῡ
761 3499 898 3577 ἔνδοξοι·
933 3498 965 3561 αἱ
987 3498 1022 3562 δέ
1052 3501 1217 3582 παρθένοι
1243 3504 1277 3567 αἱ
1298 3524 1344 3585 τη

153 3615 262 3686 ροῦσαι
285 3607 338 3666 τὸν
361 3604 477 3688 πύργον
500 3604 752 3687 προσδραμοῦσαι
775 3603 988 3688 κατεφίλησαν
1012 3604 1108 3667 αύτδν
1134 3609 1193 3670 καί
1214 3607 1344 3690 ἤρξαντο

154 3706 245 3791 ἐγγὺς
268 3710 364 3770 αὐτού
386 3718 563 3791 περιπατεῖν
579 3708 687 3792 κύκλῳ
712 3718 767 3772 τοῦ
782 3708 909 3794 πύργου.
957 3712 986 3774 3.
1010 3710 1159 3775 κατενόει
1176 3713 1214 3776 δέ
1238 3713 1343 3794 δάνέρ

225 3899 238 3952 l
257 3902 303 3953 καὶ
321 3897 559 3968 ἀναπαυθηναι>
577 3897 624 3951 LA
644 3898 648 3967 Ι
672 3897 704 3953 10
723 3895 813 3965 οὕτως
830 3897 1016 3954 ἀπελθόντων
1029 3914 1035 3948 :
1049 3897 1127 3950 sieut
1147 3901 1341 3961 ascenderant,

154 3981 194 4034 sic
212 3984 306 4037 ierunt
325 3984 423 4052 ΗΠΒ),
442 3984 514 4038 tales
534 3985 631 4053 quales
651 3987 787 4041 exstructi
807 3991 872 4041 sunt
891 3988 935 4052 ΑΙ
958 3985 989 4039 ll
1009 3985 1051 4042 κε’
1070 3986 1158 4044 th'
1177 3990 1211 4053 G,
1232 3990 1285 4045 XV
1302 3993 1324 4044 Δ

153 4069 192 4125 λε’
210 4070 257 4125 GL
271 4089 277 4122 τ
291 4070 368 4124 XXX
386 4073 410 4124 A
427 4073 431 4141 Ι
449 4072 526 4138 16Ι18
545 4071 718 4143 ἐλευσόμεθα
736 4105 771 4112 -
789 4074 893 4146 ἡμέρας
911 4072 1023 4126 L1L2A:
1037 4075 1074 4139 >
1094 4074 1141 4146 G!
1159 4077 1196 4131 23
1214 4076 1340 4147 αὐτὸν-β·

154 4157 287 4209 continuo
309 4158 354 4219 L¹‚
381 4160 497 4211 nuncA
522 4161 526 4228 γ
551 4160 584 4213 26
604 4156 793 4227 ὥστειὼςά
819 4164 822 4230 Ι
846 4160 925 4228 28s29
944 4158 1106 4231 ἐφεστῶτες
1131 4193 1170 4205 -
1196 4165 1340 4235 οἰκοδομῶν

153 4242 245 4296 AL⁹L¹
259 4261 265 4294 ι
279 4246 313 4308 >
327 4243 351 4298 G
