2834 5018
360 1441 883 1520 PROLEGOMENA.

419 1818 603 1885 NOTITIA
626 1818 882 1886 GENERALIS.

130 1998 297 2062 Patres
330 1990 563 2075 apostolici
591 1991 663 2055 inde
687 2014 706 2054 a
728 1992 853 2056 saeculo
876 1994 970 2060 XVII
993 1995 1138 2079 discipuli
1161 2018 1238 2079 apo·

53 2103 203 2166 stolorum
231 2097 445 2163 nominantur
476 2096 526 2160 vel
556 2096 726 2179 scriptores
757 2097 968 2177 ecclesiastici,
1001 2099 1055 2183 qui
1078 2100 1238 2183 apostolos

55 2207 207 2269 audiusse
230 2202 443 2287 putabantur.
490 2198 673 2277 Cotelerius,
699 2200 801 2264 editor
822 2202 1049 2285 scripturaram
1064 2203 1176 2268 horum
1190 2205 1238 2267 vi-

56 2332 158 2373 rorum
181 2308 338 2392 princeps
361 2303 485 2387 (1672),
509 2304 542 2368 in
564 2304 659 2368 titulo
681 2305 787 2390 operis
810 2307 848 2371 de
870 2308 1014 2390 patribus
1038 2309 1092 2392 qui
1113 2313 1237 2392 tempo·

56 2416 141 2478 ribus
165 2410 357 2496 apostolicis
379 2409 553 2474 floruerunt
575 2410 700 2474 Iocutus
723 2416 786 2486 est3
813 2412 964 2496 inopere
986 2413 1146 2478 rarissimo
1168 2414 1239 2497 ipso

56 2518 192 2581 fortasse
214 2516 310 2580 illum
333 2514 503 2578 terminum
524 2515 629 2598 ipsum
645 2515 805 2595 adhibuit;
829 2520 913 2582 certe
929 2516 1077 2595 Clericus,
1103 2519 1157 2602 qui
1172 2519 1238 2581 eius

57 2624 226 2687 editionem
250 2620 380 2704 repetiit
403 2618 511 2702 (1698,
536 2620 643 2700 1724),
667 2620 700 2683 id
715 2620 799 2699 fecit,
825 2628 857 2685 et
871 2621 951 2706 lttig
965 2622 1134 2687 editionem
1149 2644 1239 2686 suam
1335 2681 1337 2686 .

58 2727 151 2791 titulo
174 2724 396 2791 Bibliothecae
418 2725 550 2789 Patrum
573 2724 818 2809 apostolicorum
834 2726 959 2790 ornavit
982 2723 1103 2808 (1699).
1143 2725 1238 2790 Tem·

57 2854 133 2915 pore
155 2830 380 2915 progrediente
412 2830 538 2913 quidem
559 2829 729 2894 nonnullas
751 2852 790 2895 ex
812 2830 984 2914 scripturis,
1019 2852 1099 2915 quae
1121 2831 1239 2895 olima

58 2935 221 3019 discipulis
252 2933 472 3019 apostolorum
502 2933 696 3018 compositae
719 2934 817 2999 firissc
839 2936 1056 3011 censebantur,
1089 2934 1184 2998 aliam
1207 2940 1238 2998 et

57 3041 264 3124 posteriorem
288 3039 443 3122 originem
465 3038 584 3104 habere
606 3060 714 3104 omnes
737 3039 787 3103 vel
809 3040 925 3105 saltem
945 3039 1095 3123 permulti
1117 3039 1238 3104 iudica-

57 3147 145 3210 bant.
192 3144 411 3209 Nihilominus
432 3143 507 3209 illac
530 3143 706 3227 scripturae
729 3145 826 3208 etiam
846 3145 979 3228 proinde
1001 3167 1064 3207 una
1080 3164 1151 3207 cum
1165 3143 1238 3207 reli·

59 3250 129 3334 quis
153 3250 337 3313 edebantur.
385 3247 497 3315 Altera
519 3269 558 3312 cx
578 3253 670 3332 parte
688 3249 862 3332 scripturis,
887 3270 965 3334 quas
981 3249 1078 3312 editio
1092 3249 1238 3332 princeps

57 3360 89 3417 et
122 3354 275 3418 editiones
307 3353 432 3417 saeculo
460 3352 570 3417 XVIII
599 3359 765 3437 sequentes
797 3353 1095 3438 complectebantur,
1128 3357 1240 3435 postea

59 3457 139 3520 aliae
163 3456 426 3540 adiungebantur.
472 3456 653 3541 Epistulam
675 3457 715 3520 ad
738 3456 933 3540 Diognetum
959 3457 993 3520 in
1015 3455 1139 3541 sylloge
1161 3478 1238 3540 ope-

58 3584 128 3625 rum
150 3566 279 3645 patrum
303 3560 550 3645 apostolicorum
572 3561 686 3625 Hcfelc
708 3561 837 3645 recepit,
862 3561 980 3646 Papiae
996 3561 1190 3645 Fragmenta
1208 3566 1239 3624 et

58 3664 321 3747 Presbyterorum
352 3667 436 3748 apud
457 3666 623 3731 Irenaeum
651 3666 815 3749 Reliquias
837 3666 1000 3731 Gebhardt
1022 3670 1055 3730 ct
1076 3665 1236 3744 Hamack,

58 3768 213 3845 Quadrati
239 3768 468 3854 Fragmentum
487 3791 547 3854 ego
568 3769 602 3834 in
624 3770 685 3835 hac
708 3771 853 3835 editione.
899 3771 1053 3835 Doctrina
1076 3771 1238 3834 duodecim

56 3874 277 3957 apostolorum
300 3879 372 3938 ante
394 3895 498 3957 pauca
519 3874 622 3939 lustra
645 3876 770 3939 demum
792 3875 825 3939 in
847 3874 951 3939 lucem
974 3875 1100 3958 prodiit.

145 3978 234 4042 Haec
259 3979 296 4041 de
319 3979 446 4042 notione
469 3983 502 4043 ct
524 3979 647 4063 sylloge
670 3978 802 4043 Patrum
825 3979 1080 4063 apostolicorum.
1126 3978 1236 4043 Prius-

56 4106 152 4168 quam
185 4085 226 4146 ad
255 4082 398 4167 singulas
430 4083 604 4166 scripturas
634 4088 774 4161 transeo,
809 4084 904 4148 etiam
934 4105 972 4147 ea
994 4104 1125 4166 expono,
1158 4105 1238 4166 quac

56 4188 138 4253 hanc
171 4188 344 4252 editionem
374 4189 564 4272 generahter
585 4192 738 4272 spectant,
771 4192 866 4272 atque
889 4187 1040 4251 editiones
1062 4187 1184 4269 priores
1207 4191 1239 4250 et

56 4291 154 4357 libros
177 4293 353 4358 doctrinam
377 4292 508 4357 Petrum
531 4293 775 4377 apostolicorum
797 4297 970 4358 tractantes
993 4313 1149 4356 enumero.

143 4396 223 4461 Gurn
247 4401 345 4461 testes
368 4396 499 4462 Petrum
522 4396 776 4480 apostolicorum,
800 4398 922 4461 codices
943 4396 1050 4481 graeci
1073 4399 1104 4459 ct
1119 4396 1238 4461 versio-

54 4522 119 4578 nes,
145 4507 289 4585 tempore
311 4501 481 4566 novissimo
503 4501 595 4566 valde
611 4502 737 4566 adaucti
753 4501 825 4581 sint,
848 4505 954 4566 textus
969 4523 1033 4565 non
1050 4499 1151 4564 solum
1162 4522 1237 4585 pro·

107 4620 149 4661 ra
160 4621 217 4674 ak,
230 4621 313 4661 Patres
327 4625 403 4671 apost.
418 4621 454 4661 cd.
466 4619 499 4661 11.
1010 4626 1030 4667 a
