2834 5018
163 313 225 378 164
626 311 638 362 1
658 304 861 363 cnuuuunis

161 484 214 546 καί
238 483 401 567 αἰτώμεθα
433 486 495 547 ἀπὸ
524 492 579 547 τοῦ
611 482 718 556 ἐλέους
740 483 852 561 αὐτοῦ,
885 483 936 544 ἵνα
960 481 992 544 έν
1016 481 1123 565 ἀγάπη
1154 481 1335 565 εὑρεθῶμεν

162 587 235 669 δίχα
257 588 469 670 προσκλίσεως
493 587 711 672 ἀνθρωπίνης,
735 589 868 669 ἀμωμοι.
915 591 944 653 3.
970 587 1002 649 αἱ
1024 589 1128 670 γενεαί
1150 597 1251 649 πάσαι
1274 586 1335 649 ἀπὸ

164 690 265 774 Ἀδὰμ
287 693 346 768 ἕως
368 693 461 778 τῆσδε
483 703 537 776 τῆς
559 691 675 775 ἡμέρας
698 690 881 774 παρῆλθον,
907 690 979 753 ἀλλ’
1002 690 1030 753 οἱ
1054 690 1086 754 ἐν
1109 690 1218 775 ἀγάπη
1240 691 1336 755 τελει-

163 794 300 870 ωθέντες
330 799 413 859 κατὰ
435 799 491 880 τὴν
521 804 575 858 τοῦ
599 798 677 861 θεοῦ
706 795 797 877 χάριν
824 795 948 876 ἔχουσιν
978 804 1081 877 χῶρον
1115 795 1273 881 εὐσεβῶν,
1308 795 1337 859 οἳ

124 919 137 955 υ
164 902 440 985 φανερωθήσονται
477 901 509 964 ἐν
543 911 582 984 τη
621 900 776 982 ἐπισκοπῇ
809 909 863 982 της
904 899 1062 984 βασιλείας
1099 909 1154 962 τοῦ
1188 897 1336 982 Χριστοῦ.

162 1010 191 1072 4.
215 1003 385 1090 γέγραπται
408 1006 484 1090 γάρ·
511 1003 697 1070 Είσὲίθετε
719 1007 766 1085 είς
791 1005 832 1068 τὰ
855 1011 975 1085 ταμιεῖα
997 1005 1120 1090 μικρὸν
1136 1006 1221 1068 ὅσον
1244 1006 1337 1081 ὅσον,

162 1111 227 1191 ἕως
250 1111 290 1174 οὗ
313 1109 471 1196 παρέλθῃ
493 1113 515 1194 η
539 1112 621 1195 ὀργὴ
643 1111 699 1174 καί
723 1111 741 1173 δ
763 1107 874 1190 θυμός
897 1131 979 1189 μου,
1010 1111 1065 1173 καί
1089 1108 1338 1193 μνησθησομαι

162 1214 289 1299 ἡμέρας
322 1212 471 1298 ἀγαθῆς,
500 1216 556 1278 καί
587 1215 768 1298 ἀναστήσω
801 1218 888 1293 ὑμᾶς
921 1214 958 1277 ἐκ
991 1220 1062 1277 τῶν
1083 1211 1206 1297 θηκῶν
1229 1216 1336 1295 ὑμῶν.

164 1320 193 1383 5.
218 1318 363 1400 μακάριοί
386 1318 494 1401 ἐσμεν,
519 1317 684 1402 ἀγαπητοί,
713 1317 740 1380 εἰ
763 1319 801 1378 τά
824 1317 1051 1400 προστάγματα
1073 1326 1127 1378 τοῦ
1151 1319 1232 1381 θεοῦ
1256 1315 1338 1379 ἐποι-

124 1451 150 1488 ιι
164 1430 257 1504 οῦμεν
280 1422 312 1485 ἐν
343 1422 470 1506 ὁμονοίᾳ
492 1423 632 1507 ἀγάπης,
666 1422 708 1497 είς
730 1423 766 1484 τδ
789 1422 947 1505 ἀφεθῆναι
976 1419 1049 1504 ἡμῖν
1071 1420 1111 1484 δι’
1135 1421 1261 1505 ἀγάπης
1283 1422 1338 1496 τὰς

163 1525 323 1609 ἁμαρτίας.
369 1531 398 1594 6.
422 1525 593 1612 γέγραπται
615 1528 690 1610 γάρ·
714 1527 899 1610 Μακάριοι,
923 1527 974 1590 ὧν
990 1524 1175 1609 ἀφέθησαν
1198 1528 1234 1589 αἱ
1258 1527 1338 1591 ἀνο-

162 1634 236 1712 μίαι
259 1633 315 1696 καί
339 1632 389 1695 ὧν
412 1632 706 1717 ἐπεκαλύφθησαν
728 1635 763 1697 αί
786 1635 962 1716 ἁμαρτίαι·
987 1633 1152 1715 μακάριος
1176 1631 1276 1716 ἀνηρ,
1299 1631 1339 1694 οὗ

164 1737 204 1800 οὐ
225 1739 273 1820 μὴ
294 1736 467 1821 λογίσηται
496 1742 609 1823 κύριος
633 1740 817 1823 ἁμαρτίαν,
848 1737 927 1801 οὐδὲ
949 1737 1042 1800 ἐστιν
1065 1736 1103 1799 ἐν
1125 1741 1173 1818 τῷ
1198 1737 1340 1815 στόματι

164 1842 268 1904 αὐτοῦ
298 1840 406 1923 δόλος.
454 1845 482 1909 7.
507 1840 595 1916 οὗτος
619 1841 636 1903 δ
658 1842 852 1923 μακαρισμὸς
882 1839 1004 1923 ἐγένετο
1028 1838 1077 1901 ἐπὶ
1100 1843 1171 1914 τοὺς
1195 1838 1340 1922 ἐκλελεγ-

126 1969 150 2007 m
163 1941 272 2026 μένους
295 1943 355 2006 ὑπὸ
378 1953 433 2008 τοῦ
456 1948 535 2011 θεοῦ
557 1944 609 2007 διὰ
632 1942 736 2027 Ἰησοῦ
759 1942 896 2025 Χριστοῦ
918 1952 973 2005 τοῦ
1001 1942 1108 2024 κυρίου
1131 1942 1239 2026 ἡμῶν,
1271 1942 1338 2029 ᾧὴ

162 2046 237 2124 δόξα
260 2049 303 2123 εἰς
325 2052 396 2124 τοὺς
419 2050 534 2124 αἰῶνας
558 2058 620 2112 τῶν
643 2047 774 2112 αἰώνων.
821 2048 911 2132 ἀμην.

249 2154 299 2219 LI.
322 2152 406 2217 Ὅσα
429 2151 483 2217 οὖν
506 2154 724 2237 παρεπέσαμεν
747 2155 800 2215 καί
815 2152 1005 2237 ἐποιήσαμεν
1029 2153 1080 2216 διαί
1102 2174 1183 2228 τινος
1206 2162 1270 2218 τῶν
1285 2165 1339 2216 τοῦ

163 2256 388 2340 ἀντικειμένου,
419 2258 599 2341 ἀξιώσωμεν
629 2259 788 2342 ἀφεθῆναι
810 2258 895 2341 ημῖν·
929 2260 982 2320 καί
1014 2257 1125 2321 ἐκεῖνοι
1153 2257 1205 2337 δέ,
1230 2261 1340 2334 οἵτινες

164 2360 294 2444 ἀρχηγοὶ
318 2363 457 2438 στάσεως
471 2365 524 2425 καί
541 2362 740 2445 διχοστασίας
756 2361 963 2447 ἐγενήθησαν,
983 2361 1159 2444 ὀφείλουσιν
1182 2363 1218 2425 τὸ
1234 2364 1338 2426 κοινὸν

125 2496 151 2534 20
164 2474 219 2546 της
241 2464 363 2541 ἐλπίδος
386 2477 523 2533 σκοπεῖν.
570 2472 599 2533 2.
624 2468 653 2531 οἱ
674 2470 735 2553 γὰρ
757 2470 835 2551 μετά
859 2469 957 2553 φόβου
977 2469 1030 2530 καί
1056 2467 1181 2551 ἀγάπης
1196 2469 1339 2533 πολιτευ-

164 2569 267 2652 δμενοι
291 2569 418 2646 ἑαυτοὺς
448 2571 596 2637 θέλουσιν
619 2572 739 2655 μᾶλλον
767 2573 880 2648 αἰκίαις
907 2572 1097 2655 περιπίπτειν
1119 2573 1140 2656 η
1162 2578 1235 2647 τοὺς
1258 2573 1336 2659 πλη·

164 2673 249 2737 σίον·
282 2674 400 2757 μᾶλλον
429 2676 463 2738 δὲ
492 2675 611 2738 ἑαυτῶν
640 2677 837 2760 κατάγνωσιν
869 2676 1015 2759 φέρουσιν
1038 2677 1059 2760 ἡ
1080 2687 1135 2762 τῆς
1166 2680 1341 2762 παραδεδσ·

164 2776 257 2863 μένης
278 2779 349 2862 ημῖν
372 2779 478 2855 καλῶς
500 2782 553 2842 καί
577 2780 703 2855 δικαίως
726 2780 913 2863 ὁμοφωνίας.
961 2786 991 2848 3.
1015 2781 1116 2845 καλὸν
1139 2784 1199 2866 γὰρ
1215 2782 1340 2867 ἀνθρώ-

163 2904 213 2966 πιρ
242 2881 500 2969 ἐξομολογεῖσθαι
534 2886 602 2967 περί
637 2893 698 2948 τῶν
734 2886 997 2968 παραπτωμάτων
1026 2886 1047 2970 ἡ
1084 2886 1256 2970 σκληρῦναι
1285 2891 1340 2973 τὴν

127 2987 295 3070 νικαρδίαν
327 2989 437 3067 αὐτοῦ,
471 2991 582 3064 καθὼς
613 2987 811 3073 έσκληρὺνθη
834 2987 854 3071 ἡ
876 2988 989 3072 καρδία
1019 2999 1081 3054 τῶν
1108 2992 1341 3070 στασιαζόντων

164 3093 240 3173 πρὸς
270 3093 322 3156 τὸν
351 3093 532 3175 θεράποντα
558 3103 613 3157 τοῦ
645 3096 724 3160 θεοῦ
747 3093 901 3179 Μωυσῆν,
933 3092 976 3158 ὧν
999 3097 1034 3157 τδ
1060 3095 1156 3179 κρίμα
1184 3096 1341 3182 πρόδηλον

165 3195 312 3281 ἐγενήθη.
358 3203 389 3264 4.
412 3200 605 3283 κατέβησαν
626 3199 687 3283 γὰρ
710 3200 756 3279 είς
772 3198 857 3284 ᾅδου
881 3199 1016 3280 ζῶντες,
1040 3202 1093 3262 καί
1111 3200 1251 3276 θάνατος
1274 3223 1340 3264 ποι·

165 3310 265 3386 μαινεῖ
280 3302 401 3378 αὐτούς.
448 3306 477 3368 5.
502 3301 623 3384 Φαραὼ
646 3304 699 3365 καί
714 3301 734 3385 ἡ
751 3304 878 3385 στρατιὰ
895 3305 990 3366 αὐτοῦ
1006 3306 1059 3366 καί
1075 3305 1187 3379 πάντες
1204 3305 1232 3368 οἱ
1248 3305 1340 3391 ίργοὺ·

237 3488 249 3540 1
269 3485 424 3556 αἰτούμεθα
442 3486 520 3557 1113
540 3488 632 3556 της>
650 3488 675 3539 Α
690 3486 694 3555 Ι
709 3486 727 3538 4
745 3483 771 3542 οἳ
784 3485 816 3552 θ
829 3485 859 3541 δὲ
877 3483 903 3536 Η
919 3484 956 3554 15
977 3489 1102 3556 Χριστοῦ
1114 3487 1138 3537 Α
1150 3485 1189 3556 (ί)
1208 3486 1340 3542 LClem:

166 3572 293 3629 neonus
309 3573 313 3643 ι
329 3574 345 3627 ι
363 3573 461 3640 ι>1
476 3575 512 3644 ιν
531 3572 830 3644 &aperuimus
846 3575 850 3644 ι
869 3574 901 3628 10
919 3571 1022 3643 εμτνΗ
1038 3575 1041 3645 γ
1060 3575 1091 3628 12
1110 3568 1197 3632 otu:
1213 3568 1336 3650 tunsi

167 3658 199 3712 15
217 3667 267 3714 τοῦ
284 3663 362 3728 pr>
380 3659 407 3713 Η
422 3661 426 3730 Ι
444 3662 476 3715 17
494 3665 540 3717 καί
557 3658 768 3732 ἐποιήσαμεν)
785 3661 829 3730 ui
846 3661 879 3713 25
899 3662 1111 3718 στασιασάντων
1128 3662 1154 3715 Η
1177 3662 1181 3731 Ι
1204 3663 1238 3716 26
1257 3664 1341 3735 θερί·

164 3764 254 3801 ποντα
266 3765 273 3798 :
285 3742 440 3820 ἄνθρωπον
457 3746 484 3799 Η

200 3910 224 3963 3.
241 3913 343 3985 χῶρον]
363 3913 405 3969 cf.
425 3916 448 3977 5,
461 3917 486 3968 4.
504 3916 534 3978 Ἱ;
553 3914 595 3978 44,
614 3916 647 3976 5;
668 3914 740 3970 Iron.
766 3913 875 3986 ἀγαθῆς
894 3915 1090 3969 desiderantur
1108 3915 1136 3967 in
1156 3914 1260 3970 bibliis.
1297 3915 1341 3970 Ad

166 3995 198 4060 V,
218 3997 259 4060 31,
279 4001 303 4052 2.
328 4031 362 4040 -
385 3999 531 4072 ἐπισκοπῇ]
553 4001 594 4056 of.
614 4001 678 4055 Luc.
700 4002 738 4063 19,
766 4001 882 4054 tertiam
900 4002 1070 4071 particulam
1089 4001 1198 4056 accedit
1218 4002 1341 4057 εί-ἰιιω1ν

166 4087 214 4145 44;
234 4085 247 4137 1
264 4087 337 4140 Petr.
357 4088 380 4150 2,
402 4089 441 4141 12.
461 4090 501 4143 25.
767 4087 893 4150 Esdru2‚
907 4090 953 4144 16:
973 4089 1009 4143 Et
1022 4088 1196 4143 resuscitabo
1215 4092 1341 4144 mortuos

201 4175 225 4226 4.
246 4172 311 4227 Loci
330 4173 490 4229 combinati.
526 4173 620 4228 Verba
645 4178 741 4229 autem
767 4174 802 4228 de
820 4173 889 4227 loeis
903 4176 960 4230 suis
979 4179 1008 4229 et
1023 4176 1058 4230 de
1076 4177 1266 4231 monumentis
1278 4178 1340 4231 edu-

166 4258 262 4313 media
286 4260 330 4313 vel
352 4264 398 4317 καί
423 4266 618 4333 μνησθησομαι
638 4261 741 4336 ὴμέρας
768 4278 830 4316 cam
848 4261 919 4317 illos.
938 4294 972 4302 -
989 4265 1090 4337 μικρὸν
1101 4259 1180 4333 δσον]
1200 4264 1241 4318 cf.
1256 4262 1340 4318 Hebr.
