2834 5018
373 583 576 640 neurumn
594 585 799 641 cnnnnnris
818 586 969 642 nonani.
1103 593 1257 659 mvn

74 765 145 829 satis
169 765 270 829 firma
294 770 379 830 sunt.
419 765 469 829 De
492 765 578 831 cultu
600 766 724 831 iudaico
740 766 885 831 similiter
898 767 1071 850 loquuntur
1086 769 1142 833 alii
1156 770 1256 853 scrip-

74 873 155 933 tores
185 870 312 934 saeculi
342 871 470 935 secundi
502 870 552 935 vel
584 870 679 954 primi
708 872 850 936 exeuntis
883 870 937 953 (ef.
961 874 1194 939 adnotationem
1218 876 1258 939 ad

74 976 122 1049 41,
145 974 202 1055 2),
234 975 365 1059 etquis
393 976 530 1058 probare
560 981 675 1059 potest,
709 975 903 1041 Clementem
926 977 1129 1042 scribentem:
1164 976 1258 1061 ζῆλος

75 1079 126 1138 καὶ
149 1077 214 1159 ἔρις
237 1076 347 1152 πόλεις
371 1076 511 1160 μεγάλας
526 1078 747 1162 κατέστρεψεν,
771 1082 1026 1166 Hierosolymam
1044 1083 1179 1148 deletam
1194 1106 1258 1148 non

76 1188 148 1248 ante
178 1183 294 1248 oculos
324 1183 497 1249 habuisse?
542 1183 657 1251 Nonne
684 1208 722 1250 ex
746 1208 799 1265 eo,
836 1188 919 1272 quod
941 1187 979 1250 de
1001 1187 1061 1252 hac
1083 1208 1116 1250 re
1138 1210 1202 1252 non
1224 1188 1258 1252 in

78 1311 103 1353 c.
119 1292 151 1365 4,
176 1288 236 1354 ubi
260 1288 407 1372 exempla
427 1289 545 1354 veteris
567 1292 748 1355 testamenti
770 1292 914 1375 protulit,
938 1292 993 1355 sed
1015 1292 1048 1356 in
1067 1314 1092 1357 c.
1110 1292 1130 1355 6
1153 1292 1257 1378 loqui·

77 1399 138 1465 tur,
162 1393 221 1458 ubi
245 1394 283 1458 de
298 1392 492 1476 martyribus
516 1393 695 1459 christianis
709 1399 835 1473 tractat,
860 1396 1045 1462 concludere
1059 1397 1143 1475 licet,
1168 1419 1256 1462 ever-

78 1498 199 1562 sionem
231 1496 473 1580 Hierosolymae
504 1497 533 1561 ei
562 1499 759 1562 occasionem
788 1500 920 1577 dedisse,
954 1507 991 1566 ut
1019 1502 1103 1566 hunc
1134 1525 1258 1567 versum

79 1604 231 1668 adderet?

165 1707 311 1770 Econtra
340 1705 448 1788 plures
479 1706 635 1790 epistulae
661 1707 723 1771 loci
744 1708 840 1772 finem
862 1710 979 1773 saeculi
1002 1712 1148 1794 produnt.
1196 1709 1257 1774 Su-

79 1812 165 1877 bitae
190 1813 275 1876 enim
297 1811 373 1875 illae
396 1834 433 1876 ac
455 1811 516 1878 sibi
531 1812 665 1877 invicem
681 1814 883 1878 succedentes
899 1813 1106 1892 calamitates,
1124 1836 1258 1898 quarum

83 1916 144 1992 1‚1
168 1916 289 1980 mentio
311 1916 358 1992 fit,
381 1917 498 1999 potius.
512 1917 552 1980 ad
574 1916 748 1982 Domitiani
772 1940 866 2003 quam
889 1919 929 1982 ad
951 1917 1087 1982 Neronis
1108 1939 1257 2001 perseeu-

81 2021 200 2085 tionem
231 2021 389 2104 quadrant
421 2017 475 2101 (cf.
500 2020 601 2085 Tacit.
626 2021 735 2107 Agric.
760 2043 785 2086 c.
810 2024 868 2097 443
903 2021 986 2086 Suet.
1010 2022 1129 2086 Domit.
1153 2043 1179 2084 c.
1206 2021 1256 2084 ll.

84 2124 131 2187 12.
155 2126 213 2199 153
237 2123 302 2188 Dio
326 2121 412 2187 Cass.
436 2124 563 2203 LXVII,
584 2124 637 2208 14)
662 2132 694 2191 et
718 2128 757 2192 ab
782 2131 910 2192 auctore
932 2127 1009 2191 satis
1032 2126 1116 2190 clare
1139 2126 1257 2189 discer-

83 2231 200 2291 nuntur
223 2250 243 2290 a
265 2228 485 2311 persecutione
508 2231 737 2308 cruentissima,
770 2253 850 2315 quae
873 2254 899 2296 c.
924 2233 1008 2295 5-6
1032 2251 1257 2295 commemora-

84 2338 140 2396 tur.
187 2332 302 2416 Neque
331 2331 438 2396 averi
467 2332 674 2397 similitudine
696 2335 856 2412 abhorret,
888 2332 1089 2411 Clementem,
1121 2332 1148 2397 si
1169 2333 1259 2397 brevi

84 2442 155 2520 post
176 2442 314 2501 mortem
336 2437 592 2502 beatissimorum
615 2439 832 2523 apostolorum
848 2440 986 2503 scribens
1002 2437 1138 2503 Neronis
1152 2458 1257 2520 perse·

85 2541 206 2606 cutione
236 2541 408 2625 impeditus
439 2541 567 2620 fuisset,
602 2544 767 2627 quominus
796 2545 837 2608 ad
865 2541 1099 2608 Corinthiorum
1129 2541 1259 2606 dissidia

84 2647 167 2729 prius
192 2644 334 2711 animum
357 2646 543 2724 adverteret,
576 2648 614 2711 de
637 2647 839 2713 celeberrimo
868 2647 924 2713 illo
946 2647 1097 2731 martyrio
1120 2646 1259 2730 epistula

86 2751 218 2826 ineunte,
243 2771 307 2814 non
331 2750 554 2835 progrediente
578 2751 734 2815 dictinum
757 2752 863 2816 fuisse.
899 2750 1020 2816 Deinde
1035 2774 1073 2816 ex
1089 2772 1113 2815 c.
1128 2751 1257 2815 42—44

87 2859 223 2938 apparet,
248 2855 409 2939 apostolos
431 2855 496 2919 iam
520 2860 593 2919 ante
615 2854 724 2939 plures
740 2878 848 2936 annos,
871 2878 935 2920 non
949 2855 1118 2920 nonnullos
1132 2859 1258 2918 tantum

88 2959 262 3023 decessisse·
309 2959 429 3023 Auctor
450 2981 514 3025 non
536 2960 639 3024 solum
654 2961 768 3045 prodit,
794 2983 902 3026 omnes
919 2961 985 3025 fere
1000 2959 1162 3044 apostolos
1176 2959 1259 3022 inter

85 3068 221 3127 mortuos
245 3084 323 3140 esse,
357 3064 412 3127 sed
441 3065 536 3128 etiam
565 3067 616 3142 44,
642 3066 662 3129 3
686 3065 770 3140 dicit,
801 3065 886 3129 haud
907 3087 1026 3149 paucos
1047 3063 1257 3148 presbyteros,

88 3189 160 3250 quos
184 3167 325 3251 apostoli
353 3168 416 3251 ipsi
438 3168 676 3245 constituerant,
709 3169 773 3232 iam
796 3169 961 3234 defunctos
984 3170 1091 3234 luisse·
1136 3166 1258 3231 Ibidem

86 3273 259 3356 presbyteri
290 3295 310 3336 a
332 3270 505 3337 Corinthiis
534 3273 646 3337 deiecti
668 3271 931 3354 μεμαρτυρημένα
962 3269 1135 3343 πολλοῖς
1166 3267 1257 3350 χρό-

86 3394 161 3448 νοις
195 3375 416 3459 appellantur;
446 3376 499 3453 47,
524 3377 544 3440 6
567 3375 700 3440 ecclesia
721 3374 956 3440 Corinthiorum
979 3373 1095 3456 ἀρχαία
1117 3378 1256 3439 vocatur.

86 3477 161 3544 'lum
183 3481 246 3546 viri
269 3482 363 3559 63,3
392 3479 641 3557 commemorati,
676 3480 823 3545 videlicet
843 3479 953 3543 fideles
985 3484 1017 3543 et
1038 3479 1127 3556 casti,
1163 3478 1258 3561 quia

85 3582 244 3649 iuventute
267 3606 368 3669 usqne
391 3585 431 3648 ad
453 3589 646 3649 senectutem
668 3585 828 3669 inculpate
851 3585 1006 3662 vixerunt,
1032 3607 1058 3648 a.
1078 3584 1119 3647 68
1142 3581 1193 3645 vel
1216 3580 1256 3644 69

86 3685 202 3751 Romae
224 3709 289 3751 non
313 3687 451 3752 fuerunt.
497 3686 629 3751 Accedit
651 3687 792 3771 denique,
825 3689 911 3770 quod
933 3687 1137 3773 Hegesippus
1168 3684 1256 3766 (Eue.

86 3789 121 3854 H.
138 3791 176 3856 Ε.
199 3790 257 3868 ΠΙ,
276 3792 329 3872 16)
352 3795 496 3871 testatur,
520 3792 692 3858 Clementis
714 3799 856 3878 tempore
878 3794 1048 3878 epistulam
1071 3792 1257 3858 Corinthum

84 3895 210 3960 missam
234 3918 311 3974 esse,
337 3900 369 3960 et
390 3896 548 3963 Eusebius
572 3897 626 3978 (Η.
651 3898 689 3962 E.
713 3897 842 3980 111,15)
878 3898 984 3976 tradit,
1017 3897 1089 3962 inde
1112 3896 1152 3961 ab
1176 3916 1257 3959 anno

85 3998 258 4065 Domitiani
281 4000 465 4065 duodecimo
489 3999 684 4068 Clementem
715 4003 865 4068 ecclesiae
888 4003 1050 4067 Romanae
1072 4000 1256 4085 praefuisse.

169 4103 258 4180 Quae
281 4126 352 4168 cnm
374 4105 421 4170 ita
443 4106 516 4182 sint,
540 4106 607 4171 iure
629 4107 773 4192 plerique
796 4131 855 4171 vrn
878 4107 969 4184 docti,
995 4107 1104 4189 quiin
1126 4104 1258 4168 investi·

84 4210 187 4292 ganda
208 4209 384 4293 scriptrnae
407 4209 529 4294 origine
551 4213 668 4275 versati
690 4218 773 4290 sunt,
799 4211 968 4296 epistulam
990 4211 1123 4294 imperio
1145 4208 1258 4272 Domi-

84 4313 161 4377 tiani
184 4319 317 4378 exeunte
339 4314 391 4378 rel
412 4315 547 4399 imperio
569 4314 695 4379 Nervae
717 4316 844 4379 ineunte
866 4313 1018 4396 scriptam
1041 4335 1109 4378 esse
1127 4317 1258 4377 conten-

84 4416 204 4495 derunt,
228 4418 248 4481 i.
265 4439 292 4482 e.
310 4441 337 4482 a.
354 4418 494 4496 93-97,
519 4439 545 4481 e.
563 4437 593 4501 g.
611 4417 635 4481 Ι.
654 4419 691 4482 Β.
710 4415 894 4494 Cotelerius,
912 4417 1076 4502 Remigius
1096 4415 1223 4480 Ceillier
1234 4414 1257 4491 ¹,

154 4557 167 4609 l
186 4554 310 4610 Halone
322 4555 444 4624 ρὲπόναῑι
461 4553 505 4608 dea
523 4558 635 4609 autam
651 4554 739 4609 moes
756 4559 782 4608 et
800 4552 859 4607 eccl.
880 4551 947 4606 1729
966 4552 977 4604 l
996 4552 1047 4606 600
1066 4568 1107 4618 sq.
