2834 5018
405 677 455 731 AD
475 676 695 733 SMYRNAEOS
716 677 772 742 VII,
793 679 934 743 1-1x‚2.
1194 684 1257 749 283

77 859 199 940 gerent.
246 855 275 917 2.
302 854 400 918 Decet
433 855 541 939 itaque
574 857 732 921 abstinere
755 881 773 921 a
797 858 914 922 talibus
945 880 1047 941 neque
1070 859 1103 922 in
1132 857 1256 941 privato

75 982 180 1043 neque
211 959 243 1022 in
267 959 425 1023 communi
455 960 615 1045 colloquio
644 962 682 1025 de
711 961 774 1025 illis
806 963 904 1027 verba
934 962 1054 1038 facere,
1088 963 1255 1027 adtendere

78 1069 184 1128 autem
199 1064 374 1148 prophetia
398 1065 567 1148 praecipue
583 1070 689 1129 autem
705 1067 878 1151 evangelio,
903 1068 935 1130 in
957 1089 1019 1150 quo
1042 1068 1148 1151 passio
1163 1069 1255 1132 nobis

75 1173 204 1233 ostensa
226 1173 258 1231 et
280 1168 469 1233 resurrectio
492 1169 632 1252 perfecte
656 1171 872 1235 demonstrata
895 1175 951 1234 est.
999 1172 1180 1236 Divisiones
1196 1195 1253 1235 au·

75 1278 142 1337 tem
165 1272 268 1355 fugite
291 1279 327 1338 ut
351 1275 543 1357 principium
565 1275 731 1340 malorum.
1269 1297 1281 1337 a

163 1376 250 1440 VIII.
274 1378 390 1443 Omnes
414 1379 562 1462 episcopo
585 1381 813 1464 obtemperate,
836 1386 873 1445 ut
888 1380 975 1445 lesus
992 1379 1136 1445 Christus
1158 1382 1254 1465 patri,

76 1489 108 1546 et
131 1482 329 1566 presbyterio
355 1487 390 1546 ut
413 1483 583 1566 apostolis;
619 1484 767 1549 diaconos
791 1489 897 1550 autem
919 1486 1124 1550 revereamini
1146 1491 1182 1550 ut
1206 1484 1255 1549 dei

74 1588 269 1652 mandatum.
317 1587 494 1671 Separatim
518 1591 558 1653 ab
591 1591 739 1673 episcopo
762 1611 853 1654 nemo
877 1591 1050 1674 quidquam
1080 1590 1177 1654 faciat
1200 1611 1253 1654 eo·

75 1716 163 1767 rum,
189 1713 269 1775 quae
293 1693 332 1755 ad
355 1693 520 1758 ecclesiam
544 1700 700 1778 spectant.
747 1694 863 1759 Valida
886 1695 1078 1759 eucharistia
1099 1695 1256 1760 habeatur

75 1796 141 1872 illa,
168 1818 247 1880 quae
271 1798 330 1861 sub
354 1798 502 1882 episcopo
533 1799 699 1883 peragitur
720 1799 770 1863 vel
793 1801 851 1864 sub
875 1822 930 1877 eo,
962 1800 1012 1864 cui
1035 1801 1102 1884 ipse
1125 1819 1293 1863 conces-1⁰

75 1903 160 1966 serit.
207 1902 237 1963 2.
262 1899 327 1965 Ubi
343 1903 554 1984 comparuerit
570 1903 744 1987 episcopua,
768 1904 814 1969 ibi
830 1909 861 1968 et
881 1905 1051 1969 multitudo
1068 1905 1117 1981 sit,
1143 1924 1253 1989 quem-

75 2007 245 2070 admodum
275 2006 331 2069 ubi
353 2006 450 2068 fuerit
473 2004 618 2070 Christus
641 2007 748 2083 Iesus,
780 2008 825 2071 ibi
848 2008 1006 2073 catholica
1028 2014 1077 2072 est
1111 2008 1251 2073 ecclesia.

74 2111 149 2175 Non
172 2109 247 2173 licet
262 2110 329 2174 sine
354 2110 502 2194 episcopo
519 2134 620 2195 neque
643 2113 803 2195 baptizare
818 2135 920 2197 neque
935 2134 1059 2196 agapen
1075 2113 1253 2189 celebrare;

75 2217 130 2279 sed
156 2215 375 2298 quodcumque
398 2215 452 2278 ille
475 2217 673 2299 probaverit,
705 2217 765 2281 hoc
787 2221 819 2281 et
848 2218 906 2282 deo
930 2223 978 2282 est
1008 2216 1253 2300 beneplacitum,

75 2326 111 2384 ut
134 2321 260 2383 firmum
283 2324 315 2382 et
337 2318 478 2383 validum
501 2321 543 2383 sit
566 2342 666 2398 omne,
692 2322 776 2405 quod
798 2323 970 2406 peragitur.
1268 2340 1293 2378 1⁶

162 2422 219 2487 IX.
246 2423 376 2487 Rationi
399 2429 537 2488 ceterum
561 2427 714 2504 convenit,
739 2426 854 2491 iterum
877 2427 999 2491 sobrios
1021 2426 1090 2490 fieri
1113 2430 1152 2501 et,
1178 2425 1254 2488 dum

75 2531 179 2594 adhuc
202 2532 327 2611 tempus
350 2527 513 2604 habemus
538 2530 579 2593 ad
602 2530 695 2593 deum
716 2552 774 2614 per
795 2531 1024 2614 paenItentiam
1046 2530 1156 2594 redire.
1187 2529 1253 2593 Bo·

73 2657 150 2699 num
174 2638 231 2703 est,
257 2634 348 2696 deum
364 2637 397 2695 et
420 2633 603 2717 episcopum
618 2635 783 2699 honorare.
831 2634 892 2710 Qui
907 2635 1044 2699 honorat
1059 2635 1252 2719 episcopum,

75 2739 175 2803 adeo
206 2738 379 2801 honoratus
403 2741 466 2814 est;
499 2738 553 2820 qui
576 2738 657 2802 clam
689 2739 837 2822 episcopo
861 2739 981 2823 aliquid
1005 2740 1092 2823 agIt,
1127 2738 1253 2803 diabolo

75 2843 182 2907 servit.
229 2843 259 2904 2.
285 2840 399 2905 Omnia
414 2863 498 2904 nunc
522 2841 718 2908 abundanter
733 2843 822 2908 vobis
846 2844 952 2929 gratia
966 2843 1141 2928 largiatur;
1166 2841 1254 2926 dIgni
1268 2859 1293 2898 20

74 2948 158 3012 euim
181 2947 266 3010 estis.
314 2945 408 3009 Omni
430 2945 524 3009 modo
558 2967 609 3009 me
631 2947 814 3022 recreastis,
850 2951 882 3010 et
910 2969 964 3011 vos
987 2947 1075 3011 Iesus
1099 2945 1252 3010 Christus.

74 3052 249 3116 Absentem
280 3072 330 3113 me
353 3054 385 3113 et
414 3054 614 3132 praesentem
645 3050 806 3115 dilexistis.
853 3051 1023 3115 Retribuat
1054 3052 1143 3116 vobis
1168 3053 1252 3127 deus,

74 3159 206 3240 propter
229 3175 323 3238 quem
345 3154 451 3218 omnia
474 3155 666 3219 sustinentes
689 3157 794 3239 ipsum
817 3156 1045 3239 adipiscemini.

74 3276 192 3343 peritur.
245 3271 379 3324 Nonnulli
415 3271 650 3341 interpretatores
678 3291 783 3345 magna
801 3289 1020 3328 commemorare
1038 3272 1168 3335 voluisse,
1189 3272 1253 3326 etsi

75 3361 228 3416 acatholici
246 3363 433 3428 putaverunt.
453 3360 595 3430 ignatium
613 3361 651 3414 lo·
678 3379 722 3415 res
740 3362 783 3416 ita
801 3378 831 3415 se
857 3362 961 3425 habet,
990 3359 1178 3429 colligendum
1200 3362 1252 3420 est,

75 3449 125 3515 qui
144 3449 177 3501 de
196 3449 300 3501 risibili
318 3450 369 3501 aut
392 3447 426 3500 de
444 3464 508 3501 cara
526 3447 651 3502 ecclesia.
678 3464 746 3503 voce
765 3447 858 3521 ἀγάπη
872 3464 936 3502 eum
954 3446 1041 3501 etiam
1054 3445 1255 3500 eucharistiam

75 3536 183 3590 Revera
196 3534 321 3588 ecclesiis
334 3535 451 3604 airmalia
469 3536 596 3588 univerae
609 3551 651 3587 cc·
679 3534 934 3603 comprehendisse.
970 3532 1160 3589 Tertullianus
1186 3549 1253 3598 quo·

75 3623 162 3677 alesia
189 3621 358 3691 opponitur,
388 3622 417 3674 et
444 3625 476 3675 ut
504 3621 651 3690 episcopus
678 3639 741 3690 que,
761 3622 804 3675 De
822 3621 892 3691 virg.
912 3621 965 3675 vel.
984 3639 1007 3674 c.
1025 3623 1058 3683 93
1086 3618 1127 3672 De
1146 3619 1253 3672 exhort.

74 3711 187 3764 illarum
201 3708 342 3779 (visibile),
362 3707 402 3760 sic
413 3707 541 3762 Christus
552 3709 651 3762 harum
679 3710 745 3762 cast.
760 3723 783 3760 c.
794 3708 817 3771 7,
828 3707 1002 3777 baptismum
1011 3711 1041 3762 et
1050 3705 1253 3761 euchalistiam

74 3797 241 3866 (invisibile)
255 3800 342 3863 caput
355 3794 521 3848 declaratur.
534 3827 570 3834 -
587 3792 651 3852 οὔτε
678 3795 800 3865 (tingere
819 3799 848 3849 et
860 3795 971 3863 offerre)
991 3794 1076 3848 simul
1089 3809 1253 3847 commemo-

72 3884 224 3958 βιτπτιζειν]
244 3883 285 3936 cf.
306 3881 381 3935 Tert.
402 3881 444 3935 Dc
462 3882 540 3951 bapt.
560 3898 583 3935 c.
605 3883 650 3944 17;
678 3886 730 3936 rat.
771 3882 877 3937 Eodem
905 3881 964 3935 fere
991 3882 1118 3950 tempore
1145 3878 1253 3932 Plinius

75 3973 157 4040 Cypr.
177 3970 227 4039 Ep.
248 3970 281 4025 73
311 3986 333 4022 c.
353 3972 383 4030 73
412 3968 531 4022 Constit.
559 3972 649 4037 apost.
678 3967 729 4038 Ep.
749 3969 782 4033 X,
801 3970 834 4024 97
860 3969 974 4036 quidem
999 3966 1198 4022 eucharistiam
1217 3967 1252 4020 ab

73 4059 122 4120 III,
143 4059 183 4113 11.
202 4089 235 4097 -
254 4054 320 4114 οὔτε
338 4055 448 4127 ἀγάπην
466 4057 505 4126 ra]
525 4056 650 4126 Interpo-
679 4071 770 4126 agape
788 4055 846 4109 iam
864 4057 1024 4126 separatam
1047 4054 1135 4107 fuisse
1153 4053 1255 4109 testari

73 4147 150 4199 lator
162 4145 295 4206 sentiens,
311 4142 511 4197 eucharistiam
523 4144 577 4197 hoc
589 4143 650 4199 loco
678 4143 797 4197 videtur.
834 4143 917 4197 Ritus
943 4145 1038 4197 autem
1065 4158 1122 4196 non
1149 4141 1254 4209 ubique

73 4233 151 4285 haud
161 4231 245 4284 facile
256 4231 354 4284 deesse
364 4246 456 4298 posse,
469 4232 561 4285 verbis
570 4248 650 4301 prae·
678 4232 754 4286 idem
772 4234 833 4285 erat
857 4231 903 4284 vel
920 4231 1026 4297 ubique
1048 4229 1132 4298 plane
1156 4229 1254 4283 eodem

72 4319 164 4373 misit:
191 4314 256 4376 odra
273 4317 444 4390 προσφέρειν
468 4313 532 4374 οὔτε
551 4322 652 4376 θυσίαν
678 4324 804 4389 tempore
822 4319 992 4372 mutabatur.

72 4410 278 4479 προσκομίζειν.
297 4405 406 4457 Revera
418 4419 476 4456 non
494 4403 553 4458 sine
566 4422 652 4458 causa
712 4408 758 4471 IX,
781 4410 801 4461 1.
821 4405 930 4475 λοιπόν]
960 4404 1001 4460 cf.
1020 4403 1091 4472 Ilph.
1112 4405 1157 4466 11,
1179 4406 1200 4458 l.
1220 4434 1254 4443 —

73 4493 232 4563 opinamur,
246 4492 389 4562 ignatium
402 4491 494 4544 verbis
511 4496 652 4565 βαπτίζειν
677 4491 716 4562 ὼς
734 4491 773 4551 ἔτι
791 4494 861 4563 κτλ]
889 4491 930 4546 Cf.
957 4491 1019 4547 Gal.
1040 4492 1068 4555 6,
1090 4492 1129 4546 10.
1158 4523 1191 4531 -
1218 4491 1253 4548 εἰ·

73 4584 104 4637 et
122 4580 232 4653 ἀγάπην
249 4589 340 4637 ποιεῖν
356 4577 515 4632 ministeria
527 4578 651 4649 episcopi
678 4579 762 4649 olvat]
776 4603 811 4628 =
825 4588 915 4650 τιμᾶν.
934 4578 976 4633 Of.
995 4579 1007 4632 1
1026 4578 1122 4633 Thess.
1142 4580 1165 4643 5,
1187 4580 1226 4633 12.

71 4665 245 4738 principalia
263 4666 308 4719 vel
323 4668 502 4719 sacramenta
515 4666 650 4720 ecclesiae
712 4670 736 4722 2.
756 4665 865 4725 ἀπόντα
881 4666 955 4737 κτλ]
973 4667 1014 4721 cf.
1033 4665 1158 4736 Philipp.
1174 4667 1259 4728 hist.
