2834 5018
185 329 226 391 46
675 317 875 374 σιτιιιιιιιιπ

184 519 249 576 κεν,
272 498 340 579 περί
364 494 399 559 οὗ
422 495 603 580 γέγραπται,
628 494 670 570 ὡς
693 492 799 579 Ἑνὼχ
821 495 915 579 λέγει.
955 497 997 572 είς
1022 506 1113 560 τοῦτο
1129 498 1189 581 γὰρ
1212 497 1229 559 δ
1253 496 1364 560 δεσπό-

184 625 238 687 της
268 601 474 687 συντέτμηκεν
504 603 575 675 τοὺς
606 603 732 681 καιροὺς
766 603 818 664 καί
854 603 909 676 τὰς
940 599 1075 684 ἡμέρας,
1109 603 1161 666 ἵνα
1195 601 1315 685 ταχὺνη
1348 601 1365 663 δ

185 705 383 790 ἡγαπημένος
414 706 510 768 αὐτοῦ
538 705 592 767 καί
624 703 673 767 ἐπί
706 707 761 788 τἠν
790 703 1000 788 κληρονομίαν
1032 705 1100 790 ἣξη.
1146 711 1175 772 4.
1214 705 1299 790 λέγει
1331 706 1365 768 δὲ

185 813 283 884 οὕτως
306 811 360 873 καί
384 809 400 872 ὁ
422 809 599 893 προφήτης
624 807 803 873 Βασιλεῑαι
820 807 902 873 δέκα
918 809 974 873 ἐπί
992 816 1050 895 τῆς
1066 817 1126 895 γῆς
1141 810 1365 895 βασιλεύσου-

158 947 168 977 ι
188 938 252 994 σιν,
269 915 326 978 καί
342 911 606 998 ἐξαναστησεται
623 911 771 977 ὄπισθεν
786 914 906 998 μικρὸς
922 914 1092 998 βασιλεύς,
1109 919 1145 997 ὃς
1161 918 1365 980 ταπεινώσει

184 1027 271 1106 τρεῖς
294 1020 353 1102 ὑφ’
377 1022 415 1083 ἓν
438 1024 508 1083 τῶν
529 1018 710 1103 βασιλέων.
758 1021 787 1084 5.
828 1018 941 1102 ὁμοίως
971 1020 1039 1101 περί
1068 1028 1122 1082 τοῦ
1153 1020 1248 1081 αὐτοῦ
1281 1017 1365 1100 λέγει

184 1123 319 1207 Δανιὴλ·
366 1123 437 1188 Καὶ
468 1123 560 1187 είάον
582 1124 620 1187 τὸ
644 1124 804 1208 τέταρτον
830 1121 955 1209 θηρίον
982 1124 1021 1188 τὸ
1048 1125 1203 1209 πονηρὸν
1233 1125 1290 1187 καί
1314 1125 1364 1186 ίσ·

184 1230 289 1313 χορὸν
311 1229 368 1293 καὶ
390 1226 630 1313 χαλεπώτερον
652 1228 747 1312 παρὰ
769 1230 883 1293 πάντα
907 1229 948 1292 τὰ
970 1228 1076 1314 θηρία
1099 1235 1157 1313 τῆς
1172 1227 1363 1312 θαλάσσης,

185 1335 240 1397 καὶ
265 1336 311 1414 ὡς
334 1331 371 1412 ἐξ
394 1335 499 1397 αὐτοῦ
522 1332 694 1397 ἀνέτειλεν
717 1332 798 1396 δέκα
820 1334 956 1418 κέρατα,
979 1335 1036 1397 καὶ
1060 1331 1097 1413 ἐξ
1112 1336 1227 1397 αὐτῶν
1241 1333 1365 1416 μικρὸν

147 1462 171 1498 ιι
185 1438 286 1523 κέρας
309 1437 565 1523 παραφυάάιον,
589 1437 645 1500 καί
669 1440 715 1517 ὡς
738 1437 970 1502 ἐταπείνωσεν
992 1439 1051 1521 ὑφ’
1075 1441 1113 1501 ἓν
1128 1441 1204 1522 τρία
1220 1443 1290 1500 τῶν
1305 1458 1364 1516 με·

184 1543 301 1625 γάλων
331 1544 493 1629 κεράτων.
541 1545 570 1608 6.
606 1540 740 1605 συνιέναι
769 1539 822 1604 οὖν
853 1541 1004 1624 ὀφείλετε.
1050 1542 1094 1603 ἔτι
1127 1541 1161 1604 δὲ
1192 1541 1244 1603 καί
1273 1549 1364 1602 τοῦτο

185 1646 290 1729 ἐρωτῶ
313 1647 392 1730 ὑμᾶς
415 1645 457 1721 ὡς
473 1643 516 1721 είς
540 1645 572 1722 ἐξ
588 1645 674 1728 ὑμῶν
690 1646 744 1725 ὢν,
769 1646 852 1722 ἰδίως
875 1647 909 1709 δέ
927 1648 981 1710 καί
999 1647 1117 1721 πάντας
1135 1647 1267 1729 ἀγαπῶν
1287 1645 1364 1726 ὑπὲρ

184 1753 239 1834 τὴν
263 1750 365 1834 ψυχήν
389 1771 464 1833 μου,
493 1747 657 1832 προσέχειν
688 1759 740 1812 νῦν
769 1748 889 1824 ἑαυτοῖς
919 1751 974 1812 καί
1004 1753 1046 1833 μὴ
1076 1751 1264 1833 ὁμοιοῦσθαί
1287 1763 1380 1814 τισιν

185 1855 428 1937 έπισωρεὺοντας
451 1863 518 1928 ταῖς
542 1852 703 1936 ἁμαρτίαις
726 1853 811 1936 ὑμῶν
835 1853 994 1936 λέγοντας,
1017 1857 1064 1917 ὅτι
1087 1854 1106 1937 ἡ
1129 1855 1269 1940 διαθήκη
1286 1855 1364 1918 ἐκεί-

148 1981 246 2024 ιινων
268 1961 322 2022 καί
343 1958 441 2043 ἡμῶν.
486 1961 513 2023 7.
537 1956 625 2040 ἡμῶν
649 1956 722 2040 μέν·
747 1957 819 2021 ἀλλ’
843 1958 954 2022 ἐκεῖνοι
979 1962 1076 2035 οὕτως
1100 1961 1142 2035 εἰς
1165 1959 1254 2036 τέλος
1277 1960 1363 2024 άπιίι-

185 2064 280 2128 λεσαν
304 2066 400 2145 αὐτὴν
429 2063 579 2148 λαβόντος
606 2063 665 2146 ἤδη
698 2073 753 2126 τοῦ
777 2063 945 2138 Μωυσέως.
993 2063 1076 2149 λέγει
1105 2067 1166 2149 γὰρ
1195 2080 1216 2148 η
1238 2065 1363 2150 γραφή·

187 2169 255 2234 Καί
280 2172 323 2253 ἥν
347 2169 501 2254 Μωῦσῆς
525 2169 633 2251 ἐντῷ
658 2169 728 2252 ὄρει
751 2172 928 2252 νηστεύων
959 2170 1087 2255 ἡμέρας
1110 2171 1366 2253 τεσσαράκοντα

186 2275 241 2337 καί
272 2277 396 2354 νύκτας
420 2275 674 2358 τεσσαράκοντα
697 2275 753 2337 καὶ
777 2273 900 2358 ἔλαβεν
927 2276 990 2358 τὴν
1019 2272 1190 2358 διαθήκην
1213 2274 1282 2337 άπὸ
1306 2281 1365 2338 τοῦ

185 2381 321 2462 κυρίου,
350 2377 483 2457 πλάκας
507 2376 642 2458 λιθίνας
665 2378 898 2463 γεγραμμένας
923 2385 970 2461 τῷ
994 2377 1149 2461 δακτύλῳ
1174 2383 1233 2461 τῆς
1255 2380 1365 2463 χειρὸς

147 2508 171 2545 τι
186 2489 246 2545 τοῦ
278 2484 405 2566 κυρίου.
453 2486 482 2548 8.
517 2480 600 2544 ἀλλὰ
632 2480 869 2563 ἐπιστραφέντες
900 2480 949 2543 ἐπί
981 2483 1020 2544 τὰ
1051 2480 1166 2544 εἴδωλα
1196 2481 1364 2545 ἀπώλεσαν

186 2585 292 2669 αὐτήν.
338 2585 421 2669 λέγει
453 2589 513 2670 γὰρ
542 2589 641 2662 οὕτως
667 2587 787 2668 κύριος·
835 2587 972 2671 Μωϋσῆ
1004 2586 1161 2670 Μωϋσῆ,
1194 2584 1365 2671 κατάβηθι

186 2692 223 2755 τὸ
246 2692 356 2773 τάχος,
380 2692 430 2755 ὅτι
453 2693 627 2775 ηνόμησεν
650 2694 668 2755 δ
692 2691 773 2772 λαός
798 2713 879 2769 σου,
903 2696 961 2771 οὓς
986 2689 1144 2775 ἐξήγαγες
1161 2690 1199 2753 ἐκ
1221 2697 1282 2774 γῆς
1304 2689 1364 2754 Αλ-

186 2798 323 2879 γύπτου.
378 2798 432 2859 καί
462 2806 596 2880 συνῆκεν
629 2794 765 2879 Μωυσῆς
793 2796 846 2857 καί
874 2794 978 2877 ἔριψεν
1008 2797 1063 2869 τὰς
1095 2795 1150 2858 δύο
1179 2793 1305 2869 πλάκας
1328 2792 1364 2855 ἐκ

186 2908 246 2963 τῶν
274 2909 386 2983 χειρῶν
417 2901 529 2962 αὐτοῦ·
561 2901 615 2962 καί
639 2898 799 2985 συνετρίβη
830 2901 932 2963 αὐτῶν
961 2898 1162 2984 ηδιαβηκη,
1192 2901 1244 2962 ἵνα
1266 2899 1287 2983 η
1311 2908 1363 2961 τοῦ

147 3029 172 3065 τι
186 3004 387 3088 ηγαπημένου
420 3003 523 3088 Ἰησοῦ
554 3002 858 3088 ἑγκατασηραγισθη
888 3005 930 3078 είς
963 3005 1018 3086 τἠν
1050 3002 1181 3085 καρδίαν
1211 3003 1300 3087 ἡμῶν
1331 3001 1363 3064 έν

258 3178 270 3229 1
286 3174 372 3248 Ἑνὼχ
391 3175 436 3229 SH
450 3195 455 3228 :
469 3175 570 3229 Daniel
588 3175 610 3228 L
635 3177 639 3245 ί
663 3175 681 3228 4
698 3180 833 3248 βασιλεῖαι
853 3175 893 3229 SL
907 3195 913 3227 :
926 3182 1037 3249 βασλεῖς
1056 3177 1081 3230 Η
1099 3177 1172 3231 LXX
1189 3179 1193 3248 Ι
1210 3179 1225 3231 5
1245 3175 1365 3234 ὄπισθεν

188 3262 250 3316 HL:
261 3262 397 3333 -l-avtwv
416 3262 434 3316 S
453 3261 528 3316 LXX
543 3263 547 3330 ί
564 3263 579 3315 7
598 3257 672 3318 εἶδον
691 3257 812 3318 saulae
832 3261 857 3313 Η
874 3263 878 3332 ί
895 3265 928 3320 τὸ
949 3266 1029 3331 sec>
1048 3264 1066 3318 S
1082 3263 1119 3334 18
1140 3265 1282 3334 θαλάσσης
1299 3263 1362 3316 HL:

187 3372 236 3423 γης
254 3349 271 3403 S
288 3349 291 3418 Ι
309 3352 339 3404 ll
360 3350 389 3406 δὲ
408 3350 488 3417 81>
506 3349 554 3403 HL
579 3351 583 3420 Ι
610 3352 642 3404 13
661 3358 710 3405 νῦν
728 3348 868 3416 82>HL
893 3351 898 3413 Ι
924 3350 956 3405 14
974 3369 1192 3424 επισωρενοντες
1211 3353 1229 3405 S
1249 3354 1253 3421 Ι
1272 3354 1304 3407 14
1322 3368 1362 3418 sq.

186 3435 298 3493 ἐκείνων
314 3441 362 3493 καί
380 3440 465 3509 ἡμῶν.
486 3440 563 3508 ἡμῶν
580 3436 633 3506 μὲν
653 3436 675 3489 L
693 3435 817 3506 (illorum
836 3441 865 3490 et
883 3439 1011 3491 nostrum
1030 3442 1089 3500 εστι
1108 3443 1237 3492 nostrum
1255 3443 1299 3493 eal
1318 3456 1363 3492 au·

185 3525 269 3592 lem):
288 3544 366 3594 ημων
383 3543 437 3593 μεν
455 3523 481 3586 S,
500 3522 579 3593 ὑμῶν
597 3520 662 3592 ὑμῖν
679 3522 756 3591 μένει
775 3522 800 3574 Η
817 3523 821 3589 Ι
838 3522 872 3576 20
891 3527 976 3591 τοῦ)
995 3524 1091 3594 Η123
1110 3521 1258 3599 ἐρριψενΗ

185 3663 285 3725 nabae,
298 3666 330 3716 nl
343 3662 419 3715 reale
433 3661 505 3716 dixit
518 3661 689 3732 Hilgenfeld,
703 3679 759 3716 non
787 3664 883 3713 curate
911 3659 1056 3725 laudavit,
1086 3663 1134 3715 sed
1163 3662 1273 3731 aliquot
1301 3681 1363 3734 pro·

186 3753 243 3802 tam
275 3751 308 3805 τὸ
336 3770 359 3806 τ.
390 3749 545 3806 σκάνδαλον
576 3748 760 3803 adventurum
786 3747 891 3817 phalae
918 3747 1006 3802 verba
1024 3750 1136 3814 omisit,
1165 3751 1222 3805 alia
1251 3751 1362 3811 adiecit,

185 3835 277 3904 ipsum
306 3854 390 3903 quam
419 3836 451 3893 τὸ
471 3857 494 3892 τ.
513 3856 555 3892 σκ.
580 3841 644 3910 περὶ
666 3832 699 3894 οὗ
717 3837 760 3910 γέ-
786 3835 955 3904 praesertim
972 3833 1021 3907 ὑφ’
1039 3833 1076 3894 έν.
1112 3838 1196 3892 Haud
1215 3839 1300 3893 dubie
1318 3839 1362 3891 de-

186 3943 320 3995 γραπιαι,
344 3925 387 3977 vel
408 3923 561 3991 scriptione
580 3922 694 3977 caelesti
711 3940 759 3977 no·
786 3926 944 3976 monstrare
963 3924 1069 3986 voluit,
1099 3924 1225 3979 Danielis
1243 3924 1362 3994 prophe·

185 4012 284 4072 talum,
304 4009 404 4064 testari
422 4011 542 4064 videtur.
563 4041 595 4050 -—
620 4009 658 4076 εἰς
677 4019 760 4067 τοῦτο
786 4011 857 4063 tiam
877 4028 927 4064 suo
941 4014 1069 4080 tempore
1089 4013 1235 4081 impletam
1250 4030 1317 4073 esse,
1336 4016 1364 4065 εί

185 4096 254 4165 κτλ]
275 4097 315 4150 ef.
336 4097 406 4151 Dan
426 4097 450 4161 9,
469 4099 510 4152 24.
530 4098 577 4159 2'l;
604 4097 704 4150 Malth.
717 4098 758 4160 24,
787 4113 905 4165 parvum
923 4114 1018 4168 regem
1032 4100 1067 4152 de
1079 4099 1250 4168 imperatore
1264 4100 1363 4153 Roma·

186 4185 209 4238 6.
229 4183 277 4244 ‘223
296 4184 381 4237 Marc.
403 4187 441 4246 13,
462 4184 485 4237 7.
504 4184 545 4237 20.
773 4201 888 4239 ‚norum
897 4185 1107 4254 interpretatur,
1120 4185 1163 4239 eui
1176 4185 1363 4240 loeumunde·

219 4272 244 4326 4.
265 4272 369 4324 Auctor
387 4271 480 4324 locum
498 4270 623 4324 Danielis
642 4287 698 4324 non
717 4286 760 4324 ae·
773 4278 776 4283 '
789 4270 891 4324 nimum
898 4272 1037 4326 attribuit.
1048 4274 1089 4328 cf.
1098 4272 1304 4343 Prolegomena
1312 4274 1363 4326 α4.
