2834 5018
491 710 560 765 Slhl.
579 710 626 776 IX,
644 712 669 775 9,
686 712 780 777 4-10,
799 713 823 766 5.
1181 720 1244 785 595

71 893 177 953 turam
193 889 305 973 aptari,
330 890 405 973 quia
418 890 509 955 valde
532 891 689 975 splendidi
705 897 787 957 sunt.
834 893 863 955 5.
888 891 1028 959 Vocatus
1050 898 1125 958 sunt
1140 900 1245 960 autem

73 993 238 1058 duodecim
265 993 426 1070 mulieres,
460 994 709 1077 speciosissimae
730 995 849 1080 figura,
882 997 975 1082 nigra
997 1003 1083 1062 veste
1105 999 1243 1078 indutae,

72 1097 250 1162 succinctae
282 1101 313 1161 et
346 1096 494 1162 humeros
525 1100 659 1162 nudatos
692 1099 843 1164 habentes
883 1105 914 1165 et
946 1101 1078 1185 capillos
1111 1104 1243 1169 solutos.

72 1201 271 1266 Videbantur
293 1207 398 1266 autem
427 1202 506 1266 mihi
527 1202 587 1267 hae
615 1203 762 1268 mulieres
783 1210 923 1289 agrestes
950 1228 1025 1270 esse.
1072 1207 1169 1272 Iussit
1191 1231 1245 1274 eas

71 1310 183 1390 pastor
209 1306 319 1371 tollere
349 1306 472 1391 lapides
503 1308 541 1371 (16
573 1312 731 1373 structura
761 1309 894 1374 reiectos
926 1314 958 1374 et
981 1310 1106 1376 auferre
1135 1333 1188 1376 eos
1210 1313 1272 1377 inv

71 1415 205 1486 montes,
230 1412 312 1475 unde
336 1410 426 1476 allati
449 1417 547 1476 erant.
594 1413 623 1476 6.
647 1411 718 1476 Η66
734 1415 840 1476 autem
863 1414 1035 1497 gaudentes
1050 1414 1246 1479 sustulerunt

72 1520 104 1579 et
134 1515 333 1581 abstulerunt
362 1539 470 1582 omnes
499 1517 620 1601 lapides
649 1518 756 1601 ibique
788 1522 975 1602 posuerunt,
1011 1518 1093 1582 unde
1127 1519 1246 1602 sumpti

72 1625 171 1685 erant·
216 1622 260 1685 Et
283 1643 353 1685 cum
375 1643 483 1686 omnes
510 1621 632 1706 lapides
654 1621 774 1686 sublati
803 1627 907 1687 essent
928 1644 1029 1707 neque
1056 1622 1140 1688 ullus
1163 1623 1247 1688 circa

73 1724 185 1789 turrim
207 1725 334 1801 iaceret,
358 1725 435 1790 dicit
456 1725 534 1789 mihi
549 1728 677 1809 pastor:
702 1723 937 1791 Circumeamus
952 1728 1064 1792 turrim
1087 1734 1119 1793 et
1137 1729 1245 1793 videa·

71 1851 150 1905 mus,
173 1850 214 1893 ne
237 1829 357 1913 aliquid
372 1829 453 1895 desit
474 1831 507 1894 in
530 1853 575 1894 ea.
621 1830 666 1894 Et
688 1830 849 1895 circumivi
864 1853 924 1916 ego
947 1854 1017 1896 cum
1033 1854 1079 1897 6ο.
1127 1835 1155 1897 7.
1180 1833 1244 1898 Ρ6-
1260 1848 1285 1886 1⁰

73 1939 140 1999 stor
162 1937 268 1998 autem
290 1955 361 1997 cum
384 1934 503 1999 videret
524 1934 638 1998 turrim
654 1934 797 1999 decoram
822 1956 899 2013 esse,
923 1936 1013 2001 valde
1035 1937 1145 2002 hilaris
1161 1943 1244 2013 erat;

70 2039 166 2103 turris
181 2039 265 2102 enim
279 2038 323 2101 ita
346 2037 509 2103 aedificata
523 2042 608 2116 6661,
623 2042 660 2103 ut
675 2060 735 2124 ego
751 2038 859 2102 videns
875 2040 1126 2124 concupiscerem
1141 2045 1245 2106 struo·

70 2147 173 2207 turam
203 2143 287 2217 eius;
319 2142 366 2206 ita
395 2142 479 2206 enim
510 2143 675 2208 aedificata
705 2146 789 2219 erat,
822 2142 908 2206 velut
930 2165 969 2207 ex
1000 2166 1062 2208 uno
1085 2144 1190 2230 lapide
1213 2149 1245 2209 et

70 2247 190 2311 habens
214 2270 309 2311 unam
334 2246 569 2311 commissuram
591 2247 624 2311 in
647 2268 690 2312 se.
736 2246 914 2312 Videbatur
929 2252 1034 2312 autem
1056 2248 1139 2333 lapis
1155 2249 1245 2333 quasi

71 2372 109 2414 ex
131 2357 224 2435 petra
246 2350 445 2435 exsculptus;
468 2373 605 2435 namque
626 2351 804 2416 monolitha
824 2351 903 2415 mihi
927 2373 995 2416 esse
1017 2353 1190 2418 videbatur.
1259 2369 1284 2407 1⁶

160 2451 222 2520 10.
246 2456 290 2519 Et
312 2477 372 2540 ego
396 2477 466 2519 cum
489 2476 526 2519 eo
549 2455 714 2520 ambulans
736 2455 847 2519 hilaris
868 2477 963 2535 eram,
988 2457 1141 2523 eiusmodi
1162 2459 1246 2523 bona

70 2559 188 2625 videns.
244 2559 358 2624 Pastor
387 2563 492 2624 autem
522 2560 598 2624 dicit
629 2561 723 2625 mihi:
759 2560 848 2625 Vade
878 2565 911 2626 et
942 2561 1031 2625 adfer
1062 2562 1181 2631 calcem
1213 2567 1245 2626 et

69 2669 186 2729 testam
209 2665 373 2741 minutam,
397 2669 433 2728 ut
455 2664 574 2729 formas
598 2664 741 2749 expleam
763 2665 915 2751 lapidum,
941 2667 994 2750 qui
1017 2666 1135 2731 sublati
1158 2667 1246 2731 etin

71 2774 262 2835 structuram
284 2769 415 2854 repositi
444 2773 533 2845 sunt3
567 2791 647 2855 quae
669 2770 753 2834 enim
775 2770 858 2835 circa
884 2770 997 2834 turrim
1019 2774 1107 2846 sunt,
1139 2770 1245 2835 omnia

72 2874 200 2959 aequari
224 2873 347 2938 dehent.
393 2874 422 2936 2.
446 2873 583 2952 1111661,
608 2874 690 2939 sicut
711 2874 813 2952 iussit,
838 2879 870 2940 et
892 2875 986 2939 attuli
1009 2876 1049 2939 ad
1071 2896 1151 2939 eum.
1181 2875 1245 2939 Mi·
1259 2888 1285 2927 2⁰

69 2979 170 3043 nistra
202 2978 295 3054 mihi,
329 2978 450 3061 inquit,
489 2984 522 3043 61
554 2978 618 3044 6116
652 3000 732 3062 opus
765 2979 953 3064 perficietur.
999 2978 1146 3064 Implevit
1169 3002 1245 3065 ergo

70 3083 187 3147 formas
217 3081 375 3166 lapidum,
409 3082 520 3164 quiin
552 3085 744 3146 structuram
774 3082 935 3160 abierunt,
969 3086 1001 3145 et
1022 3082 1113 3146 iussit
1140 3083 1245 3147 locum

71 3188 153 3253 circa
182 3188 294 3251 turrim
325 3188 424 3251 everri
456 3192 488 3251 et
517 3187 667 3251 mundum
697 3185 773 3249 fieri.
820 3188 849 3250 3.
874 3185 1023 3270 Virgines
1053 3190 1159 3249 autom
1190 3208 1244 3250 ao·

70 3293 171 3377 ceptis
194 3293 297 3377 scopis
319 3296 529 3376 scopaverunt
551 3295 583 3356 et
598 3291 703 3356 omnia
725 3296 865 3356 stercora
887 3290 1083 3354 sustulerunt
1106 3290 1143 3354 de
1165 3290 1246 3355 turri

70 3403 102 3462 et
124 3400 308 3481 sparserunt
330 3419 461 3482 aquam,
495 3401 527 3460 et
548 3395 636 3460 locus
657 3395 753 3459 turris
776 3395 877 3459 evasit
907 3393 1018 3458 hilaris
1041 3398 1073 3458 et
1104 3395 1243 3459 decorus.
1258 3409 1285 3448 2⁶

69 3504 99 3565 4.
124 3501 212 3565 Dicit
234 3500 313 3565 mihi
334 3505 461 3584 pastor:
495 3498 619 3576 Omnia,
641 3499 755 3582 iuquit,
779 3498 931 3563 mundata
953 3501 1043 3572 sunt;
1075 3497 1102 3561 si
1124 3496 1246 3561 venerit

70 3606 215 3670 dominus
236 3605 365 3669 visitare
387 3604 509 3680 turrim,
532 3602 614 3667 nihil
638 3602 736 3666 habet
759 3601 796 3665 de
818 3602 909 3666 nobis
926 3601 1022 3686 queri.
1069 3600 1158 3665 Haec
1174 3622 1245 3664 cum

69 3710 209 3786 dixisset,
234 3709 335 3773 voluit
358 3707 452 3772 abire.
499 3707 529 3770 5.
552 3705 624 3791 Ego
647 3709 753 3770 autem
776 3705 969 3788 apprehendi
991 3727 1101 3790 peram
1123 3705 1189 3768 eius
1213 3708 1245 3767 et

69 3815 160 3899 coepi
182 3836 254 3878 eum
275 3835 389 3899 rogare
411 3834 468 3896 per
491 3811 669 3888 dominum,
700 3814 736 3874 ut
758 3808 930 3892 explicaret
951 3810 1039 3886 mihi,
1064 3831 1144 3895 quac
1166 3808 1245 3872 mihi

69 3920 257 3984 ostenderat.
304 3917 361 3982 Ait
382 3916 479 3981 mihi:
513 3913 669 3979 Pusillum
700 3913 853 3997 temporis
882 3935 946 3978 non
977 3936 1054 3978 vaco
1085 3919 1118 3978 61
1139 3914 1284 3977 omniun

68 4126 192 4180 Inlt...
213 4125 308 4195 (1124
325 4127 427 4191 cmv>
446 4123 540 4193 (1126
558 4123 661 4197 σάρους
679 4121 909 4195 ΙιΑισάρονθΙ
931 4122 964 4176 33
983 4119 1162 4195 meseum
1181 4136 1245 4175 em:

68 4212 158 4284 ἀναιρ.
178 4212 209 4275 (1,
230 4211 443 4280 occupationem
460 4211 488 4274 Ia,
508 4210 671 4277 requievero
690 4211 735 4277 ΑΙ
756 4210 814 4272 3311
834 4226 861 4278 p.
880 4208 932 4263 596
950 4203 1001 4276 ἕως
1018 4204 1134 4282 ἔρχομαι
1152 4208 1244 4264 GLA:

68 4300 99 4353 in
117 4299 142 4355 G
161 4303 255 4353 autem
274 4298 443 4352 exstinctum
460 4299 490 4352 et
507 4297 643 4366 scriptum
660 4295 811 4370 ἐρχόμενον

104 4491 128 4543 5.
148 4488 279 4542 Mulieres
292 4489 365 4543 istae
378 4489 443 4541 sunt
461 4487 576 4557 spiritus
587 4504 644 4541 ma·
706 4490 730 4543 1.
749 4485 779 4555 ἐξ
796 4482 858 4553 ἑνὸς
875 4484 969 4556 iidoc]
989 4485 1031 4541 Cf.
1044 4502 1066 4540 c.
1082 4486 1121 4551 13,
1134 4487 1165 4548 5;
1184 4485 1243 4540 Vis.

68 4575 139 4646 ligni
157 4577 192 4645 (c.
213 4576 252 4637 18,
271 4576 295 4639 3,
315 4576 349 4629 61.
370 4592 392 4628 6.
412 4573 453 4638 13,
472 4574 645 4644 8166161116
670 4573 716 4638 111,
737 4574 761 4636 2,
780 4573 803 4628 6.
823 4572 932 4627 Laudat
949 4571 1024 4626 hunc
1041 4571 1134 4626 locum
1147 4571 1244 4644 Orige-

69 4664 104 4732 (c.
125 4663 165 4727 15,
185 4663 221 4729 3).
669 4676 719 4715 nes
746 4659 779 4714 In
797 4660 899 4715 Ossam
926 4660 968 4714 ed
995 4659 1242 4725 ramesmere.

970 4748 1040 4816 bb*
