2834 5018
503 601 698 658 BABNABAB
717 601 904 657 EPISTULA.
1217 604 1293 669 XXI

117 809 179 849 sum
202 784 445 868 philosophum,
480 804 560 865 quae
583 783 620 845 de
643 780 795 866 apostolis
818 781 906 858 dixit,
931 803 948 844 e
970 781 1136 845 Barnabae
1160 780 1297 863 epistula

115 889 270 953 catholica
292 889 440 953 hausisse
465 887 588 950 conicit.
634 885 783 950 Fortasse
806 886 902 950 etiam
923 884 1072 963 lustinus,
1098 885 1245 951 Irenaeus
1265 891 1297 951 et

116 994 333 1059 Tertullianus
356 990 528 1076 epistulam
551 991 712 1075 cognitam
736 991 897 1054 habebant
929 989 983 1072 (cl.
1007 990 1102 1055 Barn.
1128 993 1157 1067 2,
1183 992 1236 1066 10;
1266 993 1294 1069 7,

114 1104 142 1162 4.
159 1100 188 1162 6.
207 1099 245 1172 8;
273 1099 324 1173 15,
341 1097 388 1176 4).
436 1095 566 1160 Latinus
590 1094 718 1178 quidam
742 1098 865 1177 partem
889 1095 1042 1178 epistulae
1058 1096 1195 1179 priorem
1219 1096 1256 1179 (c.
1277 1097 1293 1158 1

116 1202 213 1284 -17)
236 1203 272 1265 in
294 1202 441 1285 linguam
463 1221 553 1263 suam
575 1198 680 1263 vertit.

199 1306 345 1371 Clemens
378 1304 613 1369 Alexandrinus
642 1307 723 1367 teste
755 1304 894 1368 Eusebio
924 1303 965 1367 H.
990 1304 1026 1367 Ε.
1053 1303 1113 1381 VI,
1140 1306 1228 1381 14,1
1263 1305 1295 1369 in

116 1413 202 1477 libris
234 1405 469 1471 ὑποτυπώσεων
501 1409 641 1472 omnium
671 1408 834 1490 utriusque
862 1409 1045 1471 testamenti
1069 1409 1296 1491 scripturarum

117 1515 372 1600 compendiosam
404 1513 545 1577 instituit
575 1512 808 1576 enarrationem
838 1533 940 1594 neque
971 1511 1026 1584 τὰς
1057 1510 1295 1594 ἀντιλεγομέναις

117 1621 344 1705 praetermisit,
377 1618 498 1682 scilicet
520 1616 616 1681 Iudae
639 1616 810 1701 epistulam
843 1638 878 1680 ac
902 1615 1040 1700 reliquas
1064 1619 1217 1701 epistulas
1241 1641 1294 1682 ca-

117 1724 257 1797 tholicas,
282 1725 360 1787 item
382 1722 549 1787 Barnabae
572 1721 741 1805 epistulam
764 1725 797 1785 et
820 1719 1056 1784 Bevelationem
1079 1744 1160 1805 quae
1183 1722 1296 1787 dicitur

118 1826 210 1905 Petri,
241 1829 329 1892 etin
353 1826 518 1910 Hypotyp.
542 1825 625 1890 libro
648 1825 694 1889 Vl
724 1827 833 1889 eodem
856 1824 896 1888 H.
922 1825 958 1888 E.
982 1824 1022 1903 ll,
1049 1828 1076 1903 l,
1097 1828 1118 1890 4
1141 1827 1296 1891 referente

118 1934 207 1997 dixit:
238 1932 413 2013 Dominum
444 1936 517 2015 post
545 1931 803 1995 resurrectionem
835 1929 964 2005 Iacobo,
998 1928 1110 1993 Ioanni
1140 1935 1172 1994 et
1201 1930 1296 1995 Petro

118 2038 168 2117 ste
190 2045 307 2119 γνῶσιν
330 2036 530 2119 impertiisse,
554 2036 627 2100 illos
651 2058 721 2100 eam
744 2035 856 2099 ceteris
873 2035 1035 2117 apostolis,
1060 2035 1119 2099 hos
1133 2057 1206 2099 vero
1222 2058 1295 2120 sep·

118 2143 261 2226 tuaginta
293 2140 456 2224 discipulis
488 2141 670 2216 tradidisse,
705 2161 839 2223 quorum
869 2162 950 2203 uuus
980 2140 1094 2204 fuisset
1121 2139 1294 2205 Barnabas.

119 2246 298 2330 Epistulam
321 2267 400 2329 ergo
423 2247 505 2309 inter
527 2245 577 2309 vel
598 2245 742 2329 proxime
765 2243 797 2308 S.
822 2243 1000 2328 Scripturas
1022 2246 1137 2328 posuit,
1162 2267 1296 2329 eumque

119 2356 241 2415 secutus
271 2355 320 2413 est
351 2349 504 2433 Origenes
535 2349 567 2413 in
598 2349 822 2414 commentario
853 2349 885 2412 in
909 2350 1001 2432 epist.
1027 2351 1066 2414 ad
1090 2350 1180 2415 Rom.
1204 2351 1228 2428 Ι,
1254 2353 1296 2415 24

119 2456 175 2533 led.
199 2455 317 2519 Bened.
342 2453 399 2529 IV,
424 2453 500 2534 473)
524 2454 694 2537 epistulam
716 2453 812 2517 tacite
834 2452 967 2518 laudans
990 2459 1142 2539 tanquam
1158 2456 1295 2539 scriptu-

118 2580 190 2622 ram.
236 2558 397 2623 Eusebius
420 2557 461 2620 Η.
485 2559 524 2623 Ε.
548 2558 604 2638 Vl,
625 2560 675 2635 13,
693 2559 729 2634 ὃς
755 2560 839 2633 lar
865 2580 935 2622 eam
958 2565 1023 2630 ταῖς
1046 2556 1296 2641 ἀντιλεγομέναις

120 2664 303 2727 adnumerat
326 2661 381 2735 ΙΙΙ,
398 2664 488 2735 25,4
510 2669 577 2736 ταῖς
600 2661 718 2740 νόθοις,
742 2663 803 2727 hoc
824 2663 979 2728 vocabulo
1002 2664 1087 2728 haud
1106 2665 1199 2728 dubie
1214 2665 1296 2728 idem

120 2766 268 2829 denotans
302 2771 398 2848 atque
420 2763 477 2829 illo
499 2766 549 2829 vel
573 2767 803 2842 auctoritatem,
835 2789 898 2831 non
921 2767 1119 2832 authentiam
1142 2768 1296 2852 epistulae

121 2869 317 2933 addubitans.
364 2868 579 2951 Hieronymus
602 2870 651 2933 De
674 2869 749 2932 viris
771 2869 886 2933 illustr.
911 2872 969 2934 cd
993 2876 1025 2934 et
1047 2870 1083 2934 ln
1105 2871 1218 2936 Ezech.
1243 2872 1294 2948 43,

122 2973 158 3036 19
185 2996 254 3037 eam
277 2973 361 3036 inter
383 2973 555 3056 scripturas
579 2974 777 3057 apocryphas
800 2979 1032 3052 commemorat,
1056 2974 1113 3038 illo
1135 2974 1204 3038 loco
1228 2997 1297 3038 eam

120 3079 156 3141 ad
179 3078 430 3142 aedificationem
461 3077 611 3142 ecclesiae
638 3077 796 3160 pertinere
819 3079 943 3154 addens,
976 3080 1170 3162 ermdemque
1192 3078 1296 3142 locum

120 3180 278 3246 ludiculus
302 3182 530 3266 scripturarum
553 3182 608 3246 LX
631 3187 661 3246 et
684 3181 908 3247 Stichometria
934 3182 1115 3266 Nicephoro
1138 3182 1297 3265 adscripta

121 3286 170 3366 (cf.
194 3309 226 3370 p.
251 3283 328 3366 Vll)
361 3286 389 3349 ei
415 3286 604 3351 attribuunt.
651 3285 688 3349 In
711 3286 793 3350 libro
827 3287 864 3350 de
886 3287 1067 3351 nominibus
1098 3286 1186 3351 hebr.
1217 3286 1295 3350 Hie-

121 3412 266 3472 ronymus
300 3389 471 3473 epistulam
498 3395 572 3474 post
601 3390 774 3473 scripturas
806 3389 847 3455 N.
878 3390 914 3454 Τ.
946 3395 1100 3467 recenset,
1140 3395 1172 3453 et
1199 3391 1296 3454 codex

121 3493 289 3558 bibliorum
314 3492 484 3558 Sinaiticus
514 3516 584 3558 eam
611 3517 673 3557 una
697 3516 767 3557 curn
790 3494 922 3559 Pastore
946 3494 1083 3558 Hermae
1105 3495 1170 3557 illis
1194 3495 1295 3578 scrip-

122 3599 198 3662 turis
222 3599 403 3663 adiunctam
426 3598 564 3662 exhibet.
612 3598 807 3662 Athanasius
831 3604 863 3663 et
886 3599 940 3662 alii
955 3604 1105 3676 veterum,
1130 3600 1184 3683 qui
1199 3599 1296 3663 libros

121 3724 224 3767 sacros
248 3708 280 3767 et
303 3702 534 3767 ecclesiasticos
557 3706 750 3779 enumerant,
776 3704 841 3767 eius
864 3702 1056 3767 mentionem
1078 3725 1142 3767 non
1165 3703 1294 3768 faciunt.

685 3876 723 3940 ll.

207 4015 340 4080 Veteres
364 4017 404 4080 ad
426 4037 525 4079 unum
548 4037 656 4080 omnes
680 4016 849 4100 epistulam
872 4017 1085 4081 authenticam
1108 4015 1295 4094 habuerunt,

122 4141 220 4203 neque
251 4120 355 4185 medio
386 4143 463 4185 aevo
493 4143 684 4204 quemquam
715 4121 806 4185 aliter
834 4121 989 4184 iudicasse
1012 4123 1144 4184 constat.
1189 4119 1296 4184 Etiam

122 4223 263 4287 nonnulli
295 4225 504 4288 recentiorum
535 4247 604 4288 earu
627 4224 793 4290 Barnabae
825 4248 850 4288 s.
874 4224 967 4289 Pauli
990 4224 1097 4288 comiti
1120 4224 1296 4307 adscripse-

123 4334 202 4404 rrmt,
234 4329 420 4412 praesertim
449 4329 577 4393 lsaacus
600 4327 724 4407 Voss¹,
759 4328 934 4393 Ludovicus
963 4327 1052 4392 Elias
1080 4325 1225 4411 Dupin2,
1259 4327 1296 4393 G.

190 4552 207 4604 ‘2
224 4552 353 4606 Naucellc
359 4553 699 4621 brtliotlrequcdcsautcars
707 4552 914 4620 eccldcmstiqucs
923 4549 997 4613 1686,
1005 4549 1046 4603 ed.
1052 4548 1078 4600 II
1089 4548 1155 4603 1688
1162 4548 1295 4613 Ι,16-19.
