2834 5018
178 344 242 408 502
611 333 767 390 HERMAE
785 333 927 389 PASTOR

178 517 231 579 καί
264 513 405 578 λυπεῖται
439 512 488 576 ἐπί
519 521 557 595 τη
589 509 697 592 πράξει
730 512 827 574 αὐτοῦ
850 507 870 593 ᾖ
893 507 1007 591 ἔπραξε
1038 510 1093 572 καί
1127 519 1305 592 μετανοεῖ,
1334 513 1376 574 ότι

178 623 312 704 πονηρόν
347 619 522 703 εἰργάσατο.
569 620 598 681 4.
625 618 703 701 αῦτη
734 613 788 679 ούν
810 613 831 697 ἡ
854 614 936 698 λύπη
969 615 1056 678 δοκεῖ
1080 615 1250 699 σωτηρίαν
1286 617 1374 699 ἔχειν,

179 730 225 790 ότι
258 728 293 788 τό
325 725 459 808 πονηρόν
492 719 610 804 πράξας
642 719 836 804 μετενόησεν.
883 718 1055 801 ἀμφότεραι
1092 720 1151 782 ούν
1188 720 1223 783 αί
1252 721 1376 804 πράξεις

180 831 311 894 λυποῦσι
335 832 370 892 τό
393 837 528 910 πνεῦμα·
551 825 573 909 ἡ
595 826 651 908 μὲν
674 825 813 908 διψυχία,
838 826 883 887 ότι
907 825 965 887 οὐκ
989 823 1123 907 ἐπέτυχε
1149 834 1211 909 τῆς
1234 825 1375 909 πράξεως

153 938 286 1020 ταύτης,
309 935 329 1018 ἡ
352 935 386 998 δὲ
410 930 557 1015 όξυχολία
588 930 679 994 λυπεῖ
701 932 737 994 τό
766 940 903 1012 πνεῦμα,
936 931 983 992 ότι
1014 927 1131 1011 ἔπραξε
1156 931 1198 992 τό
1230 931 1374 1016 πονηρόν.

180 1040 340 1124 ἀμφότερα
364 1035 417 1100 ούν
441 1035 564 1119 λυιιηρά
588 1035 651 1098 ἔστι
675 1042 720 1118 τῷ
743 1034 893 1117 πνεύματι
916 1042 959 1117 τῷ
984 1033 1082 1117 άγίιρ,
1114 1033 1135 1116 ἡ
1163 1034 1306 1119 διψυχία
1328 1038 1375 1098 καί

179 1143 380 1229 ηόξυχολία.
428 1145 456 1206 5.
482 1141 557 1223 ἀρον
586 1137 639 1202 ούν
664 1140 726 1201 ἀπό
760 1147 892 1201 σεαυτοῦ
914 1138 969 1220 τὴν
993 1136 1096 1222 λύπην
1127 1141 1189 1202 καί
1216 1143 1263 1224 μὴ
1289 1141 1375 1226 θλῖβε

179 1251 214 1312 τό
238 1257 359 1331 πνεῦμα
381 1247 416 1309 τό
440 1248 528 1329 άγιον
551 1246 586 1306 τό
610 1244 641 1307 ἔν
661 1245 709 1306 σοί
734 1251 911 1320 κατοικοῦν,
935 1241 1055 1326 μήποτε
1079 1242 1276 1330 ἔντεύξηται
1299 1248 1375 1308 κατὰ

182 1363 238 1418 σοῦ
261 1361 305 1436 τῷ
338 1354 406 1434 θεῷ
428 1352 481 1413 καί
513 1351 635 1433 ἀποστῇ
658 1350 720 1411 ἀπό
744 1356 810 1414 σοῦ.
858 1351 887 1414 6.
911 1348 947 1410 τό
969 1349 1030 1430 γάρ
1057 1357 1192 1443 πνεῦμα
1218 1361 1278 1414 τοῦ
1304 1354 1374 1417 θεοῦ

144 1486 169 1522 1⁰
183 1461 218 1521 τό
233 1458 329 1524 δοθέν
342 1457 384 1531 είς
396 1457 451 1538 τὴν
465 1454 567 1537 σάρκα
578 1453 693 1538 ταύτην
705 1453 806 1537 λύπην
818 1454 877 1535 ούχ
889 1451 1036 1534 ὑποφέρει
1054 1453 1130 1516 οὐδὲ
1146 1456 1374 1539 στενοχωρίαν.

268 1559 305 1628 3.
329 1559 479 1624 Ἔνδυσαι
512 1556 565 1621 ούν
589 1559 644 1640 τὴν
681 1556 848 1641 ἱλαρότητα
878 1558 932 1639 τἠν
955 1557 1092 1621 πάντοτε
1115 1558 1269 1641 ἔχουσαν
1293 1561 1375 1643 χάριν

180 1668 265 1749 παρά
288 1674 332 1750 τῷ
349 1667 417 1747 θεῷ
440 1665 493 1726 καί
518 1662 744 1744 εύπρόσδεκτον
762 1659 858 1725 ούσαν
883 1663 966 1744 αύτῷ
989 1663 1043 1724 καί
1060 1661 1210 1746 ἔντρύφα
1236 1664 1272 1728 ἔν
1294 1668 1372 1748 αῦτη.

180 1781 240 1847 πᾶς
271 1773 331 1855 γάρ
364 1769 468 1852 ἱλαρός
501 1768 578 1849 ἀνὴρ
608 1768 721 1850 ἀγαθὰ
753 1765 915 1849 ἐργάζεται
949 1766 1002 1827 καί
1035 1765 1153 1849 ἀγαθά
1192 1779 1307 1852 φρονεῖ
1329 1771 1373 1831 καί

180 1883 370 1957 καταφρονεῖ
387 1883 441 1957 της
456 1871 572 1956 λύπης·
596 1874 624 1936 2.
650 1870 717 1933 όδέ
740 1869 876 1954 λυπηρός
894 1871 970 1952 ἀνὴρ
994 1870 1134 1935 πάντοτε
1149 1874 1373 1959 πονηρεύετα·

143 2007 168 2046 ω
181 1989 304 2062 πρῶτον
328 1981 383 2062 μὲν
404 1976 624 2061 πονηρεύεται,
648 1977 694 2038 ότι
718 1974 809 2037 λυπεῖ
831 1976 866 2036 τό
890 1983 1011 2058 πνεῦμα
1035 1976 1071 2037 τό
1097 1977 1196 2059 ἅγιον
1221 1981 1260 2042 τό
1285 1979 1373 2044 δοθὲν

181 2092 224 2167 τῷ
258 2082 418 2165 ἀνθρώπῳ
450 2080 569 2162 ἱλαρόν·
612 2079 754 2162 δεύτερον
787 2079 821 2142 δέ
853 2078 959 2142 λυπῶν
989 2080 1025 2141 τό
1056 2090 1191 2164 πνεῦμα
1223 2085 1262 2146 τό
1293 2087 1373 2168 ἅγιον

182 2187 311 2270 ἀνομίαν
336 2187 514 2271 ἐργάζεται,
547 2187 588 2268 μὴ
613 2184 809 2268 ἐντυγχάνων
833 2183 910 2268 μηδὲ
934 2182 1234 2268 ἐξομολογούμενος
1257 2197 1304 2272 τῷ
1327 2211 1373 2250 νυ

182 2293 246 2375 ρίῳ.
293 2291 427 2354 πάντοτε
457 2292 518 2374 γάρ
540 2289 679 2373 λυπηροῦ
709 2288 821 2370 ἀνδρός
843 2287 865 2371 ἡ
887 2286 1019 2364 ἔντευξις
1050 2290 1111 2352 οῦκ
1140 2291 1215 2375 ἔχει
1250 2293 1372 2376 δύναμιν

181 2407 236 2459 τοῦ
260 2394 412 2480 ἀναβῆναι
436 2395 484 2457 ἐπί
507 2395 543 2457 τό
566 2393 787 2476 θυσιαστήριον
810 2403 865 2456 τοῦ
889 2396 976 2460 θεοῦ.
1022 2396 1052 2459 3.
1077 2392 1184 2475 Διατί,
1213 2398 1306 2482 φημί,
1321 2400 1371 2461 οῦκ

142 2528 168 2567 τι
183 2498 341 2585 ἀναβαίνει
365 2498 414 2561 ἐπὶ
438 2499 473 2561 τό
505 2497 726 2581 θυσιαστήριον
749 2497 769 2580 ἡ
793 2497 926 2575 ἔντευξις
948 2508 1004 2561 τοῦ
1032 2497 1262 2583 λυπουμένους
1298 2501 1370 2578 Ὅτ..

182 2604 284 2690 φησίν,
305 2602 326 2686 ἡ
349 2603 430 2687 λύπη
455 2602 631 2686 ἐγκάθηται
655 2603 697 2678 εἰς
728 2605 783 2685 τὴν
807 2602 937 2684 καρδίαν
960 2603 1077 2666 αὐτοῦ·
1114 2607 1300 2692 μεμιγμένη
1324 2604 1371 2670 ούν

179 2709 304 2795 ηλύπη
336 2711 415 2792 μετὰ
446 2717 499 2791 της
526 2706 692 2783 ἐντεύξεως
725 2708 783 2770 οὐκ
812 2708 920 2792 ἀφίησι
953 2709 1009 2790 τὴν
1042 2708 1186 2786 ἔντευξιν
1222 2712 1369 2798 ἀναβῆναι

180 2815 328 2899 καθαράν
352 2813 401 2876 ἐπί
424 2814 460 2874 τό
484 2810 716 2894 θυσιαστήριον.
764 2811 868 2894 ὥσπερ
890 2813 950 2895 γὰρ
974 2810 1045 2889 όξος
1069 2815 1125 2876 καί
1155 2812 1246 2893 οίνος
1269 2838 1369 2900 μεμιγ·

181 2920 258 3003 μένα
282 2920 331 2982 ἐπί
355 2919 390 2980 τό
414 2918 490 2979 αύτό
505 2918 560 2999 τὴν
585 2917 681 2999 αὐτὴν
697 2913 811 2998 ἡδονὴν
835 2917 893 2979 οὐκ
908 2917 1042 2998 ἔχουσιν,
1068 2919 1154 2981 ούτω
1172 2923 1232 2983 καί
1256 2920 1368 3004 ἡλύπη-

141 3053 167 3091 οι
180 3023 351 3109 μεμιγμένη
375 3023 453 3104 μετὰ
476 3029 529 3083 τοῦ
553 3019 643 3103 ἁγίου
666 3019 839 3102 πνεύματος
856 3023 911 3103 τὴν
935 3022 1031 3103 αὐτὴν
1054 3021 1197 3100 ἔντευξιν
1222 3027 1285 3090 οὐκ
1301 3027 1368 3107 ἔχε.

180 3135 209 3197 4.
234 3128 411 3210 καθάρισον
443 3126 497 3188 οὖν
521 3124 651 3187 σεαυτόν
684 3123 746 3186 ἀπό
769 3133 824 3208 τῆς
857 3124 956 3208 λύπης
983 3135 1037 3208 της
1069 3138 1218 3212 πονηρᾶς
1250 3131 1368 3214 ταύτης.

180 3235 233 3296 καί
256 3231 337 3316 ζήση
366 3238 409 3314 τῷ
435 3232 520 3312 θεῷ·
553 3229 607 3290 καί
630 3228 743 3303 πάντες
766 3226 913 3310 ζὴσονται
941 3237 984 3312 τῷ
1009 3232 1098 3314 θεῷ,
1133 3234 1207 3297 όσοι
1233 3237 1272 3299 ἂν
1297 3237 1368 3298 ἀπο-

181 3337 318 3423 βάλωσιν
342 3333 398 3416 ἀφ’
421 3333 540 3396 ἑαυτῶν
563 3333 618 3414 τὴν
642 3330 742 3416 λύπην
766 3334 819 3395 καὶ
844 3333 1031 3396 ἐνδύσωνται
1056 3345 1165 3400 πᾶσαν
1193 3338 1367 3424 ἱλαρότητα.

670 3505 801 3591 Ἐντολὴ
826 3506 877 3573 ια’.

143 3675 168 3712 τι
269 3647 391 3725 Ἔδειξέ
414 3669 465 3730 μοι
488 3646 537 3709 ἐπὶ
562 3645 754 3731 συμψελλίου
785 3644 986 3730 καθημένους
1010 3649 1209 3733 ἀνθρώπους
1234 3656 1289 3717 καί
1312 3655 1369 3717 ἔτε-

182 3770 235 3839 ρον
259 3757 428 3835 ἄνθρωπον
451 3750 633 3834 καθήμενον
664 3751 713 3813 ἐπὶ
737 3750 915 3833 καθέδραν·
946 3752 999 3814 καί
1024 3751 1111 3837 λέγει
1136 3777 1211 3839 μοι·
1243 3757 1368 3830 Βλέπεις

252 3875 295 3940 213
312 3872 380 3946 αὕτη
398 3906 431 3913 -
448 3875 658 3943 μετενόησεν>
676 3873 707 3925 L¹
734 3874 738 3942 Ι
764 3874 780 3926 5
799 3879 881 3929 λυπεῖ
904 3874 936 3929 τό
961 3880 1072 3942 πνεῦμα
1092 3874 1145 3930 GA
1159 3896 1166 3929 ι
1179 3881 1218 3944 >
1235 3880 1293 3934 Ath
1305 3878 1346 3947 (L)

184 3962 227 4026 819
245 3963 316 4019 κατὰ
334 3971 386 4019 σοῦ
405 3963 429 4016 G
440 3959 507 4014 Ath¹
522 3978 528 4011 ι
540 3961 576 4026 >
588 3959 658 4013 Ath²
671 3961 728 4013 Ant
740 3960 787 4012 LA
804 3961 808 4030 ί
824 3960 840 4013 9
861 3968 899 4034 τῷ
921 3966 978 4035 θεῷ
987 3961 1023 4026 >
1043 3960 1068 4015 G
1085 3964 1089 4029 Ι
1108 3963 1143 4017 16
1161 3971 1263 4023 λυττῶν
1282 3968 1313 4024 τό
1330 3985 1369 4022 πε·

184 4049 216 4104 τό
235 4045 314 4120 ύίγιον
334 4048 418 4104 GUA
430 4048 522 4115 (Ath¹)
536 4066 542 4098 ι
555 4048 653 4104 λοιπόν
666 4047 723 4100 Ant
735 4047 792 4115 (θ’)
809 4048 812 4118 ί
831 4051 862 4102 17
882 4046 1057 4120 ἐντυγχάνων·
1072 4048 1131 4103 Ath
1145 4050 1179 4103 L¹
1195 4071 1202 4105 :
1217 4052 1289 4111 ἐπα.
1304 4054 1365 4119 (θΔγ

187 4134 263 4197 17]λὸ
281 4140 366 4211 κυρίῳ
386 4136 435 4191 GA
449 4137 506 4188 Ant
519 4152 525 4185 :
540 4139 599 4208 θεῷ
612 4134 669 4187 Αύίι
682 4133 805 4202 L²(L¹?)
822 4135 826 4205 Ι
843 4137 874 4189 21
895 4135 933 4202 είς
947 4134 1003 4188 Ath
1023 4132 1067 4200 (ἐν
1081 4137 1168 4209 Ath¹)
1182 4141 1243 4194 Ant
1256 4162 1263 4194 τ
1277 4140 1319 4199 ἐπὶ
1331 4141 1352 4195 G

185 4220 219 4273 23
238 4226 435 4296 θυσιαστήριον
448 4241 454 4274 :
466 4221 501 4294 -ί-
514 4229 564 4277 τοῦ
582 4226 652 4277 θεοῦ
670 4222 802 4275 ALAth¹
821 4222 826 4292 ί
842 4222 875 4276 26
894 4217 986 4290 ούν>
1005 4221 1028 4276 G
1046 4220 1049 4289 Ι
1073 4221 1110 4275 28
1129 4232 1275 4297 πᾶσαν)
1294 4229 1347 4282 L¹A

187 4304 221 4360 30
241 4300 318 4374 ἔδοξε
337 4307 361 4362 G
