2834 5018
297 642 1010 737 11111119111.Ρο1119111>1111191.-11,
1032 674 1053 727 1.
1197 676 1263 740 315

185 1075 409 1132 MARTYRIUM
428 1076 557 1132 SANCTI
577 1076 782 1132 POLYCARPI
799 1074 963 1131 EPISCOPI
982 1073 1162 1129 SMYRNAE.

173 1257 316 1321 Ecclesia
345 1256 413 1332 dei,
446 1279 526 1341 quae
559 1255 711 1338 Smyrnae
744 1255 983 1340 peregrinatur,
1019 1253 1169 1318 ecclesiae
1201 1252 1260 1328 dei,

216 1382 297 1445 quae
327 1360 510 1425 Philomelii
541 1361 777 1445 peregrinatur,
808 1363 839 1422 et
870 1358 1017 1423 omnibns
1046 1358 1164 1441 ubique
1195 1361 1260 1420 ter·

214 1488 321 1529 ramm
344 1470 472 1530 sanctae
496 1470 528 1529 et
551 1464 726 1529 catholicae
750 1463 899 1527 ecelesiae
926 1462 1097 1546 paroeciis:
1131 1468 1260 1526 111119νὶ·

216 1573 342 1649 corde'u,
360 1590 434 1652 pas
457 1579 490 1633 el
520 1575 647 1633 caritas
670 1568 720 1632 dei
741 1567 841 1651 patris
865 1571 897 1630 et
919 1566 1038 1631 domini
1066 1565 1166 1629 nostri
1188 1565 1286 1630 lesus

216 1673 335 1738 Christi
358 1677 606 1755 nerelliplieelur.

172 1831 196 1894 1.
223 1830 411 1914 Scripsimus
442 1832 547 1906 vobis,
583 1831 711 1908 fratres,
743 1831 780 1894 de
812 1831 1004 1914 martyribus
1035 1835 1067 1894 et
1098 1831 1136 1894 de
1165 1830 1261 1893 beato

84 1935 278 2019 Polyoarpo,
306 1936 360 2021 qni
382 1936 534 2018 martyrio
567 1957 624 2000 suo
647 1935 733 1999 velut
763 1935 928 2018 signaculo
951 1936 1087 2019 quodam
1113 1955 1259 2019 persecu·

83 2041 162 2104 tioni
194 2041 289 2104 finem
323 2041 486 2123 imposuit.
533 2039 611 2104 Fere
641 2039 723 2103 enim
747 2044 874 2117 cuneta,
909 2061 989 2124 quae
1011 2043 1258 2121 praecesserunt,

82 2145 152 2208 ideo
188 2149 373 2221 evenerunt,
404 2149 440 2208 ut
462 2146 553 2210 nobis
587 2145 730 2209 dominus
761 2144 894 2228 desuper
926 2145 1105 2209 ostenderet
1136 2147 1298 2226 marty-1⁰

81 2250 163 2312 rium
186 2249 352 2333 evangelio
375 2272 559 2335 congruum.
606 2252 635 2313 2.
660 2251 867 2333 Exspectavit
889 2249 972 2312 enim
994 2249 1094 2325 tradi,
1124 2248 1205 2311 sieut
1227 2251 1259 2310 et

82 2353 234 2428 dominus,
259 2358 295 2417 ut
318 2359 350 2417 et
372 2376 430 2419 nos
445 2356 544 2439 ipsius
568 2376 708 2419 essemus
722 2355 906 2432 imitatores,
931 2374 996 2418 non
1018 2356 1126 2418 solum
1140 2361 1257 2416 nostra

80 2462 341 2538 considerantes,
364 2462 480 2524 sedet
502 2480 553 2539 eu,
579 2480 664 2541 quae
686 2462 924 2542 adproximet
942 2464 1121 2540 pertinent.
1168 2456 1256 2521 Cari-

80 2564 157 2627 tatis
180 2563 263 2626 enim
286 2585 378 2627 verae
402 2587 439 2628 ac
461 2564 580 2628 solidae
604 2569 669 2641 est,
702 2586 765 2628 non
787 2565 880 2628 modo
904 2585 937 2627 se
959 2564 1064 2647 ipsum
1086 2561 1167 2626 velle
1190 2583 1256 2626 ser-

80 2667 157 2742 vari,
182 2667 354 2731 sedetiam
377 2690 486 2732 omnes
511 2668 636 2733 fratres.
1271 2683 1296 2721 1⁶

167 2771 207 2835 Π.
231 2770 334 2834 Β9111
355 2772 454 2855 igitur
477 2778 509 2836 et
531 2794 684 2857 generosa
708 2772 836 2836 fuerunt
859 2778 973 2837 cuneta
988 2773 1150 2856 martyria,
1175 2794 1256 2856 quae

79 2876 168 2940 iuxta
197 2876 394 2939 voluntatem
424 2877 474 2940 dei
503 2881 680 2943 evenerunt.
731 2876 810 2941 Cum
840 2879 923 2942 enim
954 2901 1012 2942 nos
1043 2877 1256 2962 religiosiores

148 3030 164 3082 5
183 3029 241 3082 rua.
261 3030 285 3082 a.
304 3061 339 3068 -
359 3031 390 3084 11
408 3030 532 3100 Philipp.
550 3032 574 3094 a,
594 3034 618 3085 4.

115 3150 199 3203 lnscr.
229 3151 336 3205 Auctor
362 3151 574 3221 inscriptionem
598 3153 668 3235 epi-¹¹
682 3152 897 3223 significandmn
915 3152 958 3206 usi
977 3155 1057 3215 sunt,
1084 3169 1105 3206 e.
1125 3170 1151 3222 g.
1171 3151 1254 3205 Euse-

78 3235 169 3289 stulae
190 3237 341 3292 Clementis
362 3239 399 3292 ad
418 3238 580 3294 Corinthios
593 3240 744 3295 imi-'hius
772 3239 815 3293 De
842 3243 922 3294 mart.
952 3239 1071 3294 Palaest
1101 3255 1122 3293 9.
1145 3242 1183 3301 11,
1204 3239 1254 3299 3ος

77 3325 224 3387 tatusest3
244 3325 358 3392 eiusque
368 3327 580 3396 inscriptionem
591 3343 652 3380 auc·
681 3330 720 3393 13,
741 3330 770 3391 5;
798 3327 880 3397 Greg.
900 3326 966 3380 Nan.
985 3327 1061 3380 Orat.
1082 3324 1139 3389 XV,
1159 3327 1174 3379 7
1195 3327 1254 3393 (PG

76 3414 123 3463 tor
153 3412 283 3480 Martyrii
314 3431 334 3466 s.
364 3413 455 3468 Sabae
484 3413 652 3468 verbotenus
679 3416 720 3479 35,
739 3416 810 3484 923).
830 3446 865 3454 -
881 3415 954 3471 κατὰ
973 3414 1006 3470 τὸ
1024 3412 1194 3486 εὐαγγέλιον]
1213 3414 1253 3469 Si·

76 3498 195 3550 11111111
221 3501 331 3552 tanturn
358 3501 519 3555 nominibus
537 3500 652 3570 repetiit
678 3501 784 3557 militer
804 3503 843 3564 19,
864 3504 886 3555 1.

75 3583 210 3654 (Halloix,
230 3585 332 3640 Illustr.
357 3588 452 3658 script.
471 3588 520 3685 rit
540 3591 559 3651 Ι,
580 3589 650 3654 594).
712 3626 735 3677 2.
755 3618 928 3695 περιέμενεν]
956 3641 992 3678 sc·
1013 3623 1191 3694 polycarpus·
1218 3659 1252 3667 -

76 3702 110 3708 “
131 3674 311 3743 malm]
331 3679 392 3729 erat
411 3677 547 3745 ⁰pp¹dum
565 3677 650 3773 ΡΨ
677 3709 716 3779 ὼς
732 3716 779 3768 καὶ
797 3711 813 3769 d
831 3711 924 3786 κύριος
941 3710 1012 3780 sert]
1040 3710 1177 3765 Similiter
1203 3712 1252 3767 Pe-

76 3755 141 3852 giae
151 3757 226 3812 haud
245 3760 342 3828 procul
353 3778 370 3813 a
382 3761 483 3815 finibus
493 3762 651 3860 Lycaoniae
677 3803 736 3853 trus
749 3799 827 3853 Alex
840 3799 890 3868 Ep·
905 3816 966 3852 can·
980 3816 1001 3853 c.
1016 3799 1040 3860 9,
1051 3799 1100 3865 qui
1113 3799 1251 3854 scribens:

75 3847 170 3897 altum.
205 3846 285 3899 Infra
302 3847 343 3908 20,
365 3849 378 3900 1
399 3853 536 3910 narratur,
557 3849 650 3904 Philo·

134 3930 139 3940 .
295 3934 311 3944 ..
644 3938 650 3948 ,
679 3884 792 3958 ἐζήτουν
810 3886 863 3960 γὰρ
876 3885 910 3944 οὐ
928 3889 960 3944 τὸ
975 3883 1082 3943 ἑαυτῶν
1100 3886 1252 3958 συμφέρον,

73 3929 223 3985 melrensea
242 3936 373 4003 petiisse,
397 3937 430 3988 ut
448 3934 483 3989 (19
502 3936 652 4007 Polycarpr
679 3972 748 4029 ἀλλὰ
767 3982 824 4030 τῶν
835 3979 955 4038 πολλῶν,
971 3970 1019 4029 ,ἵνα
1030 3979 1169 4040 σωθῶσιν,
1188 3992 1251 4043 Pro·

74 4018 192 4085 martyri
195 4036 211 4072 ⁰
232 4021 365 4074 ⁰erti⁰re⁸
383 4020 490 4076 fierent·
507 4054 543 4062 “
565 4030 652 4082 ²⁰¹⁹&
678 4059 752 4112 xime
771 4059 900 4113 adhunc
918 4077 1029 4114 versum
1048 4060 1164 4115 accedit.

73 4105 161 4174 λικῆς]
190 4106 444 4171 0128,1;16‚2;
474 4110 513 4172 19,
533 4111 563 4172 2;
590 4111 649 4180 Ign.

73 4189 181 4258 Smyrn.
201 4192 225 4255 8,
242 4193 266 4244 2.
287 4224 319 4233 —
339 4190 415 4261 ἕλεος
432 4195 502 4264 xib]
523 4195 651 4251 Clemens
713 4196 746 4260 ΙΙ,
768 4203 790 4253 1.
809 4198 932 4271 γενναῖα]
946 4198 1111 4252 (11.1(119111
1125 4201 1149 4262 5,
1165 4201 1177 4254 l
1192 4203 1249 4254 not

72 4277 157 4330 inser.
185 4280 220 4333 de
249 4280 345 4347 gratia
371 4283 400 4334 et
426 4299 496 4351 paee
518 4282 650 4350 loquitur,
678 4283 1252 4354 -δεῑκτ118111γ111191111191191111911-

74 4382 137 4417 eum
157 4367 243 4419 verba
261 4365 363 4421 litteris
378 4368 500 4437 obliquis
519 4385 652 4440 expressa
679 4369 756 4433 dunt,
775 4387 824 4424 our
842 4371 985 4439 martyria,
1005 4388 1078 4439 quae
1091 4372 1251 4428 111111199-

73 4451 132 4505 Iud.
151 4453 168 4505 2
187 4451 327 4522 legantur.
678 4456 764 4511 closia
776 4461 936 4521 evenerunt,
956 4456 1140 4513 laudaverint.
1176 4459 1251 4514 Laus

106 4538 127 4599 I,
150 4541 172 4593 1.
200 4536 412 4613 ἐπισφραγίσας]
443 4541 551 4597 Eadem
580 4561 649 4598 voce
677 4544 707 4597 in
723 4544 814 4598 Deum
833 4543 984 4609 redundat,
1004 4545 1054 4613 qui
1072 4546 1168 4599 omnia
1185 4563 1250 4617 ope·

70 4625 160 4678 etiam
187 4625 236 4679 alii
264 4628 301 4680 ad
329 4626 412 4681 finem
442 4630 741 4717 persecutionisjraus
760 4629 846 4685 etiam
864 4630 914 4686 illa
932 4636 1066 4702 operatus
1086 4635 1138 4687 est.
