2834 5018
79 386 86 402 ,
190 328 252 392 118
655 321 892 378 ιοισιοιιιτιε

188 502 219 563 οἱ
246 498 283 562 δὲ
312 505 591 585 παρανομοῦντες
620 496 976 582 ἐξολεθρευθησονται
1008 497 1068 559 ἀπ’
1097 498 1209 579 αὐτῆς.
1258 497 1287 561 5.
1311 495 1362 557 καί

187 602 280 666 πάλιν
311 601 414 687 λέγει·
451 602 558 667 Είόον
588 603 694 685 ἀσεβῆ
724 606 1012 686 ὑπερνψοῦμενον
1046 602 1101 666 καί
1136 601 1363 685 ἐπαιρόμενον

189 711 235 788 ὡς
259 708 318 788 τὰς
348 708 488 793 κέόρους
520 713 580 770 τοῦ
602 704 772 789 Λιβάνου·
805 709 862 770 καί
886 706 1069 792 παρῆλθον
1100 707 1154 769 καί
1179 704 1270 784 ίόοό,
1303 706 1363 768 οὐκ

188 814 241 896 ην,
265 813 321 875 καί
344 809 530 895 ἐξεζητηοα
552 810 612 874 τόν
634 812 742 874 τόπον
765 814 879 890 αὐτοῦ,
903 814 959 876 καί
983 815 1044 893 οὐχ
1067 813 1176 896 εὖρον.
1210 807 1364 892 φύλασσε

162 917 336 980 ιάκακίαν
357 917 413 979 καί
437 914 487 979 ίόε
510 913 699 998 εὐθύτητα,
723 916 774 978 ότι
796 915 889 980 ἐστίν
912 915 1161 999 ἐγκατάλειμμα
1185 911 1363 997 ἀνθρώπῳ

189 1023 357 1105 είρηνικῷ.

275 1125 346 1189 XV.
372 1122 483 1187 Τοίνυν
498 1122 709 1207 κολληθώμεν
732 1134 794 1200 τοῖς
811 1123 876 1208 μετ’
891 1125 1049 1210 εὐσεβείας
1072 1123 1288 1208 είρηνείιοοσιν,
1312 1125 1365 1186 καί

189 1231 231 1312 μὴ
255 1236 318 1303 τοῖς
340 1225 414 1311 μεθ’
436 1226 628 1309 ὑποκρίσεως
652 1226 849 1312 βουλομένοις
873 1229 1004 1313 εἰρήνην.
1051 1234 1080 1295 2.
1105 1227 1188 1312 λέγει
1203 1229 1265 1311 γάρ
1287 1247 1365 1290 που·

192 1333 297 1414 Οῦτος
321 1333 435 1413 ὁλαός
458 1339 526 1413 τοῖς
542 1332 690 1414 χείλεσίν
711 1355 754 1413 με
768 1340 858 1419 τιμᾷ,
881 1333 956 1416 ode
971 1333 1093 1419 καρόία
1116 1336 1231 1397 αὐτῶν
1247 1334 1365 1417 πόρρω

151 1462 175 1499 ιι
190 1439 333 1502 άπεοτιν
366 1438 426 1501 ἀπ’
457 1437 549 1518 ἐμοῦ.
596 1440 625 1503 3.
649 1438 702 1499 καί
725 1437 834 1500 πάλιν·
874 1437 929 1521 Τῷ
963 1440 1104 1518 στόματι
1131 1441 1246 1502 αὐτῶν
1269 1437 1366 1501 εόλο-

189 1549 328 1626 γοῦσαν,
351 1547 393 1628 τῇ
414 1541 451 1606 όὲ
474 1541 595 1628 καρόίρ
619 1545 735 1607 αὐτῶν
757 1549 964 1628 κατηρώυτο.
1011 1546 1041 1607 4.
1065 1542 1118 1603 καί
1141 1540 1235 1603 πάλιν
1263 1537 1365 1623 λέγει·

190 1646 399 1730 Ἠγάπηοαν
430 1648 535 1711 αὐτόν
557 1652 605 1729 τῷ
633 1648 773 1728 στόματι
797 1650 911 1712 αὐτῶν
941 1648 997 1709 καὶ
1020 1651 1063 1732 τῇ
1084 1646 1222 1730 γλώσσῃ
1252 1648 1367 1709 αὐτῶν

190 1751 382 1831 ἐψεύσαντο
406 1754 521 1830 αὐτόν,
544 1754 566 1834 ἡ
590 1751 627 1814 όὲ
649 1751 770 1836 καρόία
793 1755 909 1816 αὐτῶν
931 1755 992 1815 οῦκ
1016 1749 1134 1815 εὐθεῖα
1154 1751 1226 1831 μετ’
1250 1751 1367 1827 αὐτοῦ,

189 1855 269 1919 οὐδὲ
292 1854 537 1938 ἐπιστώθησαν
559 1855 597 1919 ἐν
619 1859 660 1940 τῇ
683 1854 832 1942 όιαθηκη
847 1860 960 1921 αὐτοῦ.
1008 1859 1037 1922 5.
1062 1855 1117 1919 διὰ
1139 1861 1240 1918 τοῦτο
1255 1853 1367 1918 όίλαλα

151 1983 175 2021 ιο
190 1957 369 2043 γενηθήτω
393 1961 435 2024 τά
466 1960 560 2044 χείλη
583 1961 626 2023 τὰ
649 1959 746 2024 όόλια
778 1962 819 2024 τά
842 1959 1013 2024 λαλοῦντα
1035 1960 1121 2024 κατά
1152 1965 1212 2022 τοῦ
1235 1955 1367 2021 όικαίου

189 2066 345 2145 ἀνομίαν.
391 2064 445 2125 καί
467 2063 577 2127 πάλιν·
601 2062 868 2149 Ἐξολεθρεόσαι
884 2069 998 2150 κύριος
1021 2067 1135 2128 πάντα
1151 2064 1192 2127 τὰ
1214 2061 1310 2145 χείλη
1327 2062 1368 2125 τά

190 2167 296 2246 όόλια,
319 2167 480 2251 γλῶσσαν
501 2169 774 2255 μεγαλορὴμονα,
798 2172 875 2250 τοὺς
900 2172 1058 2250 εἰπόντας
1079 2189 1084 2200 ·
1113 2167 1184 2252 Τὴν
1206 2167 1369 2250 γλῶσσαν

189 2276 288 2356 ἡμῶν
302 2271 570 2355 μεγαλυνοῦμεν,
587 2274 628 2337 τὰ
643 2274 737 2358 χείλη
752 2277 851 2357 ἡμῶν
866 2276 947 2359 παρ’
971 2277 1053 2357 ἡμῖν
1069 2275 1178 2338 ἐστιν’
1203 2275 1251 2352 τίς
1267 2274 1368 2354 ἡμῶν

190 2377 303 2460 κύριός
327 2376 437 2451 ἐστιν,·
471 2379 500 2442 6.
527 2377 595 2441 ἀπὸ
618 2384 677 2462 τῆς
700 2378 932 2462 ταλαιπωρίας
961 2383 1032 2442 τῶν
1055 2383 1205 2459 πτωχῶν
1227 2378 1284 2440 καί
1307 2382 1369 2439 τοῦ

149 2502 177 2541 τι
192 2487 382 2562 στεναγμοῦ
405 2486 475 2545 τῶν
499 2485 658 2566 πενητων
680 2489 745 2546 νῦν
768 2483 1014 2565 άναστιΙοομαι,
1037 2482 1126 2566 λέγει
1143 2485 1277 2565 κύριος’
1302 2479 1368 2563 θη-

191 2605 293 2666 σομαι
316 2586 354 2650 ἐν
379 2590 545 2672 σωτηρίῳ,
570 2591 598 2654 7.
624 2589 901 2672 παρρησιάσομαι
924 2586 962 2650 ἐν
986 2589 1088 2669 αὐτῷ.

277 2691 364 2756 XVI.
391 2688 724 2774 Ταπεινοῳρονούντων
746 2692 806 2776 γάρ
830 2690 912 2754 ἐστιν
935 2691 952 2754 ὁ
976 2691 1128 2773 Χριστός,
1160 2692 1219 2753 οὐκ
1246 2690 1369 2773 ἐπαιρο-

190 2793 290 2877 μένων
315 2793 364 2858 έπί
387 2796 423 2857 τὸ
445 2794 585 2877 ποίμνιον
610 2798 714 2860 αὐτοῦ.
761 2799 790 2862 2.
816 2797 851 2858 τὸ
875 2807 1031 2878 σκῆπτρον
1061 2805 1115 2878 της
1145 2794 1369 2879 μεγαλωσύνης

189 2908 244 2961 τοῦ
268 2903 365 2978 θεοῦ,
401 2899 544 2982 όκίιριος
568 2898 688 2983 Ἰησοῦς
710 2898 861 2983 Χριστός,
892 2903 950 2963 οὐκ
972 2899 1072 2984 ἢλθεν
1097 2898 1128 2962 έν
1151 2899 1264 2983 κόμπῳ
1288 2900 1368 2963 ἀλα-

153 3025 179 3063 ιιι
192 3001 312 3081 ζσνείας
335 3002 406 3065 οὐδὲ
429 3003 650 3087 ὑπερηφανίας,
673 3002 786 3085 καίπερ
802 3004 980 3088 δυνάμενος,
1005 3004 1088 3067 ἀλλὰ
1104 3013 1367 3087 ταπεινοφρονων,

190 3108 303 3181 καθὼς
326 3108 361 3169 τὸ
394 3116 516 3190 πνεῦμα
539 3108 573 3169 τὸ
608 3108 696 3191 ἅγιον
730 3109 798 3189 περὶ
832 3110 927 3172 αὐτοῦ
962 3106 1135 3192 ἐλάλησεν·
1170 3108 1263 3191 φησίν
1287 3107 1368 3190 γάρ·

192 3215 221 3277 3.
246 3211 364 3296 Κύριε,
381 3215 429 3291 τίς
453 3212 652 3276 ἐπίστευσεν
676 3217 717 3298 τῇ
732 3214 819 3299 ἀκοῇ
835 3216 934 3296 ἡμῶν
943 3235 954 3288 ;
976 3213 1031 3276 καί
1048 3214 1066 3275 ό
1082 3214 1235 3296 βραχίων
1250 3216 1369 3297 κυρίου

190 3319 257 3380 τίνι
279 3313 530 3398 άπεκαλύφθη;
560 3315 808 3399 άνηγγείλαμεν
831 3317 988 3380 ἐνιαυσίου
1010 3319 1125 3394 αὐτοῦ,
1150 3319 1195 3396 ὡς
1219 3316 1369 3393 παιδίον,

191 3426 237 3503 ώς
259 3421 336 3506 ῥίζα
359 3422 397 3484 ἐν
419 3425 462 3506 γῇ
486 3420 638 3507 όιψώοη·
664 3424 725 3485 οὐκ
749 3423 841 3485 ἔστιν
864 3420 950 3500 είόος
975 3423 1067 3503 αὐτῷ
1092 3420 1170 3484 οῦδὲ
1194 3419 1288 3501 όόξα,
1313 3423 1367 3485 καί

261 3576 380 3651 θάσεβῆ
398 3577 440 3629 A:
454 3577 504 3633 τόν
531 3574 573 3632 άο.
594 3576 620 3627 H
643 3576 647 3646 Ι
672 3576 689 3629 9
714 3585 772 3643 τοῖς
797 3579 917 3646 χείλεσιν
940 3573 1007 3628 ALS
1027 3574 1178 3650 Οίεισιτῷ
1204 3578 1324 3647 στόματι
1345 3577 1370 3631 Η

191 3663 263 3733 Nic}
282 3666 313 3719 10
331 3662 447 3722 άπεστιν
466 3664 490 3715 A
510 3662 587 3717 Clem
601 3681 607 3714 ι
620 3661 714 3733 ἀπέχει
733 3662 759 3715 Η
779 3662 830 3716 Νίο
846 3663 850 3733 Ι
875 3662 907 3717 10
924 3678 965 3728 sq.
984 3661 1154 3735 εόλογοῦσαν
1172 3665 1196 3717 A
1216 3663 1250 3717 of.
1271 3664 1370 3717 Winer

153 3790 159 3804 .
191 3753 208 3820 fi
230 3751 268 3814 13,
287 3752 303 3804 2
321 3752 341 3803 f.
355 3770 361 3803 :
374 3751 508 3822 εὐλόγουν
526 3750 559 3811 Η,
579 3746 723 3820 εὖλογοῦσι
742 3749 818 3803 Clem
835 3750 839 3818 Ι
858 3748 890 3802 13
908 3746 1063 3819 ἐψεύσαντο
1075 3748 1141 3802 ALS
1155 3749 1234 3803 Olem
1247 3769 1253 3803 :
1267 3746 1369 3822 λ’ῳεξαν

191 3836 218 3890 Η
234 3838 238 3908 Ι
255 3840 288 3892 14
306 3838 350 3894 διὰ
368 3846 451 3893 τοῦτο
469 3836 538 3890 HLS
558 3835 702 3902 Clem:>
720 3838 743 3889 A
762 3836 835 3890 LXX
861 3837 864 3907 Ι
892 3836 924 3889 15
943 3840 1072 3909 γενηθείη
1090 3837 1116 3889 Η
1141 3838 1144 3905 Ι
1172 3839 1247 3903 15Ι17
1267 3839 1302 3894 τά
1325 3844 1369 3893 λα·

191 3928 293 3980 λοῦντα
310 3955 345 3962 -
363 3924 398 3981 τά
416 3926 494 3981 δόλια
513 3923 530 3977 S
544 3942 550 3975 ι
563 3926 597 3989 >
610 3922 684 3975 AHL
698 3923 776 3977 clem
794 3927 912 3992 propter
931 3923 1180 3977 homoeoteleuton
1202 3925 1206 3991 Ι
1232 3925 1262 3978 17
1282 3931 1368 3997 γλώσ-

191 4030 245 4065 σαν
261 4031 322 4082 μεγ.
341 4011 385 4065 As
405 4011 483 4065 Clem
496 4030 502 4062 :
516 4016 629 4082 γλώσσα
647 4016 864 4085 μεγαλοριΙμων·
882 4016 928 4068 καί
946 4011 1029 4068 πάλιν
1046 4011 1072 4064 Η
1094 4012 1097 4082 Ι
1120 4011 1152 4066 18
1169 4018 1369 4084 μεγαλυνωμεν

192 4097 217 4149 Α
232 4097 236 4165 Ι
252 4096 318 4170 παρ’
335 4099 399 4168 ημῖν
417 4100 441 4152 A
461 4097 538 4152 clem
552 4116 558 4149 ι
571 4098 636 4173 παρ’
655 4101 735 4169 ἡμῶν
752 4099 860 4169 ΗΙιΙῬΙθ
884 4100 887 4169 Ι
912 4099 944 4153 19
961 4103 1007 4154 καί
1025 4097 1092 4150 HLS
1112 4097 1326 4169 cle1n:†ano
1345 4099 1368 4152 A

194 4182 268 4236 LXX
283 4188 287 4248 Ι
311 4183 342 4236 21
363 4183 392 4239 ἐν
405 4189 531 4260 σωτηρίῳ
544 4186 565 4239 L
578 4185 656 4238 Clem
670 4203 676 4237 ε
689 4206 720 4243 εν
731 4208 851 4260 σωτηρια
864 4189 896 4245 A.
910 4190 944 4254 >
957 4187 983 4239 Η
998 4189 1002 4255 Ι
1019 4187 1052 4240 23
1071 4199 1119 4257 τῆς
1131 4187 1326 4259 μεγαλωσύνης
1335 4190 1367 4251 >

194 4269 212 4324 S
233 4269 301 4322 Hier
316 4271 320 4337 Ι
336 4271 370 4323 24
388 4270 403 4326 ό
422 4271 516 4343 πόριος
535 4271 583 4324 HL
603 4273 671 4326 Hier
685 4291 691 4324 :
705 4275 739 4342 -Ι-
751 4295 829 4344 ημων
847 4275 892 4342 ΑΙ
910 4279 1032 4346 Χριστος
1051 4279 1148 4345 Ιησσυς
1165 4275 1189 4326 A
