2834 5018
411 671 461 726 AD
480 669 655 726 EPHESIOS
674 671 747 736 VIII,
769 673 853 738 Ι-Χ,
874 674 896 729 1.
1172 682 1234 746 221

54 851 116 914 toti
139 871 278 935 namque
301 849 378 914 estis
401 849 459 913 dei.
507 850 585 914 Cum
608 851 692 914 enim
714 851 803 915 nulla
826 852 882 915 lite
904 852 1128 936 implicemini,
1157 876 1238 939 quae

55 977 110 1019 vos
144 955 333 1019 discruciare
365 955 481 1038 possit,
514 955 658 1038 profecto
691 957 861 1021 secundum
891 959 983 1022 deum
1013 960 1129 1024 vivitis.
1175 960 1237 1025 Pe-

56 1061 196 1144 ripsema
220 1059 317 1122 vestri
339 1081 408 1122 sum
425 1064 456 1123 et
479 1058 626 1123 immolor
640 1081 697 1142 pro
720 1062 810 1126 vobis
826 1062 982 1146 Ephesiis,
1008 1063 1139 1128 ecclesia
1154 1063 1237 1128 cele·

55 1165 197 1229 berrima
220 1165 253 1229 in
282 1164 426 1229 saeculis.
473 1166 501 1226 2.
527 1162 677 1228 Gamales
701 1166 881 1250 spiritualia
904 1189 1048 1232 exercere
1077 1173 1239 1252 nequeunt

56 1293 159 1355 neque
193 1270 376 1354 spirituales
399 1269 554 1345 carnalia,
587 1269 669 1334 sicut
691 1291 749 1334 nec
771 1270 865 1347 fides,
896 1292 976 1355 quae
1007 1271 1264 1338 incredulitatis⁶

58 1381 141 1452 sunt,
166 1397 224 1440 nec
246 1374 460 1450 incredulitas,
486 1396 567 1457 quae
588 1374 671 1438 fidei.
718 1373 805 1450 Quae
829 1396 903 1440 vero
927 1380 958 1440 et
981 1377 1152 1440 secundum
1168 1400 1237 1442 car·

55 1502 129 1544 nem
153 1480 266 1565 agitis,
301 1502 339 1543 ea
372 1479 552 1563 spiritualia
580 1485 671 1555 sunt3
703 1480 736 1543 in
759 1478 830 1543 lesu
863 1478 989 1545 Christo
1020 1482 1103 1545 enim
1133 1483 1240 1546 omnia

56 1585 163 1670 agitis.

145 1688 201 1752 IX.
228 1688 368 1773 Cognovi
393 1693 498 1752 autem
520 1688 689 1752 nonnullos
712 1688 785 1752 inde
800 1690 972 1765 transiisse,
997 1690 1150 1755 habentes
1165 1713 1238 1775 per·

56 1815 181 1857 versam
205 1795 397 1867 doctrinam
429 1815 507 1877 quos
529 1814 592 1856 non
614 1792 804 1876 permisistis
827 1793 982 1858 seminare
1005 1794 1183 1869 intervos,
1208 1800 1240 1860 et
1254 1817 1278 1854 ro

58 1898 236 1962 obturastis
260 1920 360 1974 aures,
384 1919 424 1962 ne
446 1897 636 1981 reciperetis,
661 1917 741 1981 quae
765 1897 804 1961 ab
827 1898 905 1980 ipsis
928 1903 1001 1962 sunt
1025 1900 1238 1978 disseminata,

57 2007 93 2066 ut
118 2002 173 2085 qui
198 2001 328 2085 lapides
344 2002 413 2065 sitis
436 2001 547 2085 templi
563 2001 672 2085 patris,
697 2002 883 2084 praeparati
906 2003 938 2066 in
963 2003 1012 2066 dei
1035 2005 1136 2087 patris
1152 2005 1239 2068 aedi·

56 2107 173 2182 ficium,
199 2106 319 2171 sublati
341 2108 374 2169 in
390 2107 457 2171 alta
471 2128 528 2189 per
542 2105 722 2169 machinam
744 2104 816 2169 Iesu
832 2103 958 2182 Christi,
985 2112 1128 2190 quaeest
1152 2130 1238 2184 crux,

57 2212 174 2296 spiritu
199 2216 310 2276 sancto
332 2232 390 2294 pro
413 2210 490 2274 fune
513 2214 653 2283 utentes3
677 2210 754 2272 fides
778 2213 885 2272 autem
908 2213 1014 2274 vestra
1036 2231 1091 2274 vos
1114 2233 1240 2275 sursum

56 2317 173 2391 trahit,
209 2317 323 2379 caritas
346 2337 420 2380 vero
450 2316 503 2379 via
525 2316 681 2378 deducens
705 2314 745 2377 ad
774 2315 876 2378 deum.
923 2314 952 2376 2.
976 2313 1064 2378 Estis
1087 2314 1185 2399 igitru
1208 2320 1240 2379 et
1255 2335 1280 2372 1⁶

56 2422 127 2485 viae
152 2421 285 2484 comites
308 2443 425 2495 omnes,
451 2420 562 2484 deiferi
584 2424 616 2483 et
638 2419 829 2503 templiferi,
854 2419 1041 2497 christiferi,
1066 2419 1238 2496 sanctiferi,

57 2548 116 2610 per
138 2525 247 2589 omnia
269 2525 373 2588 ornati
395 2525 428 2589 in
458 2524 639 2608 praeceptis
661 2523 733 2588 Iesu
755 2523 891 2597 Christi3
923 2528 1054 2608 propter
1083 2545 1162 2607 quos
1185 2546 1240 2588 ex·

57 2629 183 2693 sultans
210 2629 322 2713 dignus
345 2629 474 2693 habitus
498 2651 576 2704 sum,
600 2650 658 2711 per
672 2650 718 2705 ea,
744 2650 824 2713 quae
840 2629 953 2704 scribo,
979 2628 1117 2712 colloqui
1132 2629 1240 2694 vobis-

58 2755 131 2796 cum
155 2739 187 2797 et
212 2733 306 2797 simul
329 2734 484 2817 gaudere,
517 2733 592 2816 quia
614 2733 735 2797 ratione
759 2733 889 2798 alterius
915 2733 999 2797 vitae
1021 2733 1133 2798 habita
1160 2733 1241 2798 nihil

58 2837 196 2921 diligitis
218 2842 344 2920 praeter
366 2836 469 2900 solum
491 2837 593 2899 deum.
1255 2857 1280 2896 ro

150 2941 189 3005 X.
215 2941 277 3006 Sed
308 2947 340 3005 et
370 2962 428 3025 pro
461 2941 532 3005 aliis
566 2940 747 3005 hominibus
781 2944 1009 3006 indesinenter
1031 2950 1135 3006 orote.
1180 2943 1241 3006 Est

58 3047 143 3110 enim
167 3047 246 3129 ipsis
270 3067 343 3128 spes
365 3045 587 3129 paenitentiae,
612 3048 648 3108 ut
670 3045 763 3109 deum
782 3046 1014 3111 nanciscantur.
1061 3046 1240 3110 Permittite

130 3198 164 3253 20
186 3199 199 3251 Ι
220 3198 316 3252 Thess.
337 3199 360 3263 5,
382 3201 421 3254 17.

59 3323 135 3377 1431.
698 3322 722 3374 2.
741 3320 852 3377 σύνοδοι
867 3324 913 3387 (=
925 3322 1076 3384 συνοδῖται)
1087 3319 1157 3387 κτλ]
1182 3320 1240 3389 Ign

97 3413 120 3464 1.
140 3408 236 3462 Ioann.
255 3409 336 3462 Dani.
355 3408 381 3461 S.
400 3408 429 3460 P.
455 3406 580 3473 Lequien
599 3406 643 3470 11‚·
665 3408 707 3460 his
726 3406 818 3461 verbis
837 3410 927 3468 utens,
947 3410 978 3461 ut
995 3406 1117 3459 Pearson
1136 3405 1241 3471 (Anno-

59 3498 128 3558 785;
159 3494 240 3559 Holl,
268 3495 429 3565 Fropmente
454 3512 481 3563 p.
502 3494 534 3547 18
562 3496 589 3565 (ὴ
607 3493 716 3555 demat.
735 3513 761 3564 p.
776 3497 821 3560 27)
841 3493 980 3562 opinatur,
999 3509 1118 3562 pompas
1137 3495 1241 3561 etpro-

57 3589 151 3650 πίστις
176 3583 254 3650 ma).
283 3612 318 3621 -
344 3581 578 3655 παροδεύσαντας]
599 3598 635 3633 sc.
666 3581 806 3636 cessiones
816 3579 1002 3650 Ephesiomm
1012 3578 1160 3650 gentilium
1173 3595 1241 3648 prae

58 3670 172 3741 Ephesi
202 3700 237 3708 -
266 3666 385 3738 ἐκεῖθεν]
405 3668 475 3722 Cum
494 3667 564 3721 haec
582 3684 637 3721 vox
650 3736 653 3745 Ι
666 3667 755 3723 oculis
774 3668 905 3722 habuisse
924 3668 1043 3722 videtur.
1072 3696 1106 3705 -
1133 3686 1242 3738 χριστο·

58 3759 90 3812 in
108 3758 232 3827 epistula
251 3755 381 3825 Ephesiis
400 3756 486 3809 missa
505 3771 587 3825 aegre
601 3754 638 3807 ad
666 3755 761 3828 φόροι]
781 3754 822 3809 cf.
843 3755 936 3824 Magn.
957 3756 1001 3815 12;
1027 3755 1054 3809 ΙΙ
1072 3753 1132 3807 Cor.
1155 3754 1180 3814 4,
1201 3752 1241 3808 10.

58 3846 205 3915 Ephesum
224 3843 373 3897 referenda
391 3844 441 3907 sit,
472 3843 637 3897 concluden-
666 3874 699 3882 -
717 3843 777 3898 κατ’
796 3837 882 3898 ἄλλον
906 3842 978 3913 βίον]
1003 3840 1021 3894 i.
1041 3857 1064 3894 e.
1090 3840 1243 3893 secundum

59 3933 128 3986 dum
157 3935 216 3995 est,
245 3929 402 3983 haereticos
430 3930 466 3983 ab
495 3929 552 3983 alia
570 3929 638 3983 urbe
666 3930 755 3984 vitam
774 3928 973 3991 christianam,
994 3943 1068 3995 quae
1087 3926 1145 3981 alia
1164 3929 1208 3981 est
1225 3944 1243 3981 a

58 4021 177 4083 venisse,
191 4019 315 4072 sortasse
326 4033 360 4070 ex
370 4016 574 4085 Philadelphia,
589 4032 640 4085 per
666 4018 726 4070 vita
737 4015 861 4071 naturali
873 4014 997 4086 (Smith).
1032 4015 1136 4077 Lectio,
1157 4030 1243 4081 quam

58 4125 144 4175 quam
164 4105 268 4160 urbem
288 4103 415 4173 Ignatius
433 4103 494 4173 ipse
513 4103 638 4158 transiit.
667 4104 854 4173 interpolator
878 4117 991 4169 quoque
1016 4099 1150 4156 habuisse
1168 4101 1243 4155 vide-

59 4195 102 4250 Cf.
122 4192 284 4262 Prolegom.
300 4208 322 4244 c.
338 4194 359 4246 1.
377 4222 412 4229 —
429 4196 454 4263 β.
475 4210 499 4246 τ.
511 4185 582 4260 ὦτα]
597 4190 638 4244 cf.
667 4194 721 4257 tur,
740 4189 863 4245 difficilis
884 4187 1000 4255 quidem
1018 4190 1072 4251 est,
1093 4188 1142 4241 ssd
1161 4204 1243 4242 sensu

58 4280 145 4334 Trall.
174 4281 200 4343 9,
223 4284 244 4336 l.
274 4311 309 4318 -
335 4277 539 4349 ἀναφερόμενοι
566 4277 639 4347 κτλ]
668 4296 726 4333 non
745 4280 829 4332 caret.

59 4367 101 4422 Cf.
125 4366 275 4436 Hippolyt.
306 4366 348 4419 De
376 4364 438 4418 Chr.
466 4367 495 4417 et
512 4364 639 4419 Antichr.
703 4365 736 4429 X,
758 4368 781 4418 1.
799 4360 961 4434 deludio.
976 4363 1025 4430 qui
1041 4362 1244 4420 nondumsunt

59 4471 81 4506 c.
102 4455 136 4506 59
165 4454 219 4513 (ed.
248 4453 361 4507 Achelis
379 4453 428 4514 40,
451 4453 466 4504 5
486 4452 545 4520 sq.).
584 4451 640 4504 Me·
670 4450 775 4506 Christi
792 4449 932 4519 discipuli.
952 4481 985 4491 -
1004 4446 1080 4508 ἔστιν
1103 4482 1138 4491 -
1161 4472 1245 4522 μετα.

59 4541 194 4596 thodDe
208 4537 518 4610 crucetOpp.Gretseri
528 4537 640 4603 Ilios).
653 4541 753 4627 Ινοὶας]
782 4536 824 4591 Gi.
852 4536 945 4591 Herm.
973 4537 1039 4592 Sim
1060 4538 1142 4605 VIII,
1163 4543 1193 4605 7,
1213 4542 1244 4604 2;

59 4628 132 4684 Iren.
153 4630 266 4696 Fragm.
285 4626 319 4681 28
338 4628 391 4695 (ed.
411 4623 709 4695 scieren1,842).·10,
728 4624 752 4679 2.
