<?xml version="1.0" encoding="UTF-8"?>
<!DOCTYPE html PUBLIC "-//W3C//DTD XHTML 1.0 Transitional//EN"
    "http://www.w3.org/TR/xhtml1/DTD/xhtml1-transitional.dtd">
<html xmlns="http://www.w3.org/1999/xhtml" xml:lang="en" lang="en">
 <head>
  <title>
</title>
<meta http-equiv="Content-Type" content="text/html;charset=utf-8" />
  <meta name='ocr-system' content='tesseract 3.04.00' />
  <meta name='ocr-capabilities' content='ocr_page ocr_carea ocr_par ocr_line ocrx_word'/>
</head>
<body>
  <div class='ocr_page' id='page_1' title='image "./patresapostolic00piongoog_0694.png"; bbox 0 0 2834 5018; ppageno 0'>
   <div class='ocr_carea' id='block_1_1' title="bbox 530 672 1259 740">
    <p class='ocr_par' dir='ltr' id='par_1_1' title="bbox 530 672 1259 740">
     <span class='ocr_line' id='line_1_1' title="bbox 530 672 1259 740; baseline 0.001 -14"><span class='ocrx_word' id='word_1_1' title='bbox 530 672 600 727; x_wconf 80' lang='lat' dir='ltr'>sm.</span> <span class='ocrx_word' id='word_1_2' title='bbox 623 672 657 736; x_wconf 88' lang='lat' dir='ltr'>V,</span> <span class='ocrx_word' id='word_1_3' title='bbox 677 674 701 736; x_wconf 81' lang='lat'>2,</span> <span class='ocrx_word' id='word_1_4' title='bbox 718 673 814 727; x_wconf 76' lang='lat'>4-11.</span> <span class='ocrx_word' id='word_1_5' title='bbox 1194 675 1259 740; x_wconf 83' lang='lat'>533</span> 
     </span>
    </p>
   </div>
   <div class='ocr_carea' id='block_1_2' title="bbox 79 850 1260 1033">
    <p class='ocr_par' dir='ltr' id='par_1_2' title="bbox 79 850 1260 1033">
     <span class='ocr_line' id='line_1_2' title="bbox 79 850 1260 936; baseline 0.002 -22"><span class='ocrx_word' id='word_1_6' title='bbox 79 852 207 915; x_wconf 87' lang='lat' dir='ltr'>vineam</span> <span class='ocrx_word' id='word_1_7' title='bbox 231 850 399 936; x_wconf 89' lang='lat' dir='ltr'>evellitque</span> <span class='ocrx_word' id='word_1_8' title='bbox 422 873 530 916; x_wconf 86' lang='lat' dir='ltr'>omnes</span> <span class='ocrx_word' id='word_1_9' title='bbox 552 851 675 927; x_wconf 83' lang='lat' dir='ltr'><strong>herbas,</strong></span> <span class='ocrx_word' id='word_1_10' title='bbox 701 872 781 935; x_wconf 82' lang='lat' dir='ltr'>quse</span> <span class='ocrx_word' id='word_1_11' title='bbox 803 850 837 915; x_wconf 93' lang='lat' dir='ltr'>in</span> <span class='ocrx_word' id='word_1_12' title='bbox 858 850 951 914; x_wconf 89' lang='lat' dir='ltr'>vinea</span> <span class='ocrx_word' id='word_1_13' title='bbox 970 856 1068 916; x_wconf 89' lang='lat' dir='ltr'>erant.</span> <span class='ocrx_word' id='word_1_14' title='bbox 1113 851 1158 916; x_wconf 85' lang='lat' dir='ltr'>Et</span> <span class='ocrx_word' id='word_1_15' title='bbox 1171 852 1260 916; x_wconf 82' lang='lat' dir='ltr'>facta</span> 
     </span>
     <span class='ocr_line' id='line_1_3' title="bbox 82 955 1259 1033; baseline 0.001 -13"><span class='ocrx_word' id='word_1_16' title='bbox 82 961 132 1020; x_wconf 88' lang='lat' dir='ltr'>est</span> <span class='ocrx_word' id='word_1_17' title='bbox 156 956 247 1020; x_wconf 87' lang='lat' dir='ltr'>vinea</span> <span class='ocrx_word' id='word_1_18' title='bbox 268 957 331 1021; x_wconf 88' lang='lat' dir='ltr'>ista</span> <span class='ocrx_word' id='word_1_19' title='bbox 353 957 581 1022; x_wconf 82' lang='lat' dir='ltr'>formosissima</span> <span class='ocrx_word' id='word_1_20' title='bbox 604 961 636 1020; x_wconf 90' lang='lat' dir='ltr'>et</span> <span class='ocrx_word' id='word_1_21' title='bbox 657 956 788 1033; x_wconf 89' lang='lat' dir='ltr'>florens,</span> <span class='ocrx_word' id='word_1_22' title='bbox 823 977 887 1021; x_wconf 90' lang='lat' dir='ltr'>non</span> <span class='ocrx_word' id='word_1_23' title='bbox 908 955 1029 1022; x_wconf 91' lang='lat' dir='ltr'>habens</span> <span class='ocrx_word' id='word_1_24' title='bbox 1052 955 1167 1022; x_wconf 88' lang='lat' dir='ltr'>herbas</span> <span class='ocrx_word' id='word_1_25' title='bbox 1190 978 1259 1021; x_wconf 88' lang='lat' dir='ltr'>eam</span> 
     </span>
    </p>
   </div>
   <div class='ocr_carea' id='block_1_3' title="bbox 79 1060 1285 1565">
    <p class='ocr_par' dir='ltr' id='par_1_3' title="bbox 79 1060 1285 1565">
     <span class='ocr_line' id='line_1_4' title="bbox 83 1060 1260 1146; baseline 0.002 -22"><span class='ocrx_word' id='word_1_26' title='bbox 83 1061 286 1126; x_wconf 87' lang='lat' dir='ltr'>suffocantes.</span> <span class='ocrx_word' id='word_1_27' title='bbox 334 1063 362 1126; x_wconf 82' lang='lat'>5.</span> <span class='ocrx_word' id='word_1_28' title='bbox 387 1062 465 1126; x_wconf 92' lang='lat' dir='ltr'>Post</span> <span class='ocrx_word' id='word_1_29' title='bbox 488 1062 685 1145; x_wconf 89' lang='lat' dir='ltr'>aliquantum</span> <span class='ocrx_word' id='word_1_30' title='bbox 715 1061 867 1146; x_wconf 89' lang='lat' dir='ltr'>temporis</span> <span class='ocrx_word' id='word_1_31' title='bbox 894 1061 980 1125; x_wconf 88' lang='lat' dir='ltr'>venit</span> <span class='ocrx_word' id='word_1_32' title='bbox 1011 1061 1155 1126; x_wconf 91' lang='lat' dir='ltr'>dominus</span> <span class='ocrx_word' id='word_1_33' title='bbox 1178 1060 1260 1126; x_wconf 88' lang='lat' dir='ltr'>servi</span> 
     </span>
     <span class='ocr_line' id='line_1_5' title="bbox 82 1166 1258 1250; baseline 0.002 -21"><span class='ocrx_word' id='word_1_34' title='bbox 82 1169 117 1229; x_wconf 88' lang='lat' dir='ltr'>et</span> <span class='ocrx_word' id='word_1_35' title='bbox 139 1166 210 1250; x_wconf 86' lang='lat' dir='ltr'>agri</span> <span class='ocrx_word' id='word_1_36' title='bbox 233 1170 265 1230; x_wconf 93' lang='lat' dir='ltr'>et</span> <span class='ocrx_word' id='word_1_37' title='bbox 286 1167 417 1231; x_wconf 90' lang='lat' dir='ltr'>intravit</span> <span class='ocrx_word' id='word_1_38' title='bbox 439 1167 472 1230; x_wconf 92' lang='lat' dir='ltr'>in</span> <span class='ocrx_word' id='word_1_39' title='bbox 500 1167 632 1231; x_wconf 88' lang='lat' dir='ltr'>vineam.</span> <span class='ocrx_word' id='word_1_40' title='bbox 678 1167 723 1231; x_wconf 83' lang='lat' dir='ltr'>Et</span> <span class='ocrx_word' id='word_1_41' title='bbox 744 1166 854 1230; x_wconf 90' lang='lat' dir='ltr'>videns</span> <span class='ocrx_word' id='word_1_42' title='bbox 877 1167 1002 1230; x_wconf 85' lang='lat' dir='ltr'>vineam</span> <span class='ocrx_word' id='word_1_43' title='bbox 1031 1166 1177 1230; x_wconf 86' lang='lat' dir='ltr'>decenter</span> <span class='ocrx_word' id='word_1_44' title='bbox 1199 1168 1258 1231; x_wconf 92' lang='lat' dir='ltr'>ob·</span> 
     </span>
     <span class='ocr_line' id='line_1_6' title="bbox 79 1270 1285 1355; baseline 0.002 -22"><span class='ocrx_word' id='word_1_45' title='bbox 79 1275 243 1355; x_wconf 87' lang='lat' dir='ltr'>saeptam,</span> <span class='ocrx_word' id='word_1_46' title='bbox 276 1272 379 1337; x_wconf 89' lang='lat' dir='ltr'>adhuc</span> <span class='ocrx_word' id='word_1_47' title='bbox 409 1276 515 1335; x_wconf 87' lang='lat' dir='ltr'>autem</span> <span class='ocrx_word' id='word_1_48' title='bbox 538 1275 570 1335; x_wconf 94' lang='lat' dir='ltr'>et</span> <span class='ocrx_word' id='word_1_49' title='bbox 599 1271 719 1335; x_wconf 88' lang='lat' dir='ltr'>fossam</span> <span class='ocrx_word' id='word_1_50' title='bbox 741 1275 773 1335; x_wconf 96' lang='lat' dir='ltr'>et</span> <span class='ocrx_word' id='word_1_51' title='bbox 795 1292 904 1335; x_wconf 90' lang='lat' dir='ltr'>omnes</span> <span class='ocrx_word' id='word_1_52' title='bbox 935 1270 1049 1335; x_wconf 90' lang='lat' dir='ltr'>herbas</span> <span class='ocrx_word' id='word_1_53' title='bbox 1078 1270 1203 1334; x_wconf 84' lang='lat' dir='ltr'>evulsas</span> <span class='ocrx_word' id='word_1_54' title='bbox 1226 1275 1285 1336; x_wconf 69' lang='lat' dir='ltr'>etr</span> 
     </span>
     <span class='ocr_line' id='line_1_7' title="bbox 79 1375 1259 1461; baseline 0.002 -23"><span class='ocrx_word' id='word_1_55' title='bbox 79 1375 163 1439; x_wconf 90' lang='lat' dir='ltr'>vites</span> <span class='ocrx_word' id='word_1_56' title='bbox 185 1376 349 1451; x_wconf 88' lang='lat' dir='ltr'>florentes,</span> <span class='ocrx_word' id='word_1_57' title='bbox 382 1376 510 1459; x_wconf 73' lang='lat' dir='ltr'>gavisus</span> <span class='ocrx_word' id='word_1_58' title='bbox 534 1380 582 1439; x_wconf 91' lang='lat' dir='ltr'>est</span> <span class='ocrx_word' id='word_1_59' title='bbox 603 1376 695 1441; x_wconf 89' lang='lat' dir='ltr'>valde</span> <span class='ocrx_word' id='word_1_60' title='bbox 719 1376 758 1441; x_wconf 93' lang='lat' dir='ltr'>de</span> <span class='ocrx_word' id='word_1_61' title='bbox 780 1377 929 1461; x_wconf 87' lang='lat' dir='ltr'>operibus</span> <span class='ocrx_word' id='word_1_62' title='bbox 958 1375 1049 1440; x_wconf 90' lang='lat' dir='ltr'>servi.</span> <span class='ocrx_word' id='word_1_63' title='bbox 1096 1377 1125 1440; x_wconf 86' lang='grc'>6.</span> <span class='ocrx_word' id='word_1_64' title='bbox 1150 1375 1259 1441; x_wconf 81' lang='lat' dir='ltr'>Advo-</span> 
     </span>
     <span class='ocr_line' id='line_1_8' title="bbox 83 1479 1260 1565; baseline -0.001 -21"><span class='ocrx_word' id='word_1_65' title='bbox 83 1480 167 1544; x_wconf 91' lang='lat' dir='ltr'>cavit</span> <span class='ocrx_word' id='word_1_66' title='bbox 189 1480 297 1565; x_wconf 88' lang='lat' dir='ltr'>itaque</span> <span class='ocrx_word' id='word_1_67' title='bbox 320 1480 421 1544; x_wconf 89' lang='lat' dir='ltr'>filium</span> <span class='ocrx_word' id='word_1_68' title='bbox 450 1502 542 1544; x_wconf 90' lang='lat' dir='ltr'>suum</span> <span class='ocrx_word' id='word_1_69' title='bbox 564 1479 728 1557; x_wconf 88' lang='lat' dir='ltr'>dilectum,</span> <span class='ocrx_word' id='word_1_70' title='bbox 764 1502 857 1565; x_wconf 89' lang='lat' dir='ltr'>quem</span> <span class='ocrx_word' id='word_1_71' title='bbox 879 1480 1019 1545; x_wconf 87' lang='lat' dir='ltr'>habebat</span> <span class='ocrx_word' id='word_1_72' title='bbox 1047 1479 1203 1556; x_wconf 84' lang='lat' dir='ltr'>heredem,</span> <span class='ocrx_word' id='word_1_73' title='bbox 1227 1483 1260 1544; x_wconf 93' lang='lat' dir='ltr'>et</span> 
     </span>
    </p>
   </div>
   <div class='ocr_carea' id='block_1_4' title="bbox 76 1584 1298 3631">
    <p class='ocr_par' dir='ltr' id='par_1_4' title="bbox 76 1584 1298 3631">
     <span class='ocr_line' id='line_1_9' title="bbox 83 1584 1259 1669; baseline 0.001 -21"><span class='ocrx_word' id='word_1_74' title='bbox 83 1584 211 1660; x_wconf 88' lang='lat' dir='ltr'>amicos,</span> <span class='ocrx_word' id='word_1_75' title='bbox 237 1607 315 1668; x_wconf 86' lang='lat' dir='ltr'>quos</span> <span class='ocrx_word' id='word_1_76' title='bbox 337 1585 477 1650; x_wconf 89' lang='lat' dir='ltr'>habehat</span> <span class='ocrx_word' id='word_1_77' title='bbox 493 1584 698 1660; x_wconf 87' lang='lat' dir='ltr'>consiliarios,</span> <span class='ocrx_word' id='word_1_78' title='bbox 722 1589 755 1648; x_wconf 91' lang='lat' dir='ltr'>et</span> <span class='ocrx_word' id='word_1_79' title='bbox 777 1585 853 1649; x_wconf 92' lang='lat' dir='ltr'>dicit</span> <span class='ocrx_word' id='word_1_80' title='bbox 875 1585 914 1648; x_wconf 91' lang='lat' dir='ltr'>iis</span> <span class='ocrx_word' id='word_1_81' title='bbox 930 1585 1045 1661; x_wconf 89' lang='lat' dir='ltr'>omnia,</span> <span class='ocrx_word' id='word_1_82' title='bbox 1071 1606 1150 1669; x_wconf 90' lang='lat' dir='ltr'>quae</span> <span class='ocrx_word' id='word_1_83' title='bbox 1165 1605 1259 1669; x_wconf 84' lang='lat' dir='ltr'>prae·</span> 
     </span>
     <span class='ocr_line' id='line_1_10' title="bbox 80 1688 1259 1774; baseline 0 -22"><span class='ocrx_word' id='word_1_84' title='bbox 80 1692 210 1772; x_wconf 78' lang='lat' dir='ltr'>ceperat</span> <span class='ocrx_word' id='word_1_85' title='bbox 241 1711 331 1754; x_wconf 89' lang='lat' dir='ltr'>servo</span> <span class='ocrx_word' id='word_1_86' title='bbox 354 1711 411 1753; x_wconf 89' lang='lat' dir='ltr'>suo</span> <span class='ocrx_word' id='word_1_87' title='bbox 444 1710 586 1773; x_wconf 91' lang='lat' dir='ltr'>quaeque</span> <span class='ocrx_word' id='word_1_88' title='bbox 607 1689 769 1753; x_wconf 88' lang='lat' dir='ltr'>invenerat</span> <span class='ocrx_word' id='word_1_89' title='bbox 790 1688 941 1772; x_wconf 88' lang='lat' dir='ltr'>perfecta.</span> <span class='ocrx_word' id='word_1_90' title='bbox 987 1688 1032 1753; x_wconf 85' lang='lat' dir='ltr'>Et</span> <span class='ocrx_word' id='word_1_91' title='bbox 1053 1688 1103 1753; x_wconf 88' lang='lat' dir='ltr'>illi</span> <span class='ocrx_word' id='word_1_92' title='bbox 1125 1710 1259 1774; x_wconf 84' lang='lat' dir='ltr'>congre·</span> 
     </span>
     <span class='ocr_line' id='line_1_11' title="bbox 78 1792 1298 1876; baseline 0.002 -20"><span class='ocrx_word' id='word_1_93' title='bbox 78 1792 175 1857; x_wconf 89' lang='lat' dir='ltr'>tulati</span> <span class='ocrx_word' id='word_1_94' title='bbox 199 1797 272 1857; x_wconf 89' lang='lat' dir='ltr'>sunt</span> <span class='ocrx_word' id='word_1_95' title='bbox 294 1814 384 1857; x_wconf 90' lang='lat' dir='ltr'>servo</span> <span class='ocrx_word' id='word_1_96' title='bbox 409 1795 446 1857; x_wconf 89' lang='lat' dir='ltr'>de</span> <span class='ocrx_word' id='word_1_97' title='bbox 468 1792 665 1870; x_wconf 87' lang='lat' dir='ltr'>testimonio,</span> <span class='ocrx_word' id='word_1_98' title='bbox 695 1793 778 1876; x_wconf 88' lang='lat' dir='ltr'>quod</span> <span class='ocrx_word' id='word_1_99' title='bbox 801 1793 888 1857; x_wconf 81' lang='lat' dir='ltr'>dedit</span> <span class='ocrx_word' id='word_1_100' title='bbox 911 1794 940 1857; x_wconf 93' lang='lat' dir='ltr'>ei</span> <span class='ocrx_word' id='word_1_101' title='bbox 962 1793 1115 1858; x_wconf 90' lang='lat' dir='ltr'>dominus.</span> <span class='ocrx_word' id='word_1_102' title='bbox 1163 1795 1192 1858; x_wconf 85' lang='lat'>7.</span> <span class='ocrx_word' id='word_1_103' title='bbox 1215 1794 1259 1859; x_wconf 85' lang='lat' dir='ltr'>Et</span> <span class='ocrx_word' id='word_1_104' title='bbox 1273 1805 1298 1842; x_wconf 87' lang='lat'>¹⁰</span> 
     </span>
     <span class='ocr_line' id='line_1_12' title="bbox 81 1896 1260 1981; baseline 0.002 -20"><span class='ocrx_word' id='word_1_105' title='bbox 81 1897 158 1961; x_wconf 87' lang='lat' dir='ltr'>dicit</span> <span class='ocrx_word' id='word_1_106' title='bbox 180 1896 235 1960; x_wconf 89' lang='lat' dir='ltr'>iis:</span> <span class='ocrx_word' id='word_1_107' title='bbox 259 1896 331 1981; x_wconf 76' lang='lat' dir='ltr'>Ego</span> <span class='ocrx_word' id='word_1_108' title='bbox 354 1918 443 1961; x_wconf 89' lang='lat' dir='ltr'>servo</span> <span class='ocrx_word' id='word_1_109' title='bbox 460 1896 533 1960; x_wconf 92' lang='lat' dir='ltr'>huic</span> <span class='ocrx_word' id='word_1_110' title='bbox 555 1896 738 1961; x_wconf 85' lang='lat' dir='ltr'>libertatem</span> <span class='ocrx_word' id='word_1_111' title='bbox 753 1897 894 1980; x_wconf 85' lang='lat' dir='ltr'><strong>promisi,</strong></span> <span class='ocrx_word' id='word_1_112' title='bbox 915 1897 942 1960; x_wconf 93' lang='lat' dir='ltr'>si</span> <span class='ocrx_word' id='word_1_113' title='bbox 957 1899 1142 1963; x_wconf 86' lang='lat' dir='ltr'>mandatum</span> <span class='ocrx_word' id='word_1_114' title='bbox 1153 1921 1260 1963; x_wconf 89' lang='lat' dir='ltr'>meum</span> 
     </span>
     <span class='ocr_line' id='line_1_13' title="bbox 79 2000 1259 2085; baseline 0.003 -21"><span class='ocrx_word' id='word_1_115' title='bbox 79 2001 273 2077; x_wconf 83' lang='lat' dir='ltr'>custodierit,</span> <span class='ocrx_word' id='word_1_116' title='bbox 298 2001 381 2085; x_wconf 91' lang='lat' dir='ltr'>quod</span> <span class='ocrx_word' id='word_1_117' title='bbox 403 2000 550 2074; x_wconf 84' lang='lat' dir='ltr'>mandavi</span> <span class='ocrx_word' id='word_1_118' title='bbox 573 2000 617 2071; x_wconf 78' lang='lat' dir='ltr'>ei:</span> <span class='ocrx_word' id='word_1_119' title='bbox 641 2001 811 2065; x_wconf 89' lang='lat' dir='ltr'>custodivit</span> <span class='ocrx_word' id='word_1_120' title='bbox 826 2006 933 2066; x_wconf 88' lang='lat' dir='ltr'>autem</span> <span class='ocrx_word' id='word_1_121' title='bbox 954 2002 1139 2067; x_wconf 88' lang='lat' dir='ltr'>mandatum</span> <span class='ocrx_word' id='word_1_122' title='bbox 1154 2025 1259 2067; x_wconf 91' lang='lat' dir='ltr'>meum</span> 
     </span>
     <span class='ocr_line' id='line_1_14' title="bbox 82 2105 1259 2190; baseline 0.001 -20"><span class='ocrx_word' id='word_1_123' title='bbox 82 2111 116 2170; x_wconf 89' lang='lat' dir='ltr'>et</span> <span class='ocrx_word' id='word_1_124' title='bbox 139 2107 254 2171; x_wconf 88' lang='lat' dir='ltr'>adiecit</span> <span class='ocrx_word' id='word_1_125' title='bbox 275 2107 384 2171; x_wconf 91' lang='lat' dir='ltr'>vineae</span> <span class='ocrx_word' id='word_1_126' title='bbox 407 2129 487 2189; x_wconf 91' lang='lat' dir='ltr'>opus</span> <span class='ocrx_word' id='word_1_127' title='bbox 509 2108 638 2184; x_wconf 84' lang='lat' dir='ltr'>bonum,</span> <span class='ocrx_word' id='word_1_128' title='bbox 662 2105 802 2190; x_wconf 87' lang='lat' dir='ltr'>mihique</span> <span class='ocrx_word' id='word_1_129' title='bbox 825 2105 917 2170; x_wconf 88' lang='lat' dir='ltr'>valde</span> <span class='ocrx_word' id='word_1_130' title='bbox 938 2106 1067 2190; x_wconf 81' lang='lat' dir='ltr'>placuit.</span> <span class='ocrx_word' id='word_1_131' title='bbox 1114 2106 1177 2170; x_wconf 89' lang='lat' dir='ltr'>Pro</span> <span class='ocrx_word' id='word_1_132' title='bbox 1198 2105 1259 2171; x_wconf 94' lang='lat' dir='ltr'>hoc</span> 
     </span>
     <span class='ocr_line' id='line_1_15' title="bbox 78 2210 1258 2295; baseline 0 -21"><span class='ocrx_word' id='word_1_133' title='bbox 78 2211 182 2295; x_wconf 82' lang='lat' dir='ltr'>igitur</span> <span class='ocrx_word' id='word_1_134' title='bbox 204 2232 307 2295; x_wconf 88' lang='lat' dir='ltr'>opere,</span> <span class='ocrx_word' id='word_1_135' title='bbox 332 2212 417 2295; x_wconf 91' lang='lat' dir='ltr'>quod</span> <span class='ocrx_word' id='word_1_136' title='bbox 439 2216 588 2295; x_wconf 89' lang='lat' dir='ltr'>operatus</span> <span class='ocrx_word' id='word_1_137' title='bbox 611 2215 675 2289; x_wconf 84' lang='lat' dir='ltr'>est,</span> <span class='ocrx_word' id='word_1_138' title='bbox 708 2211 781 2275; x_wconf 93' lang='lat' dir='ltr'>volo</span> <span class='ocrx_word' id='word_1_139' title='bbox 805 2233 877 2275; x_wconf 86' lang='lat' dir='ltr'>eum</span> <span class='ocrx_word' id='word_1_140' title='bbox 909 2210 1092 2276; x_wconf 81' lang='lat' dir='ltr'>coheredem</span> <span class='ocrx_word' id='word_1_141' title='bbox 1114 2211 1173 2275; x_wconf 86' lang='lat' dir='ltr'>filii</span> <span class='ocrx_word' id='word_1_142' title='bbox 1194 2211 1258 2275; x_wconf 89' lang='lat' dir='ltr'>mei</span> 
     </span>
     <span class='ocr_line' id='line_1_16' title="bbox 79 2314 1296 2400; baseline 0.001 -21"><span class='ocrx_word' id='word_1_143' title='bbox 79 2314 195 2391; x_wconf 88' lang='lat' dir='ltr'>facere,</span> <span class='ocrx_word' id='word_1_144' title='bbox 220 2316 305 2399; x_wconf 91' lang='lat' dir='ltr'>quod</span> <span class='ocrx_word' id='word_1_145' title='bbox 333 2317 453 2380; x_wconf 92' lang='lat' dir='ltr'>bonum</span> <span class='ocrx_word' id='word_1_146' title='bbox 475 2317 573 2381; x_wconf 87' lang='lat' dir='ltr'>sensit</span> <span class='ocrx_word' id='word_1_147' title='bbox 594 2337 696 2400; x_wconf 87' lang='lat' dir='ltr'>neque</span> <span class='ocrx_word' id='word_1_148' title='bbox 717 2315 839 2391; x_wconf 90' lang='lat' dir='ltr'>omisit,</span> <span class='ocrx_word' id='word_1_149' title='bbox 872 2315 927 2378; x_wconf 86' lang='lat' dir='ltr'>sed</span> <span class='ocrx_word' id='word_1_150' title='bbox 954 2315 1097 2400; x_wconf 88' lang='lat' dir='ltr'>perfecit.</span> <span class='ocrx_word' id='word_1_151' title='bbox 1144 2317 1173 2380; x_wconf 82' lang='lat'>8.</span> <span class='ocrx_word' id='word_1_152' title='bbox 1199 2314 1258 2380; x_wconf 81' lang='lat' dir='ltr'>Cui</span> <span class='ocrx_word' id='word_1_153' title='bbox 1271 2325 1296 2363; x_wconf 77' lang='lat'>¹⁶</span> 
     </span>
     <span class='ocr_line' id='line_1_17' title="bbox 79 2419 1255 2495; baseline 0.001 -12"><span class='ocrx_word' id='word_1_154' title='bbox 79 2420 256 2484; x_wconf 88' lang='lat' dir='ltr'>sententiae</span> <span class='ocrx_word' id='word_1_155' title='bbox 277 2419 361 2483; x_wconf 89' lang='lat' dir='ltr'>filius</span> <span class='ocrx_word' id='word_1_156' title='bbox 385 2420 502 2485; x_wconf 91' lang='lat' dir='ltr'>domini</span> <span class='ocrx_word' id='word_1_157' title='bbox 524 2442 670 2485; x_wconf 82' lang='lat' dir='ltr'>assensus</span> <span class='ocrx_word' id='word_1_158' title='bbox 692 2424 749 2495; x_wconf 91' lang='lat' dir='ltr'>est,</span> <span class='ocrx_word' id='word_1_159' title='bbox 773 2423 809 2482; x_wconf 93' lang='lat' dir='ltr'>ut</span> <span class='ocrx_word' id='word_1_160' title='bbox 832 2419 961 2484; x_wconf 85' lang='lat' dir='ltr'>coheres</span> <span class='ocrx_word' id='word_1_161' title='bbox 975 2420 1033 2484; x_wconf 91' lang='lat' dir='ltr'>fiat</span> <span class='ocrx_word' id='word_1_162' title='bbox 1054 2442 1163 2485; x_wconf 88' lang='lat' dir='ltr'>servus</span> <span class='ocrx_word' id='word_1_163' title='bbox 1178 2420 1255 2484; x_wconf 92' lang='lat' dir='ltr'>filio.</span> 
     </span>
     <span class='ocr_line' id='line_1_18' title="bbox 79 2523 1259 2609; baseline 0.002 -22"><span class='ocrx_word' id='word_1_164' title='bbox 79 2525 111 2587; x_wconf 88' lang='lat'>9.</span> <span class='ocrx_word' id='word_1_165' title='bbox 136 2523 215 2588; x_wconf 87' lang='lat' dir='ltr'>Post</span> <span class='ocrx_word' id='word_1_166' title='bbox 237 2524 303 2588; x_wconf 87' lang='lat' dir='ltr'>dies</span> <span class='ocrx_word' id='word_1_167' title='bbox 332 2546 449 2607; x_wconf 86' lang='lat' dir='ltr'>paucos</span> <span class='ocrx_word' id='word_1_168' title='bbox 472 2524 703 2609; x_wconf 89' lang='lat' dir='ltr'>paterfamilias</span> <span class='ocrx_word' id='word_1_169' title='bbox 735 2524 801 2588; x_wconf 88' lang='lat' dir='ltr'>eius</span> <span class='ocrx_word' id='word_1_170' title='bbox 826 2545 935 2588; x_wconf 89' lang='lat' dir='ltr'>cenam</span> <span class='ocrx_word' id='word_1_171' title='bbox 957 2523 1035 2588; x_wconf 86' lang='lat' dir='ltr'>fecit</span> <span class='ocrx_word' id='word_1_172' title='bbox 1065 2528 1097 2587; x_wconf 90' lang='lat' dir='ltr'>et</span> <span class='ocrx_word' id='word_1_173' title='bbox 1120 2524 1208 2590; x_wconf 90' lang='lat' dir='ltr'>misit</span> <span class='ocrx_word' id='word_1_174' title='bbox 1228 2525 1259 2589; x_wconf 90' lang='lat' dir='ltr'>ei</span> 
     </span>
     <span class='ocr_line' id='line_1_19' title="bbox 79 2628 1259 2711; baseline 0.001 -18"><span class='ocrx_word' id='word_1_175' title='bbox 79 2630 119 2693; x_wconf 88' lang='lat' dir='ltr'>de</span> <span class='ocrx_word' id='word_1_176' title='bbox 142 2650 218 2693; x_wconf 91' lang='lat' dir='ltr'>cena</span> <span class='ocrx_word' id='word_1_177' title='bbox 240 2629 326 2694; x_wconf 89' lang='lat' dir='ltr'>cibos</span> <span class='ocrx_word' id='word_1_178' title='bbox 350 2629 475 2694; x_wconf 91' lang='lat' dir='ltr'>multos.</span> <span class='ocrx_word' id='word_1_179' title='bbox 523 2628 638 2694; x_wconf 89' lang='lat' dir='ltr'>Servus</span> <span class='ocrx_word' id='word_1_180' title='bbox 662 2632 769 2693; x_wconf 89' lang='lat' dir='ltr'>autem</span> <span class='ocrx_word' id='word_1_181' title='bbox 792 2650 862 2692; x_wconf 92' lang='lat' dir='ltr'>cum</span> <span class='ocrx_word' id='word_1_182' title='bbox 886 2628 1060 2711; x_wconf 83' lang='lat' dir='ltr'>accepisset</span> <span class='ocrx_word' id='word_1_183' title='bbox 1086 2629 1173 2693; x_wconf 90' lang='lat' dir='ltr'>cibos</span> <span class='ocrx_word' id='word_1_184' title='bbox 1197 2629 1259 2694; x_wconf 89' lang='lat' dir='ltr'>sibi</span> 
     </span>
     <span class='ocr_line' id='line_1_20' title="bbox 77 2731 1258 2818; baseline 0.002 -22"><span class='ocrx_word' id='word_1_185' title='bbox 77 2734 193 2798; x_wconf 85' lang='lat' dir='ltr'>missos</span> <span class='ocrx_word' id='word_1_186' title='bbox 217 2756 236 2797; x_wconf 89' lang='lat' dir='ltr'>a</span> <span class='ocrx_word' id='word_1_187' title='bbox 259 2734 402 2810; x_wconf 87' lang='lat' dir='ltr'>domino,</span> <span class='ocrx_word' id='word_1_188' title='bbox 432 2734 562 2798; x_wconf 88' lang='lat' dir='ltr'>sustulit</span> <span class='ocrx_word' id='word_1_189' title='bbox 584 2754 653 2809; x_wconf 85' lang='lat' dir='ltr'>eos,</span> <span class='ocrx_word' id='word_1_190' title='bbox 688 2732 743 2817; x_wconf 93' lang='lat' dir='ltr'>qui</span> <span class='ocrx_word' id='word_1_191' title='bbox 773 2732 836 2816; x_wconf 87' lang='lat' dir='ltr'>ipsi</span> <span class='ocrx_word' id='word_1_192' title='bbox 868 2731 1087 2811; x_wconf 86' lang='lat' dir='ltr'>sufficiebant,</span> <span class='ocrx_word' id='word_1_193' title='bbox 1119 2733 1258 2818; x_wconf 90' lang='lat' dir='ltr'>reliquos</span> 
     </span>
     <span class='ocr_line' id='line_1_21' title="bbox 79 2835 1297 2921; baseline 0.001 -21"><span class='ocrx_word' id='word_1_194' title='bbox 79 2858 154 2901; x_wconf 92' lang='lat' dir='ltr'>vero</span> <span class='ocrx_word' id='word_1_195' title='bbox 186 2839 345 2903; x_wconf 84' lang='lat' dir='ltr'>conservis</span> <span class='ocrx_word' id='word_1_196' title='bbox 374 2839 440 2902; x_wconf 89' lang='lat' dir='ltr'>suis</span> <span class='ocrx_word' id='word_1_197' title='bbox 469 2838 565 2902; x_wconf 88' lang='lat' dir='ltr'>dedit.</span> <span class='ocrx_word' id='word_1_198' title='bbox 620 2838 669 2902; x_wconf 88' lang='grc'>10.</span> <span class='ocrx_word' id='word_1_199' title='bbox 694 2835 844 2902; x_wconf 79' lang='lat' dir='ltr'>Conservi</span> <span class='ocrx_word' id='word_1_200' title='bbox 876 2841 981 2902; x_wconf 90' lang='lat' dir='ltr'>autem</span> <span class='ocrx_word' id='word_1_201' title='bbox 1011 2838 1091 2904; x_wconf 90' lang='lat' dir='ltr'>cibis</span> <span class='ocrx_word' id='word_1_202' title='bbox 1120 2839 1257 2921; x_wconf 86' lang='lat' dir='ltr'>acceptis</span> <span class='ocrx_word' id='word_1_203' title='bbox 1271 2862 1297 2901; x_wconf 83' lang='lat' dir='ltr'>ao</span> 
     </span>
     <span class='ocr_line' id='line_1_22' title="bbox 78 2942 1259 3027; baseline 0.003 -22"><span class='ocrx_word' id='word_1_204' title='bbox 78 2942 182 3024; x_wconf 82' lang='lat' dir='ltr'>gavisi</span> <span class='ocrx_word' id='word_1_205' title='bbox 211 2947 285 3006; x_wconf 88' lang='lat' dir='ltr'>sunt</span> <span class='ocrx_word' id='word_1_206' title='bbox 316 2947 348 3006; x_wconf 91' lang='lat' dir='ltr'>et</span> <span class='ocrx_word' id='word_1_207' title='bbox 376 2946 548 3026; x_wconf 89' lang='lat' dir='ltr'>coeperunt</span> <span class='ocrx_word' id='word_1_208' title='bbox 579 2963 668 3006; x_wconf 88' lang='lat' dir='ltr'>orare</span> <span class='ocrx_word' id='word_1_209' title='bbox 695 2963 753 3025; x_wconf 90' lang='lat' dir='ltr'>pro</span> <span class='ocrx_word' id='word_1_210' title='bbox 784 2963 839 3020; x_wconf 87' lang='lat' dir='ltr'>eo,</span> <span class='ocrx_word' id='word_1_211' title='bbox 872 2945 909 3006; x_wconf 92' lang='lat' dir='ltr'>ut</span> <span class='ocrx_word' id='word_1_212' title='bbox 938 2942 1074 3027; x_wconf 76' lang='lat' dir='ltr'>gratiam</span> <span class='ocrx_word' id='word_1_213' title='bbox 1104 2943 1259 3008; x_wconf 88' lang='lat' dir='ltr'>inveniret</span> 
     </span>
     <span class='ocr_line' id='line_1_23' title="bbox 77 3045 1258 3131; baseline 0.002 -22"><span class='ocrx_word' id='word_1_214' title='bbox 77 3047 231 3111; x_wconf 86' lang='lat' dir='ltr'>maiorem</span> <span class='ocrx_word' id='word_1_215' title='bbox 254 3048 338 3131; x_wconf 90' lang='lat' dir='ltr'>apud</span> <span class='ocrx_word' id='word_1_216' title='bbox 367 3047 544 3122; x_wconf 90' lang='lat' dir='ltr'>dominum,</span> <span class='ocrx_word' id='word_1_217' title='bbox 576 3045 661 3129; x_wconf 91' lang='lat' dir='ltr'>quod</span> <span class='ocrx_word' id='word_1_218' title='bbox 681 3045 729 3110; x_wconf 90' lang='lat' dir='ltr'>ita</span> <span class='ocrx_word' id='word_1_219' title='bbox 755 3046 834 3129; x_wconf 86' lang='lat' dir='ltr'>ipsis</span> <span class='ocrx_word' id='word_1_220' title='bbox 864 3067 939 3110; x_wconf 84' lang='lat' dir='ltr'>usus</span> <span class='ocrx_word' id='word_1_221' title='bbox 972 3051 1047 3110; x_wconf 88' lang='lat' dir='ltr'>erat.</span> <span class='ocrx_word' id='word_1_222' title='bbox 1096 3049 1146 3112; x_wconf 90' lang='grc'>11.</span> <span class='ocrx_word' id='word_1_223' title='bbox 1170 3047 1258 3111; x_wconf 87' lang='lat' dir='ltr'>Haec</span> 
     </span>
     <span class='ocr_line' id='line_1_24' title="bbox 79 3149 1258 3234; baseline 0 -19"><span class='ocrx_word' id='word_1_224' title='bbox 79 3151 195 3226; x_wconf 90' lang='lat' dir='ltr'>omnia,</span> <span class='ocrx_word' id='word_1_225' title='bbox 220 3174 301 3234; x_wconf 89' lang='lat' dir='ltr'>quae</span> <span class='ocrx_word' id='word_1_226' title='bbox 325 3151 412 3216; x_wconf 80' lang='lat' dir='ltr'>iacta</span> <span class='ocrx_word' id='word_1_227' title='bbox 434 3156 540 3227; x_wconf 89' lang='lat' dir='ltr'>erant,</span> <span class='ocrx_word' id='word_1_228' title='bbox 568 3150 713 3214; x_wconf 91' lang='lat' dir='ltr'>dominus</span> <span class='ocrx_word' id='word_1_229' title='bbox 735 3149 801 3213; x_wconf 87' lang='lat' dir='ltr'>eius</span> <span class='ocrx_word' id='word_1_230' title='bbox 825 3149 946 3214; x_wconf 86' lang='lat' dir='ltr'>audivit</span> <span class='ocrx_word' id='word_1_231' title='bbox 975 3154 1007 3214; x_wconf 91' lang='lat' dir='ltr'>et</span> <span class='ocrx_word' id='word_1_232' title='bbox 1029 3151 1142 3215; x_wconf 88' lang='lat' dir='ltr'>iterum</span> <span class='ocrx_word' id='word_1_233' title='bbox 1165 3150 1258 3215; x_wconf 90' lang='lat' dir='ltr'>valde</span> 
     </span>
     <span class='ocr_line' id='line_1_25' title="bbox 78 3252 1256 3339; baseline -0.001 -19"><span class='ocrx_word' id='word_1_234' title='bbox 78 3256 209 3339; x_wconf 80' lang='lat' dir='ltr'>gavisus</span> <span class='ocrx_word' id='word_1_235' title='bbox 240 3260 288 3320; x_wconf 93' lang='lat' dir='ltr'>est</span> <span class='ocrx_word' id='word_1_236' title='bbox 320 3257 358 3321; x_wconf 88' lang='lat' dir='ltr'>de</span> <span class='ocrx_word' id='word_1_237' title='bbox 380 3257 447 3320; x_wconf 84' lang='lat' dir='ltr'>eius</span> <span class='ocrx_word' id='word_1_238' title='bbox 477 3255 572 3319; x_wconf 88' lang='lat' dir='ltr'>facto.</span> <span class='ocrx_word' id='word_1_239' title='bbox 618 3254 741 3319; x_wconf 88' lang='lat' dir='ltr'>Rursus</span> <span class='ocrx_word' id='word_1_240' title='bbox 774 3255 955 3319; x_wconf 88' lang='lat' dir='ltr'>convocatis</span> <span class='ocrx_word' id='word_1_241' title='bbox 986 3252 1094 3319; x_wconf 89' lang='lat' dir='ltr'>amicis</span> <span class='ocrx_word' id='word_1_242' title='bbox 1126 3277 1162 3320; x_wconf 87' lang='lat' dir='ltr'>ac</span> <span class='ocrx_word' id='word_1_243' title='bbox 1189 3255 1256 3319; x_wconf 91' lang='lat' dir='ltr'>filio</span> 
     </span>
     <span class='ocr_line' id='line_1_26' title="bbox 78 3357 1296 3443; baseline 0 -20"><span class='ocrx_word' id='word_1_244' title='bbox 78 3379 138 3423; x_wconf 90' lang='lat' dir='ltr'>suo</span> <span class='ocrx_word' id='word_1_245' title='bbox 161 3359 361 3423; x_wconf 87' lang='lat' dir='ltr'>annuntiavit</span> <span class='ocrx_word' id='word_1_246' title='bbox 383 3360 423 3423; x_wconf 90' lang='lat' dir='ltr'>iis</span> <span class='ocrx_word' id='word_1_247' title='bbox 445 3359 575 3437; x_wconf 83' lang='lat' dir='ltr'>factum,</span> <span class='ocrx_word' id='word_1_248' title='bbox 600 3359 685 3442; x_wconf 91' lang='lat' dir='ltr'>quod</span> <span class='ocrx_word' id='word_1_249' title='bbox 706 3357 825 3423; x_wconf 82' lang='lat' dir='ltr'>fecerat</span> <span class='ocrx_word' id='word_1_250' title='bbox 849 3358 887 3422; x_wconf 89' lang='lat' dir='ltr'>de</span> <span class='ocrx_word' id='word_1_251' title='bbox 902 3357 990 3435; x_wconf 90' lang='lat' dir='ltr'>cibis,</span> <span class='ocrx_word' id='word_1_252' title='bbox 1014 3380 1094 3443; x_wconf 89' lang='lat' dir='ltr'>quos</span> <span class='ocrx_word' id='word_1_253' title='bbox 1115 3360 1255 3443; x_wconf 87' lang='lat' dir='ltr'>accepit;</span> <span class='ocrx_word' id='word_1_254' title='bbox 1269 3383 1296 3422; x_wconf 83' lang='lat' dir='ltr'>aa</span> 
     </span>
     <span class='ocr_line' id='line_1_27' title="bbox 76 3462 1255 3548; baseline 0.002 -22"><span class='ocrx_word' id='word_1_255' title='bbox 76 3462 128 3526; x_wconf 83' lang='lat' dir='ltr'>illi</span> <span class='ocrx_word' id='word_1_256' title='bbox 151 3467 258 3527; x_wconf 86' lang='lat' dir='ltr'>autern</span> <span class='ocrx_word' id='word_1_257' title='bbox 286 3463 513 3548; x_wconf 84' lang='lat' dir='ltr'>multomagis</span> <span class='ocrx_word' id='word_1_258' title='bbox 544 3463 662 3526; x_wconf 88' lang='lat' dir='ltr'>assensi</span> <span class='ocrx_word' id='word_1_259' title='bbox 691 3467 780 3539; x_wconf 84' lang='lat' dir='ltr'>sunt,</span> <span class='ocrx_word' id='word_1_260' title='bbox 816 3484 941 3527; x_wconf 88' lang='lat' dir='ltr'>servum</span> <span class='ocrx_word' id='word_1_261' title='bbox 971 3463 1040 3528; x_wconf 89' lang='lat' dir='ltr'>fieri</span> <span class='ocrx_word' id='word_1_262' title='bbox 1071 3463 1255 3528; x_wconf 88' lang='lat' dir='ltr'>coheredem</span> 
     </span>
     <span class='ocr_line' id='line_1_28' title="bbox 77 3566 247 3631; baseline 0.006 -1"><span class='ocrx_word' id='word_1_263' title='bbox 77 3566 147 3630; x_wconf 90' lang='lat' dir='ltr'>filio</span> <span class='ocrx_word' id='word_1_264' title='bbox 170 3568 247 3631; x_wconf 88' lang='lat' dir='ltr'>eius.</span> 
     </span>
    </p>
   </div>
   <div class='ocr_carea' id='block_1_5' title="bbox 75 3796 1256 4478">
    <p class='ocr_par' dir='ltr' id='par_1_5' title="bbox 75 3796 1256 4478">
     <span class='ocr_line' id='line_1_29' title="bbox 75 3796 1255 3867; baseline 0.001 -18"><span class='ocrx_word' id='word_1_265' title='bbox 75 3814 131 3850; x_wconf 88' lang='lat' dir='ltr'>nus</span> <span class='ocrx_word' id='word_1_266' title='bbox 145 3812 225 3851; x_wconf 85' lang='lat' dir='ltr'>servo</span> <span class='ocrx_word' id='word_1_267' title='bbox 238 3796 315 3851; x_wconf 85' lang='lat' dir='ltr'>fideli</span> <span class='ocrx_word' id='word_1_268' title='bbox 327 3797 490 3853; x_wconf 81' lang='lat' dir='ltr'>libertatem</span> <span class='ocrx_word' id='word_1_269' title='bbox 501 3797 654 3867; x_wconf 89' lang='lat' dir='ltr'>promittit;</span> <span class='ocrx_word' id='word_1_270' title='bbox 682 3814 740 3851; x_wconf 93' lang='lat' dir='ltr'>non</span> <span class='ocrx_word' id='word_1_271' title='bbox 759 3796 849 3852; x_wconf 88' lang='lat' dir='ltr'>solum</span> <span class='ocrx_word' id='word_1_272' title='bbox 868 3814 939 3867; x_wconf 88' lang='lat' dir='ltr'>opus</span> <span class='ocrx_word' id='word_1_273' title='bbox 949 3797 1114 3852; x_wconf 80' lang='lat' dir='ltr'>mandatnm</span> <span class='ocrx_word' id='word_1_274' title='bbox 1126 3796 1255 3866; x_wconf 85' lang='lat' dir='ltr'>perfecit,</span> 
     </span>
     <span class='ocr_line' id='line_1_30' title="bbox 77 3883 1256 3957; baseline 0.004 -20"><span class='ocrx_word' id='word_1_275' title='bbox 77 3883 114 3937; x_wconf 83' lang='lat' dir='ltr'>cf.</span> <span class='ocrx_word' id='word_1_276' title='bbox 134 3901 160 3937; x_wconf 86' lang='lat' dir='ltr'>v.</span> <span class='ocrx_word' id='word_1_277' title='bbox 179 3884 203 3937; x_wconf 80' lang='lat'>7.</span> <span class='ocrx_word' id='word_1_278' title='bbox 682 3884 730 3939; x_wconf 85' lang='lat' dir='ltr'>sed</span> <span class='ocrx_word' id='word_1_279' title='bbox 748 3886 836 3938; x_wconf 86' lang='lat' dir='ltr'>etiam</span> <span class='ocrx_word' id='word_1_280' title='bbox 853 3884 918 3954; x_wconf 91' lang='lat' dir='ltr'>plus</span> <span class='ocrx_word' id='word_1_281' title='bbox 939 3885 1053 3954; x_wconf 77' lang='lat' dir='ltr'>egit-</span> <span class='ocrx_word' id='word_1_282' title='bbox 1064 3889 1256 3957; x_wconf 63' lang='grc' dir='ltr'>παρενεθυμν]</span> 
     </span>
     <span class='ocr_line' id='line_1_31' title="bbox 114 3970 1036 4046; baseline -0.001 -21"><span class='ocrx_word' id='word_1_283' title='bbox 114 3971 137 4025; x_wconf 89' lang='grc'>3.</span> <span class='ocrx_word' id='word_1_284' title='bbox 156 3977 284 4044; x_wconf 80' lang='grc' dir='ltr'><em>βοτανῶν</em></span> <span class='ocrx_word' id='word_1_285' title='bbox 301 3973 400 4046; x_wconf 78' lang='grc' dir='ltr'><strong><em>πλήρη]</em></strong></span> <span class='ocrx_word' id='word_1_286' title='bbox 429 3973 464 4026; x_wconf 82' lang='lat' dir='ltr'>cf.</span> <span class='ocrx_word' id='word_1_287' title='bbox 492 3972 593 4026; x_wconf 86' lang='lat' dir='ltr'>Matth.</span> <span class='ocrx_word' id='word_1_288' title='bbox 613 3971 654 4034; x_wconf 93' lang='grc'><strong>13,</strong></span> <span class='ocrx_word' id='word_1_289' title='bbox 681 3971 730 4043; x_wconf 58' lang='lat' dir='ltr'>aa]</span> <span class='ocrx_word' id='word_1_290' title='bbox 749 3972 784 4025; x_wconf 85' lang='lat' dir='ltr'>cf.</span> <span class='ocrx_word' id='word_1_291' title='bbox 804 3971 898 4025; x_wconf 85' lang='lat' dir='ltr'>Mand.</span> <span class='ocrx_word' id='word_1_292' title='bbox 917 3970 950 4033; x_wconf 90' lang='lat' dir='ltr'>V,</span> <span class='ocrx_word' id='word_1_293' title='bbox 970 3971 993 4035; x_wconf 84' lang='lat'>2,</span> <span class='ocrx_word' id='word_1_294' title='bbox 1012 3971 1036 4024; x_wconf 87' lang='grc'>8.</span> 
     </span>
     <span class='ocr_line' id='line_1_32' title="bbox 75 4057 1255 4129; baseline 0 -16"><span class='ocrx_word' id='word_1_295' title='bbox 75 4058 189 4113; x_wconf 82' lang='grc'><strong>25-30.</strong></span> <span class='ocrx_word' id='word_1_296' title='bbox 715 4060 740 4113; x_wconf 88' lang='grc'>9.</span> <span class='ocrx_word' id='word_1_297' title='bbox 760 4058 795 4115; x_wconf 80' lang='grc' dir='ltr'>τὰ</span> <span class='ocrx_word' id='word_1_298' title='bbox 807 4058 890 4114; x_wconf 77' lang='grc' dir='ltr'><strong><em>λοιπὰ</em></strong></span> <span class='ocrx_word' id='word_1_299' title='bbox 900 4057 972 4127; x_wconf 83' lang='grc' dir='ltr'><strong><em>κτλ]</em></strong></span> <span class='ocrx_word' id='word_1_300' title='bbox 985 4057 1086 4112; x_wconf 88' lang='lat' dir='ltr'>Servus</span> <span class='ocrx_word' id='word_1_301' title='bbox 1096 4058 1172 4112; x_wconf 85' lang='lat' dir='ltr'>aliud</span> <span class='ocrx_word' id='word_1_302' title='bbox 1185 4076 1255 4129; x_wconf 89' lang='lat' dir='ltr'>opus</span> 
     </span>
     <span class='ocr_line' id='line_1_33' title="bbox 112 4144 1109 4212; baseline 0 -14"><span class='ocrx_word' id='word_1_303' title='bbox 112 4146 137 4198; x_wconf 84' lang='lat'>4.</span> <span class='ocrx_word' id='word_1_304' title='bbox 158 4144 199 4199; x_wconf 83' lang='lat' dir='ltr'>cf.</span> <span class='ocrx_word' id='word_1_305' title='bbox 219 4145 320 4200; x_wconf 86' lang='lat' dir='ltr'>Matth</span> <span class='ocrx_word' id='word_1_306' title='bbox 342 4146 381 4208; x_wconf 85' lang='lat'>19,</span> <span class='ocrx_word' id='word_1_307' title='bbox 402 4144 512 4199; x_wconf 80' lang='lat'><strong>16-21.</strong></span> <span class='ocrx_word' id='word_1_308' title='bbox 535 4174 568 4183; x_wconf 94' lang='lat'>-</span> <span class='ocrx_word' id='word_1_309' title='bbox 596 4163 653 4201; x_wconf 78' lang='grc' dir='ltr'><em>πνι-</em></span> <span class='ocrx_word' id='word_1_310' title='bbox 680 4162 737 4199; x_wconf 93' lang='lat' dir='ltr'>non</span> <span class='ocrx_word' id='word_1_311' title='bbox 755 4144 921 4198; x_wconf 85' lang='lat' dir='ltr'>mandatum</span> <span class='ocrx_word' id='word_1_312' title='bbox 940 4144 1109 4212; x_wconf 86' lang='lat' dir='ltr'>exsequitur.</span> 
     </span>
     <span class='ocr_line' id='line_1_34' title="bbox 76 4230 1254 4306; baseline -0.003 -16"><span class='ocrx_word' id='word_1_313' title='bbox 76 4232 209 4306; x_wconf 80' lang='grc' dir='ltr'><strong><em>γόμενος]</em></strong></span> <span class='ocrx_word' id='word_1_314' title='bbox 229 4232 271 4286; x_wconf 88' lang='lat' dir='ltr'>cf.</span> <span class='ocrx_word' id='word_1_315' title='bbox 290 4231 391 4286; x_wconf 83' lang='lat' dir='ltr'>Matth</span> <span class='ocrx_word' id='word_1_316' title='bbox 414 4232 453 4294; x_wconf 84' lang='grc'><strong>13,</strong></span> <span class='ocrx_word' id='word_1_317' title='bbox 474 4234 497 4286; x_wconf 84' lang='grc'>7.</span> <span class='ocrx_word' id='word_1_318' title='bbox 717 4233 756 4287; x_wconf 91' lang='grc'>10.</span> <span class='ocrx_word' id='word_1_319' title='bbox 768 4233 850 4304; x_wconf 80' lang='grc' dir='ltr'><strong><em>χάριν</em></strong></span> <span class='ocrx_word' id='word_1_320' title='bbox 857 4230 980 4300; x_wconf 75' lang='grc' dir='ltr'><strong><em>μείζονα]</em></strong></span> <span class='ocrx_word' id='word_1_321' title='bbox 991 4232 1033 4285; x_wconf 83' lang='lat' dir='ltr'>Cf.</span> <span class='ocrx_word' id='word_1_322' title='bbox 1044 4247 1066 4284; x_wconf 87' lang='lat' dir='ltr'>c.</span> <span class='ocrx_word' id='word_1_323' title='bbox 1077 4233 1101 4295; x_wconf 88' lang='grc'>3,</span> <span class='ocrx_word' id='word_1_324' title='bbox 1111 4233 1141 4295; x_wconf 83' lang='grc'>3;</span> <span class='ocrx_word' id='word_1_325' title='bbox 1152 4232 1254 4287; x_wconf 78' lang='lat' dir='ltr'>Matth.</span> 
     </span>
     <span class='ocr_line' id='line_1_35' title="bbox 114 4318 783 4381; baseline -0.001 -8"><span class='ocrx_word' id='word_1_326' title='bbox 114 4320 137 4373; x_wconf 90' lang='grc'>6.</span> <span class='ocrx_word' id='word_1_327' title='bbox 158 4320 199 4374; x_wconf 86' lang='lat' dir='ltr'>cf.</span> <span class='ocrx_word' id='word_1_328' title='bbox 220 4336 240 4372; x_wconf 92' lang='lat' dir='ltr'>c.</span> <span class='ocrx_word' id='word_1_329' title='bbox 261 4320 284 4381; x_wconf 88' lang='lat'>5,</span> <span class='ocrx_word' id='word_1_330' title='bbox 304 4318 381 4371; x_wconf 83' lang='grc'><strong>2-3.</strong></span> <span class='ocrx_word' id='word_1_331' title='bbox 682 4319 722 4379; x_wconf 88' lang='grc'><strong>19,</strong></span> <span class='ocrx_word' id='word_1_332' title='bbox 742 4318 783 4373; x_wconf 81' lang='grc'>21.</span> 
     </span>
     <span class='ocr_line' id='line_1_36' title="bbox 114 4404 653 4478; baseline 0 -19"><span class='ocrx_word' id='word_1_333' title='bbox 114 4407 137 4459; x_wconf 84' lang='grc'>7.</span> <span class='ocrx_word' id='word_1_334' title='bbox 158 4404 276 4477; x_wconf 78' lang='grc' dir='ltr'><em>ἐφύλαξε</em></span> <span class='ocrx_word' id='word_1_335' title='bbox 301 4447 306 4458; x_wconf 91' lang='grc'>.</span> <span class='ocrx_word' id='word_1_336' title='bbox 332 4446 338 4459; x_wconf 92' lang='grc'>.</span> <span class='ocrx_word' id='word_1_337' title='bbox 363 4405 533 4478; x_wconf 66' lang='grc' dir='ltr'><strong><em>προσέθηκε]</em></strong></span> <span class='ocrx_word' id='word_1_338' title='bbox 552 4405 653 4460; x_wconf 86' lang='lat' dir='ltr'>Servus</span> 
     </span>
    </p>
   </div>
   <div class='ocr_carea' id='block_1_6' title="bbox 0 0 1422 5018">
    <p class='ocr_par' dir='ltr' id='par_1_6' title="bbox 0 0 1422 5018">
     <span class='ocr_line' id='line_1_37' title="bbox 0 0 1422 5018; baseline 0 1"><span class='ocrx_word' id='word_1_339' title='bbox 0 0 1422 5018; x_wconf 95' lang='lat' dir='ltr'> </span> 
     </span>
    </p>
   </div>
  </div>
 </body>
</html>
