2834 5018
199 341 263 406 292
618 336 760 392 IGNATH
778 336 956 393 EPISTULA

204 511 342 598 συμβίοις
365 513 533 593 ἀρκεῖσθαι
557 514 648 595 σαρκί
671 515 724 576 καί
739 513 900 596 πνεὺματι.
947 513 1060 597 ὁμοίως
1075 515 1128 576 καί
1151 522 1218 596 τοῖς
1235 512 1384 597 ἀδελφοῖς

202 637 261 699 μου
292 615 492 701 παράγγελλε
514 616 547 680 ἐν
580 617 706 700 ὀνόματι
734 615 839 701 Ἰησοῦ
861 616 1016 699 Χριστοῦ,
1049 619 1189 702 ἀγαπᾶν
1211 620 1273 700 τὰς
1297 640 1382 700 συμ-

201 723 294 804 βίους
318 724 364 801 ὡς
388 723 406 785 ὁ
429 725 543 806 κύριος
565 725 628 806 τὴν
651 722 845 806 ἐκκλησίαν.
892 726 922 788 2.
948 723 975 784 εί
997 743 1041 798 τις
1063 723 1192 786 δὺναται
1215 722 1249 787 ἐν
1273 722 1382 807 ἁγνείᾳ

201 824 302 908 μένειν
334 825 376 900 είς
399 827 489 909 τιμὴν
511 835 565 909 τῆς
596 826 711 907 σαρκὸς
734 834 788 887 τοῦ
821 825 945 908 κυρίου,
978 826 1010 889 ἐν
1039 826 1219 912 ἀκαυχησίᾳ
1252 826 1380 910 μενέτω.

176 927 257 991 ιέὰν
280 928 488 1012 καυχήσηται,
510 927 664 1007 ἀπώλετο,
689 930 742 991 καί
766 928 821 993 ἐὰν
843 933 978 1014 γνωσθη
1000 930 1095 994 πλέον
1118 942 1173 994 τοῦ
1197 931 1379 1009 ἐπισκόπου,

201 1035 368 1116 ἔφθαρται.
414 1033 522 1115 πρέπει
554 1035 588 1097 δέ
619 1043 683 1110 τοῖς
713 1043 848 1117 γαμοῦσι
880 1036 933 1097 καί
964 1044 1031 1111 ταῖς
1060 1035 1271 1119 γαμουμέναις
1303 1037 1379 1119 μετὰ

202 1137 327 1223 γνώμης
349 1148 404 1201 τοῦ
427 1137 598 1202 ἐπισκόπου
621 1142 676 1222 την
699 1141 809 1203 ἕνωσιν
825 1143 995 1221 ποιεῖσθαι,
1018 1142 1070 1203 ἵνα
1093 1141 1110 1203 ό
1132 1141 1234 1224 γάμος
1257 1138 1278 1225 ᾖ
1299 1141 1379 1203 κατὰ

202 1242 307 1325 κὺριον
330 1244 384 1305 καί
407 1245 448 1326 μὴ
471 1242 543 1305 κατ’
565 1243 743 1327 ἐπιθυμίαν.
789 1245 893 1308 πάντα
916 1244 958 1320 εἰς
981 1246 1070 1328 τιμὴν
1095 1247 1173 1310 θεοῦ
1195 1244 1348 1328 γινέσθω.

293 1349 349 1413 VI.
375 1345 428 1431 Τῷ
460 1347 621 1431 έπισκόπῳ
652 1348 840 1432 προσέχετε,
873 1350 926 1413 ἵνα
947 1351 1001 1412 καί
1025 1349 1041 1411 ό
1065 1351 1141 1425 θεὸς
1170 1350 1253 1433 ὑμῖν.
1299 1349 1378 1414 ἀντί-

166 1470 191 1509 1⁰
206 1451 307 1535 ψυχον
330 1451 392 1537 ἐγὼ
415 1463 477 1517 τῦν
500 1453 761 1537 ὑποτασσομένων
784 1462 828 1537 τῷ
851 1453 1032 1537 ἐπισκόπῳ,
1056 1452 1293 1538 πρεσβυτέροις,
1318 1455 1378 1517 δια-

203 1556 322 1632 κόνοις·
345 1559 398 1620 καί
422 1556 489 1640 μετ’
512 1559 615 1620 αὐτῶν
638 1578 689 1640 μοι
711 1560 747 1620 τό
770 1558 861 1642 μέρος
879 1557 999 1642 γένοιτο
1023 1567 1109 1640 σχεῖν
1133 1558 1166 1620 ἐν
1183 1561 1263 1642 θεῷ.
1310 1581 1378 1642 συγ-

202 1670 333 1724 κοπιῦτε
344 1660 501 1744 ἀλλήλοις,
514 1661 712 1740 συναθλεῖτε,
724 1661 918 1745 συντρέχετε,
931 1663 1140 1746 συμπάσχετε,
1151 1667 1378 1746 συγκοιμᾶσθε,

203 1765 423 1849 συνεγείρεσθε
438 1765 480 1841 ὡς
503 1768 582 1831 θεοῦ
599 1765 755 1849 οἰκονόμοι
770 1767 823 1829 καί
839 1768 987 1849 πάρεδροι
1002 1768 1056 1830 καί
1073 1765 1233 1850 ὑπηρέται.
1258 1772 1288 1834 2.
1313 1768 1378 1850 ἀρέ-

203 1892 295 1934 σκετε
318 1868 343 1954 ᾧ
367 1871 596 1953 στρατεὺεσθε,
629 1870 685 1952 ἀρ’
708 1869 744 1934 οὑ
766 1873 819 1933 καί
843 1873 882 1933 τὰ
906 1869 1027 1952 όψιὺνια
1049 1871 1238 1953 κομίζεσθε·
1272 1871 1378 1955 μήτις

165 1997 190 2034 π
204 1975 290 2059 ὑμῶν
319 1974 472 2056 δεσέρτωρ
503 1975 628 2059 εὑρεθῇ.
675 1978 711 2039 τό
735 1975 893 2061 βάπτισμα
916 1978 1002 2059 ὑμῶν
1031 1975 1148 2058 μενέτω
1173 1975 1216 2051 ὡς
1246 1975 1378 2058 όπλα,ή

203 2081 302 2156 πίστις
326 2080 368 2154 ὡς
390 2080 634 2162 περικεφαλαία,
666 2081 816 2166 ἡάγοίπη
842 2081 884 2156 ὡς
907 2081 990 2162 δόρυ,
1013 2080 1034 2164 η
1057 2080 1198 2163 ὑπομονὴ
1222 2080 1266 2156 ὡς
1288 2102 1378 2144 πανο·

202 2184 293 2248 πλία·
324 2188 363 2247 τὰ
390 2186 538 2248 δεπόσιτα
560 2185 646 2269 ὑμῶν
676 2188 715 2248 τὰ
738 2187 815 2270 ἔργα
838 2187 941 2269 ὑμῶν,
974 2187 1025 2248 ἵνα
1048 2186 1086 2247 τὰ
1119 2187 1266 2248 οἷκκεπτοι
1298 2187 1377 2269 ὑμῶν

203 2289 275 2366 ἄξια
296 2289 483 2374 κομίσησθε.
529 2289 797 2373 μακροθυμήσατε
820 2287 873 2353 οὑν
897 2288 962 2373 μετ’
985 2288 1131 2372 ἀλλήλων
1165 2288 1198 2352 ἐν
1222 2290 1377 2374 πραότητι,

203 2393 245 2468 ὡς
268 2394 285 2456 ό
308 2395 384 2468 θεὸς
407 2397 479 2477 μεθ’
504 2395 599 2478 ὑμῶν.
646 2395 774 2480 ὀναίμην
799 2396 884 2478 ὑμῶν
908 2397 959 2459 διὰ
983 2394 1105 2469 παντός.

164 2520 190 2558 ιο
292 2500 363 2564 VII.
390 2498 559 2583 Ἐπειδὴή
590 2498 785 2583 ἐκκλησίαὴ
815 2499 847 2562 ἐν
874 2497 1049 2582 Ἀντιοχείᾳ
1080 2509 1135 2582 τῆς
1157 2498 1274 2583 Συρίας
1303 2500 1377 2583 εἰρη-

204 2603 294 2683 νεὺει,
318 2603 360 2679 ὡς
383 2602 531 2688 ἐδηλώθη
555 2624 621 2686 μοι,
644 2604 694 2666 διὰ
716 2606 772 2687 την
795 2605 971 2686 προσευχὴν
996 2604 1100 2685 ὑμῶν,
1132 2604 1224 2688 κάγὼ
1249 2603 1378 2687 εὐθυμό-

272 2759 291 2811 4
309 2772 357 2828 τῆς
374 2761 477 2832 σαρκός
495 2769 546 2816 τοῦ
562 2763 659 2830 κυρίου
678 2759 776 2828 LSAg
794 2760 915 2812 Antioch
935 2760 1030 2812 Anton
1044 2777 1049 2810 :
1064 2767 1114 2814 τοῦ
1132 2763 1231 2830 κυρίου
1256 2773 1304 2830 τῆς
1321 2780 1379 2829 σοιρ

203 2848 253 2914 κὸς
272 2846 296 2900 G
312 2848 315 2916 Ι
332 2845 635 2924 ιίκαυχησίςιΙ-κυρίου
652 2846 674 2898 L
699 2848 702 2915 Ι
727 2847 743 2898 5
762 2845 848 2903 πλέον
868 2845 914 2899 GL
933 2848 1092 2916 Αυὺεπλὴυ
1111 2865 1130 2916 g
1151 2846 1195 2900 SA
1219 2848 1223 2916 Ι
1246 2849 1263 2901 6
1282 2868 1379 2920 γαμου

204 2933 300 3004 μένοις
318 2934 364 2989 GL
374 2936 433 2988 Ant
445 2953 451 2986 :
465 2935 618 3007 γαμοὺσαις
630 2951 649 3002 g
662 2933 769 3003 Lightf.
787 2934 790 3002 Ι
808 2934 822 2985 7
842 2934 931 3005 γάμος
940 2938 974 3000 >
988 2933 1009 2986 L
1025 2934 1028 3001 Ι
1045 2933 1061 2986 8
1079 2933 1176 3005 κόριον
1189 2933 1257 2988 LSA
1267 2953 1303 3004 g:
1316 2935 1381 2991 θεὸν

206 3024 305 3076 GAnt
321 3022 324 3091 Ι
343 3023 374 3075 10
394 3029 432 3095 τῷ
452 3021 574 3090 G2>g
592 3021 683 3091 Daml
707 3024 736 3076 11
756 3025 801 3076 καί
820 3020 934 3088 GL:>
953 3022 1073 3088 38ng
1091 3019 1148 3073 Ant
1168 3020 1242 3074 Dam
1264 3024 1269 3087 Ι
1291 3020 1322 3077 ἐι·
1338 3021 1380 3076 GL

205 3111 263 3162 Ant
281 3108 353 3161 Dam
366 3126 372 3160 ε
385 3108 461 3178 παρὰ
480 3106 539 3160 sss
543 3109 568 3161 A
584 3111 588 3174 Ι
607 3107 638 3159 12
656 3113 813 3177 συναθλῆτε
832 3106 856 3160 G
873 3107 876 3175 Ι
899 3107 931 3159 14
949 3110 1100 3175 κομίσεσθε
1120 3123 1140 3176 g
1161 3107 1166 3176 Ι
1192 3109 1224 3161 15
1247 3109 1380 3182 όεσὲρτωρ

206 3194 255 3249 GA
267 3212 287 3265 g
299 3213 305 3246 ε
318 3192 430 3247 rebellis
444 3192 469 3255 S,
483 3192 589 3247 otiosus
604 3194 624 3246 L
641 3195 644 3263 Ι
663 3196 694 3248 17
707 3197 834 3251 διπόσιτα
848 3193 872 3247 G
888 3194 891 3263 Ι
908 3192 987 3262 ὑμῶν
1000 3211 1006 3245 ι
1020 3192 1096 3247 bona
1109 3193 1161 3257 SA,
1172 3194 1240 3262 >L
1256 3196 1261 3266 Ι
1279 3195 1312 3249 18
1324 3192 1381 3264 ἄξια

206 3282 253 3337 GL
266 3301 272 3333 z
286 3281 321 3352 -Ι-
334 3287 404 3338 θεοῦ
423 3298 442 3349 g
460 3279 527 3350 (SA)
544 3282 547 3350 Ι
564 3275 699 3354 πραΰτητι
718 3300 736 3351 g
752 3281 756 3350 Ι
774 3281 806 3336 19
823 3282 889 3350 μεθ’
899 3285 934 3347 >
954 3280 977 3334 G
993 3281 997 3349 Ι
1013 3280 1045 3333 21
1066 3292 1114 3349 τῆς
1132 3294 1290 3354 προσευχῆς
1309 3300 1328 3353 g

240 3424 264 3478 2.
282 3419 413 3475 Απὺἰουὺ.
432 3419 505 3473 Mon.
524 3420 603 3473 Hom.
615 3422 657 3479 21,
675 3421 724 3476 PG
737 3421 778 3484 89,
791 3421 818 3473 Ἰ
837 3422 898 3475 Cor.
919 3421 958 3481 10,
978 3423 1019 3475 31.

208 3509 275 3565 1499
293 3510 336 3577 (-
356 3504 502 3575 ἀπώλετο]
540 3505 634 3559 Ioann.
653 3507 733 3560 Dam.
753 3506 779 3560 S.
841 3509 887 3562 VI.
906 3508 1035 3561 Antioch.
1064 3506 1140 3560 Mon.
1159 3508 1242 3562 Hom.
1261 3508 1311 3573 92,
1338 3508 1383 3563 PG

207 3596 235 3649 P.
255 3595 321 3650 Holl
333 3613 359 3664 p.
373 3596 407 3648 26
425 3596 469 3662 (-
488 3592 656 3662 ἐπιθυμίαν).
676 3596 779 3646 Απὺυιι.
807 3595 848 3655 89,
881 3595 947 3650 1714
968 3611 1008 3662 sq.
1039 3595 1231 3666 Ιουμπάσχετε
1258 3627 1294 3635 -
1321 3597 1383 3665 μεθ’

207 3683 271 3737 Mel.
291 3682 303 3735 1
321 3700 401 3736 serm.
424 3684 463 3736 14.
493 3712 528 3720 —
554 3677 643 3747 εἴτις
669 3680 903 3795 δύναταιΙὺμῶυ).

206 3771 276 3839 κτλ]
297 3770 339 3824 cf.
352 3771 364 3822 I
377 3768 462 3824 Glem.
475 3769 516 3831 38,
529 3769 600 3821 2.-
618 3767 780 3838 ἐπισκόπου]
793 3800 795 3835 2
844 3772 865 3823 1.
887 3768 1017 3822 Antioch.
1030 3766 1064 3820 Η.
1080 3768 1130 3821 124
1147 3785 1176 3836 p.
1192 3768 1270 3823 1819.
1290 3771 1383 3824 Ioann.

208 3874 245 3911 sc.
265 3858 314 3925 qui
333 3872 446 3910 uxorem
462 3855 551 3909 duxit.
570 3886 603 3894 -
621 3878 650 3925 μ.
669 3855 886 3928 γυὼμηςΙλκπι.
917 3856 942 3910 S.
962 3855 992 3908 P.
1020 3853 1145 3919 Lequien
1164 3854 1206 3917 ΙΙ,
1227 3855 1294 3919 779;
1321 3855 1384 3909 Holl

206 3946 276 4015 κτλ]
304 3945 346 4000 Cf.
366 3944 440 3997 Tert.
466 3943 508 3996 Ad
534 3960 609 3999 uxor.
629 3943 662 4006 Π,
682 3945 711 4004 9;
739 3943 781 3996 De
807 3960 834 4011 p.
854 3942 896 3995 26.
924 3944 1034 4012 Fragm.
1062 3958 1115 4009 syr.
1135 3939 1230 3994 Curet.
1262 3943 1315 3997 199
1338 3960 1384 4010 sq.‚

207 4031 300 4100 pudic.
322 4048 344 4084 e.
362 4032 393 4093 4;
423 4031 508 4084 clem.
533 4030 577 4083 Al.
605 4030 726 4099 Paedag.
746 4029 780 4092 11,
808 4031 858 4084 233
878 4032 921 4098 Ι-
941 4033 1018 4103 θεῷ).
1037 4059 1072 4067 -
1091 4027 1150 4079 Iam
1168 4029 1384 4100 hucusquelgm

209 4118 249 4180 11,
268 4120 302 4173 63
328 4136 356 4187 p.
375 4117 433 4171 291.
462 4149 496 4157 -
523 4117 647 4189 ὁγάμος
665 4110 683 4187 ᾖ
699 4139 724 4173 κ.
743 4117 780 4185 κ.]
808 4116 942 4170 nonnulla
968 4113 1101 4185 protulit,
1134 4130 1208 4180 quae
1239 4133 1299 4170 non
1329 4121 1386 4170 tam

209 4205 249 4258 cf.
269 4205 282 4258 1
302 4205 363 4259 Cor.
383 4207 406 4267 7,
425 4205 473 4267 39;
501 4203 585 4257 Clem.
609 4203 653 4257 Al.
679 4202 780 4256 Strom.
808 4203 941 4272 episcopo
969 4219 1054 4268 quam
1080 4200 1187 4268 populo
1216 4202 1297 4257 dicta
1315 4204 1386 4257 sunt

208 4290 255 4354 ΠΙ,
271 4293 310 4354 12,
324 4292 358 4345 83
370 4309 397 4360 p.
410 4292 468 4345 549.
487 4323 523 4330 -
539 4291 631 4348 πάντα
648 4291 718 4359 κτλ]
738 4289 780 4344 ef.
809 4288 850 4343 Cf.
868 4290 893 4351 4,
906 4290 937 4350 3;
956 4289 980 4352 5,
993 4289 1016 4341 2.
1036 4285 1116 4340 Nunc
1131 4288 1231 4343 autem
1250 4290 1387 4360 populum
