2834 5018
483 651 552 707 snt.
570 651 642 717 vnn
660 655 685 717 s,
704 652 780 717 2-e‚
798 653 823 706 a.
1173 659 1236 725 567

66 832 259 906 habuerant;
292 831 500 916 quorumdam
523 830 622 915 igitur
643 831 751 914 virgae
773 831 918 896 inventae
948 837 1022 897 sunt
1043 834 1138 918 plane
1160 834 1236 898 viri·

66 938 137 1015 des,
175 937 382 1021 quorumdam
405 935 609 1012 semiaridaa,
645 936 851 1019 quorumdam
883 938 989 1002 aridae
1020 943 1053 1002 et
1081 960 1235 1017 corrosae,

66 1041 274 1125 quorumdam
307 1039 421 1103 virides
454 1043 486 1103 et
512 1038 679 1122 pampinos
702 1038 863 1105 habentes.
909 1041 953 1105 Hi
976 1063 1084 1107 omnes
1116 1044 1237 1108 dimissi

64 1150 138 1210 sunt
175 1146 214 1208 ad
249 1167 341 1208 suum
375 1144 507 1228 quisque
540 1144 689 1207 ordinem.
735 1146 765 1209 3.
794 1145 915 1210 Deinde
946 1152 1151 1229 porrexerunt
1181 1149 1236 1231 qui

64 1250 142 1314 duas
174 1254 282 1333 partes
310 1249 426 1313 virides
457 1248 651 1324 habuerant,
686 1249 813 1313 tertiam
841 1251 979 1326 aridam;
1012 1251 1105 1316 multi
1136 1274 1174 1316 ex
1195 1253 1263 1316 iis⁶

62 1359 271 1439 porrexerunt
292 1354 424 1429 virides,
457 1351 551 1415 multi
582 1351 781 1430 semiaridas,
807 1354 861 1418 alii
893 1355 996 1419 aridas
1020 1359 1059 1419 ’et
1080 1377 1235 1432 corrosam

63 1458 98 1521 bi
121 1479 229 1521 omnes
253 1458 461 1521 constiterunt
481 1456 515 1519 in
538 1476 595 1518 suo
618 1455 736 1518 ordine.
782 1457 811 1519 4.
836 1457 937 1523 Porro
951 1464 1159 1543 porrexerunt
1182 1459 1237 1543 qui

65 1563 142 1627 duas
172 1568 279 1646 partes
307 1563 409 1627 aridas
432 1562 627 1637 habuerant,
656 1560 782 1624 tertiam
815 1567 920 1627 autem
955 1565 1094 1628 viridem.
1140 1563 1237 1629 Multi

64 1689 102 1731 ex
124 1668 163 1731 iis
187 1668 369 1732 semiaridas
391 1665 606 1739 tradiderunt,
638 1665 766 1748 quidam
792 1689 865 1731 vero
896 1670 1000 1734 aridas
1027 1675 1059 1734 at
1082 1691 1234 1747 corrosas,

63 1772 193 1856 quidam
216 1772 398 1836 semiaridas
414 1772 446 1833 et
461 1770 614 1834 scissuras
636 1770 798 1847 habentes,
821 1773 915 1854 pauci
937 1774 1060 1838 virides.
1106 1774 1150 1839 Hi
1165 1795 1234 1839 om·
1250 1792 1274 1827 1⁰

62 1897 118 1940 nes
142 1878 351 1940 constiterunt
373 1877 406 1939 in
437 1896 494 1939 suo
518 1875 634 1939 ordine.
682 1876 710 1938 5.
735 1874 947 1942 Porrexerunt
977 1901 1051 1943 vero
1084 1880 1138 1964 qui
1169 1881 1234 1944 vir·

63 2002 121 2065 gas
144 2004 218 2045 suas
242 1981 354 2044 virides
377 1980 568 2059 habuerant,
587 1979 749 2043 minimam
774 1985 879 2045 autem
900 1988 1026 2066 partem
1056 1984 1177 2048 aridam
1204 1989 1236 2048 et

62 2087 214 2150 scissuras
236 2086 398 2149 habentes.
444 2085 495 2148 Ex
517 2084 567 2148 his
591 2084 717 2167 quidam
740 2084 854 2149 virides
876 2087 1080 2165 tradiderunt,
1107 2089 1236 2169 quidam

61 2211 136 2254 vero
166 2190 281 2253 virides
315 2193 346 2253 et
377 2189 545 2272 pampinos
578 2188 739 2252 habentes.
797 2189 954 2254 Abierunt
984 2190 1019 2254 hi
1049 2214 1173 2276 quoque
1201 2192 1235 2255 in

61 2317 155 2358 suum
184 2295 334 2358 ordinem.
386 2294 415 2357 6.
445 2293 566 2356 Deinde
597 2297 805 2376 porrexerunt
836 2294 889 2377 qui
919 2295 1082 2359 minimam
1110 2300 1274 2378 partem1⁶

61 2398 239 2463 habuerant
261 2397 409 2473 viridem,
440 2397 578 2480 reliquas
608 2400 715 2480 partes
748 2398 868 2472 aridas3
900 2398 1012 2462 horum
1034 2400 1143 2484 virgae
1165 2422 1234 2463 ma·

60 2504 147 2567 xima
170 2525 208 2566 ex
238 2506 328 2586 parte
351 2503 496 2565 inventae
519 2506 594 2565 sunt
615 2501 730 2565 virides
754 2506 786 2566 et
809 2503 1004 2568 ramusculos
1027 2505 1180 2569 habentes
1203 2507 1235 2567 et

61 2609 202 2673 fructum
230 2609 264 2672 in
290 2608 494 2683 ramusculis,
525 2613 557 2672 et
586 2607 666 2672 aliae
689 2612 776 2672 totae
798 2608 922 2672 virides.
976 2608 1025 2673 De
1054 2608 1104 2673 his
1134 2608 1234 2693 virgis

61 2713 190 2797 gavisus
213 2718 261 2777 est
282 2718 393 2795 pastor
414 2713 514 2788 valde,
540 2713 615 2797 quia
637 2713 682 2777 sie
704 2714 851 2777 inventae
866 2718 949 2778 sunt.
996 2712 1153 2778 Abierant
1175 2736 1233 2777 au·

60 2824 126 2882 tem
149 2818 183 2882 hi
205 2819 239 2881 in
262 2841 354 2882 suum
377 2819 510 2901 quisque
532 2820 681 2882 ordinem.
1249 2836 1274 2873 2⁰

150 2919 186 2986 6.
211 2921 352 3006 Cumque
381 2923 521 2986 omnium
548 2923 655 3006 virgas
678 2923 906 2987 considerasset
927 2926 1045 3005 pastor,
1071 2923 1117 2986 ait
1139 2921 1232 2986 mihi:

60 3025 137 3090 Dixi
160 3027 239 3102 tibi,
267 3026 349 3090 hanc
373 3027 517 3090 arborem
539 3026 638 3090 vitam
662 3049 776 3091 amare.
823 3026 974 3103 Videsne,
1005 3026 1125 3109 inquit,
1156 3031 1234 3109 quot

60 3130 288 3216 paenitentiam
311 3130 435 3213 egerint
458 3135 489 3194 et
512 3129 592 3194 salvi
614 3131 679 3194 sint
701 3131 803 3195 facti?
848 3129 967 3207 Video,
1002 3130 1151 3213 inquam,
1175 3129 1232 3193 do-

59 3237 153 3300 mine.
200 3236 246 3302 Ut
267 3236 384 3311 videas,
407 3236 521 3317 inquit,
545 3235 791 3299 misericordiam
814 3234 940 3309 domini,
965 3233 1040 3317 quia
1062 3254 1180 3317 magna
1203 3236 1235 3296 et

60 3340 202 3423 gloriosa
224 3344 279 3417 est,
305 3339 390 3403 dedit
413 3362 538 3424 quoque
562 3340 709 3424 spiritum
731 3341 786 3417 iis,
821 3339 876 3423 qui
908 3339 995 3424 digni
1025 3343 1100 3402 sunt
1121 3338 1232 3422 paeni·
1247 3356 1273 3395 π

58 3446 169 3509 tentia.
216 3447 245 3508 2.
272 3443 375 3520 Quare
397 3446 514 3529 igitur,
548 3445 696 3529 inquam,
729 3444 862 3520 domine,
887 3464 949 3507 non
972 3464 1078 3506 omnes
1101 3448 1234 3526 egerunt

59 3550 311 3633 paenitentiam?
351 3548 500 3626 Quorum,
524 3549 636 3632 inquit,
660 3553 798 3613 mentem
821 3548 899 3611 vidit
920 3548 1070 3610 mundam
1093 3546 1234 3612 futuram

59 3655 183 3737 sibique
206 3676 244 3718 ex
266 3658 335 3717 toto
359 3654 452 3717 corde
475 3654 662 3718 servituram
684 3674 769 3730 esse,
805 3652 855 3714 his
882 3652 968 3716 dedit
988 3651 1232 3734 paenitentiam

59 3781 140 3842 quos
172 3763 279 3822 autem
309 3758 388 3821 vidit
418 3757 547 3822 fallaces
577 3762 609 3822 et
640 3758 765 3839 iniquos
788 3756 911 3820 futuros
942 3760 974 3819 et
1006 3757 1039 3820 in
1072 3755 1234 3839 hypocrisi

56 3863 285 3947 paenitentiam
316 3867 440 3927 acturos
471 3885 554 3940 esse,
588 3863 652 3926 illis
682 3884 746 3925 non
777 3860 889 3924 tribuit
917 3859 1160 3943 paenitentiam,
1193 3880 1232 3923 ne
1246 3880 1272 3918 so

59 3969 185 4053 quando
214 3968 329 4032 iterum
359 3967 516 4031 violarent
546 3988 660 4031 nomen
682 3966 792 4050 ipsius.
839 3965 868 4028 3.
892 3963 972 4029 Dico
996 3964 1042 4028 ei:
1087 3963 1231 4041 Domine,

56 4095 141 4136 nunc
164 4093 238 4156 ergo
263 4073 406 4136 demonst
406 4093 441 4134 ra
392 4071 542 4134 tmihi
565 4093 637 4147 eos,
670 4071 724 4154 qui
745 4070 852 4154 virgas
874 4073 1097 4153 porrexerunt
1130 4066 1232 4150 qualis

57 4177 129 4260 quis
152 4199 260 4240 eorum
282 4176 332 4253 sit,
357 4175 536 4239 ethabitat
487 4176 639 4239 ttionem
663 4195 782 4249 eorum,
806 4177 842 4236 ut
866 4172 995 4236 audiant
1019 4172 1073 4255 qui
1092 4170 1232 4236 credide-

93 4346 119 4406 6,
140 4345 162 4396 l.
182 4339 270 4412 εἶπον]
296 4342 338 4397 cf.
357 4358 379 4394 c.
399 4343 422 4404 2,
443 4343 526 4395 7.-
491 4363 630 4413 -μετα-
658 4343 694 4396 ad
712 4341 797 4430 ἇξζοις
815 4341 914 4398 resera.

56 4432 143 4500 vore]
164 4434 274 4484 etcum
292 4427 379 4497 αξίοις
397 4431 426 4481 et
444 4445 506 4482 cum
524 4404 646 4511 πνεῦμαΙ
693 4428 716 4481 2.
736 4421 776 4484 ὧν
793 4424 847 4486 εἶδε
864 4430 932 4498 κτλ.]
953 4429 1028 4483 Deus
1041 4430 1091 4483 dat
1109 4429 1232 4500 gratiam

55 4516 190 4586 coniungi
207 4520 310 4585 potest
331 4515 535 4584 Respiciensc.
557 4516 596 4578 ll,
589 4515 864 4655 ,lppaenitcntiam
886 4515 996 4579 sediis,
1026 4532 1097 4583 quos
1116 4532 1180 4570 cum
1198 4531 1232 4569 ea

55 4608 87 4659 st
98 4621 218 4671 sequens
231 4604 400 4672 interpretes
412 4604 521 4656 veteres
535 4619 632 4656 vocem
659 4606 859 4671 cooperaturos
877 4618 937 4656 esse
955 4602 1110 4672 praevidet.
