2834 5018
115 382 125 401 Ι

296 649 494 706 nuonucru
512 652 785 709 nrosrouonun
802 653 861 717 vn,
883 654 1006 717 1-vm
1027 656 1051 710 a.
1226 660 1265 724 19

80 847 177 911 quam
200 834 297 893 antea
321 829 454 908 dixistis,
479 832 646 911 baptisate.
669 838 704 895 in
726 839 858 897 nonnae
876 841 989 915 pronis
1012 844 1044 899 et
1064 837 1129 914 filii
1149 845 1182 899 et
1195 840 1267 915 api·

80 939 170 996 ritus
193 941 306 998 sancti
328 934 363 998 in
387 957 469 1019 aqua
491 936 572 999 viva.
612 937 641 999 2.
668 935 722 1000 Sin
744 944 848 1002 autem
871 960 934 1002 non
956 938 1055 1002 habes
1078 961 1193 1023 aquam
1216 939 1265 1003 vi·

78 1059 161 1115 ram,
184 1037 220 1101 in
243 1039 308 1102 alia
332 1061 416 1123 aqua
438 1040 584 1123 baptizat
620 1042 646 1104 si
678 1063 742 1105 non
764 1047 855 1125 potes
877 1043 909 1106 in
933 1043 1065 1127 frigida,
1097 1044 1130 1107 in
1153 1044 1264 1108 calida.

79 1141 108 1204 3.
133 1140 191 1205 Sin
215 1147 323 1205 autem
345 1147 490 1206 neutram
512 1143 630 1221 habes,
665 1144 790 1209 effunde
821 1147 854 1209 in
887 1153 984 1230 caput
1014 1153 1063 1211 ter
1093 1170 1208 1231 aquam
1231 1153 1265 1210 in

80 1252 217 1310 tremine
235 1252 350 1327 putria
373 1256 407 1310 et
426 1251 491 1327 filii
514 1258 547 1312 e!
568 1256 710 1332 spiritua
732 1257 849 1315 suncti.
896 1253 925 1314 4.
959 1251 1043 1315 Ante
1071 1252 1291 1335 baptismum

78 1351 222 1415 ieiunato
244 1352 412 1436 baptizans
435 1357 467 1415 et
488 1353 698 1436 baptizandus
722 1355 803 1418 etsi
827 1355 881 1439 qui
904 1355 958 1418 alii
981 1361 1133 1439 possunt3
1156 1356 1264 1439 bapti·

78 1456 215 1520 nandum
239 1459 345 1519 autem
368 1456 441 1520 iube
462 1458 601 1522 ieiunare
625 1483 722 1524 unum
744 1460 795 1523 vel
818 1460 896 1524 duos
920 1460 986 1524 dies
1009 1466 1111 1525 antea.

166 1557 257 1622 VIII.
282 1562 414 1623 Ieiunia
437 1581 513 1626 cero
539 1568 642 1627 vestra
664 1585 703 1627 ne
718 1564 798 1628 fiant
813 1583 886 1628 conr
901 1566 1104 1647 hypomn&
1126 1565 1267 1629 ieiunant

78 1662 163 1726 enim
195 1664 334 1727 secunda
365 1669 440 1747 post
470 1667 640 1731 sabbatum
672 1674 704 1733 et
735 1670 861 1753 quinta;
897 1691 953 1734 vos
988 1676 1094 1735 autern
1127 1670 1265 1735 ieiunate

79 1772 195 1853 quarta
218 1773 252 1832 et
273 1775 372 1835 sexta.
419 1771 449 1834 2.
481 1771 595 1856 Neque
619 1782 715 1837 orote
736 1779 824 1837 sicet!
851 1777 1064 1856 hypocritae,
1096 1776 1152 1839 sed
1183 1774 1304 1838 sieut10

78 1872 245 1956 praecepit
268 1874 413 1940 domiuus
436 1876 469 1940 in
498 1878 663 1961 evangelio
691 1900 763 1955 suo,
796 1885 844 1942 ito
867 1889 980 1944 orale:
1011 1884 1113 1945 Peter
1140 1889 1264 1958 noster,

79 1984 136 2057 qui
159 1998 197 2041 es
222 1984 257 2041 in
280 1983 396 2063 caelia,
418 1986 644 2062 sanctificetur
666 2002 784 2047 nomen
808 1990 919 2062 turena,
950 1987 1105 2048 ucioeniat
1127 2003 1264 2064 repnum

155 2135 168 2186 l
188 2131 291 2187 Matth.
303 2133 343 2197 28,
356 2135 396 2188 19.
406 2166 441 2174 -
451 2137 466 2188 5
476 2135 576 2190 Matth.
588 2135 629 2198 28,
641 2135 681 2188 19.
691 2166 725 2173 -
735 2134 751 2187 9
761 2134 862 2187 Matth.
873 2135 897 2202 6,
910 2135 949 2187 16.
961 2165 994 2172 —
1007 2138 1037 2189 11
1049 2134 1149 2188 Matth.
1160 2135 1184 2198 6,
1195 2136 1218 2187 5.
1229 2164 1263 2171 —

82 2221 113 2274 13
132 2219 240 2272 Matth.
262 2220 286 2282 6,
305 2220 398 2275 9—13.

80 2345 123 2395 est
142 2345 276 2410 respectu
295 2344 382 2398 trium
395 2343 555 2398 divinarum
566 2362 660 2415 perso·
690 2344 776 2417 τράδα
783 2349 829 2401 καὶ
837 2345 1022 2417 παρασκευήν]
1030 2342 1262 2399 PraeterDootri·

81 2445 190 2483 narum.
230 2429 355 2498 Ideoque
378 2431 521 2485 immersio
548 2448 660 2498 quoque
687 2448 753 2484 nam
780 2431 863 2484 huius
888 2431 987 2485 ieiunii
1014 2431 1120 2501 primus
1144 2431 1262 2485 Hermas

79 2521 122 2570 ter
143 2516 278 2571 facienda
295 2521 364 2573 erat.
687 2517 859 2572 mentionem
877 2518 955 2582 fauit,
974 2518 1040 2571 Sim.
1059 2516 1091 2582 V,
1107 2521 1120 2572 1
1137 2534 1261 2581 nanans,

113 2605 138 2658 4.
168 2604 212 2658 De
235 2605 342 2659 ieiunio
370 2609 398 2660 et
424 2605 660 2676 baptizandorum
688 2622 717 2659 se
728 2605 881 2659 stationem
889 2605 993 2660 habere
1003 2622 1036 2659 ac
1047 2604 1180 2659 ieiunare.
1194 2604 1261 2658 Dies

81 2695 107 2743 et
139 2691 266 2745 fidelium
295 2693 438 2763 baptismo
469 2693 660 2748 assistentium
687 2691 819 2746 stationis
838 2692 927 2756 enim,
954 2697 986 2746 ut
1004 2692 1193 2747 Tertullianus
1220 2692 1262 2745 De

82 2779 168 2831 etiam
188 2778 313 2833 Iustinus
332 2782 414 2850 Apol.
426 2781 445 2843 Ι,
459 2781 491 2834 61
514 2786 543 2835 et
561 2785 660 2836 auctor
686 2779 770 2832 ieiun.
792 2795 814 2833 o.
834 2781 857 2833 2.
879 2780 911 2834 14
929 2781 1042 2845 scribit,
1070 2784 1150 2835 erant
1172 2779 1262 2832 feriae

83 2864 168 2922 elem
199 2864 435 2938 Recognitionum
463 2867 530 2932 VH,
560 2869 593 2923 37
620 2869 658 2923 lo·
686 2869 789 2934 quarta
807 2870 941 2929 etsexta;
960 2866 1102 2929 ieiunium.
1124 2867 1199 2933 quod
1217 2865 1261 2918 his

83 2954 215 3018 quuntur.
253 2951 367 3022 Reliqui
391 2959 517 3010 veterum
543 2956 658 3009 ieiunio·
688 2952 786 3006 dtebus
804 2953 1022 3018 instituebatur,
1042 2957 1104 3008 erat
1122 2953 1263 3007 semiieiu-

82 3056 142 3092 mm
162 3040 339 3109 baptismum
358 3042 579 3112 Ingressurorum
597 3044 658 3095 tan·
686 3039 764 3092 nium
794 3039 874 3107 (ibid.
902 3059 923 3095 c.
947 3042 990 3109 13)
1018 3042 1063 3094 vel
1090 3040 1265 3109 perdurabat

82 3131 140 3179 turn
171 3128 346 3182 mentionem
381 3129 497 3186 faciunt.
533 3161 568 3168 -
603 3130 659 3202 πρὸ
686 3144 775 3193 usque
786 3128 823 3180 ad
832 3144 935 3181 nonam
946 3127 1045 3182 horam
1055 3125 1134 3195 (ibid.
1146 3143 1168 3180 c.
1176 3128 1199 3179 2.
1210 3126 1262 3194 10).

80 3213 154 3282 μιᾶς]
187 3214 229 3268 cf.
263 3215 349 3270 (ilem.
381 3214 502 3285 Reoogn
531 3216 594 3279 VII,
625 3217 659 3269 34
687 3213 728 3267 cf.
759 3213 845 3268 Clem.
872 3215 916 3267 Al.
944 3213 1045 3267 Strom.
1074 3212 1142 3277 Vll,
1169 3215 1208 3273 12,
1229 3213 1263 3267 15

82 3304 109 3353 et
128 3303 169 3356 35.
670 3319 712 3369 p.
732 3301 790 3355 877.
819 3301 896 3371 Orig.
915 3300 996 3354 Hom.
1015 3299 1040 3352 X
1059 3300 1088 3354 in
1102 3300 1189 3354 Lavit.
1209 3300 1263 3353 c.2

116 3389 189 3452 VIII,
212 3390 234 3443 l.
262 3387 289 3444 α1
309 3387 339 3445 δὲ
357 3397 477 3458 moreius
495 3420 528 3427 —
548 3386 747 3462 incant-{OEd
767 3387 810 3441 De
827 3386 857 3440 la
874 3387 933 3441 Rue
951 3389 984 3449 ΙΙ,
1005 3389 1077 3456 246).
1106 3386 1208 3456 Epiph.
1228 3387 1261 3440 II

83 3476 146 3546 τῶν]
177 3478 286 3530 Auctor
308 3476 426 3545 respicit
444 3475 545 3529 Matth.
564 3476 589 3540 6,
610 3454 777 3545 16:{75,6;
797 3473 898 3543 Expos.
919 3474 963 3528 fid.
984 3492 1005 3528 c.
1027 3476 1069 3529 21.

81 3559 150 3619 ὅταν
167 3563 199 3619 δὲ
218 3562 374 3632 νηστεύητε,
391 3567 429 3633 μὴ
441 3567 563 3635 γίνεσθε,
581 3558 620 3630 ὣς
632 3561 658 3620 oi
721 3562 744 3614 2.
763 3561 832 3632 μηδὲ
849 3562 920 3631 κτλ]
939 3563 1040 3617 Matth.
1060 3562 1084 3624 6,
1097 3563 1113 3615 5
1126 3561 1262 3615 Dominus

81 3647 242 3722 iaoxortai,
260 3653 433 3721 σκυθρωποί.
471 3650 513 3704 cf.
532 3650 596 3704 Luc.
618 3650 657 3712 18,
685 3647 769 3701 dicit:
798 3652 844 3704 καὶ
868 3646 936 3705 ὅταν
960 3648 1114 3720 προσεύχῃ,
1139 3647 1189 3705 οὐκ
1214 3643 1263 3718 ἔσῃ

83 3738 119 3791 12.
155 3734 262 3791 Eodem
281 3735 366 3789 modo
385 3752 440 3801 quo
457 3736 504 3790 hio
522 3737 659 3790 ieiunium
685 3729 781 3806 ὥσπερ
800 3733 827 3790 ot
844 3733 998 3807 ὑποκριταί.
1019 3766 1052 3776 -
1072 3733 1102 3791 ἐν
1125 3743 1165 3809 τῷ
1184 3732 1262 3804 εὐαγ-

81 3823 152 3877 infra
177 3840 202 3876 v.
223 3823 240 3875 2
263 3822 356 3876 oratio
381 3823 592 3890 hypocritarum
617 3838 657 3875 re·
685 3824 768 3895 yailrp
786 3820 883 3891 αὐτοῦ]
903 3822 920 3875 i.
940 3837 963 3874 e.
984 3819 1138 3891 Evangelio
1165 3835 1261 3872 secun·

81 3911 227 3978 probatur.
264 3909 438 3977 Hypooritae
462 3908 492 3961 in
510 3908 589 3963 Novo
607 3908 655 3962 Te·
686 3905 753 3960 dum
766 3906 941 3962 Matthaeum
957 3909 980 3971 6,
995 3908 1088 3967 9-13,
1108 3906 1156 3959 ubi
1170 3904 1261 3959 oratio

80 4001 220 4052 stamento
234 3995 351 4064 quidem
365 3999 430 4050 sunt
439 3995 591 4060 Pharisaei,
609 3996 659 4062 qui
685 3994 743 4046 fere
757 3993 862 4047 eisdem
875 3995 967 4049 verbis
981 3995 1094 4063 legitur,
1112 3993 1160 4046 ubi
1175 3992 1262 4046 etiam

80 4084 105 4137 in
117 4082 279 4154 Evangelio
292 4081 432 4136 Matthaei
445 4081 579 4136 distincte
597 4099 658 4151 sep·
686 4079 822 4134 orationis
850 4081 1059 4150 hypocritarum
1087 4079 1193 4133 mentio
1221 4077 1259 4132 fit.

79 4171 128 4225 ties
149 4170 321 4240 hypocritae
340 4168 530 4239 appellantur,
550 4169 672 4237 scilicet,
685 4166 801 4220 Praeter
818 4168 954 4222 lectiones
973 4164 1081 4223 ἐλθέτω
1093 4169 1122 4219 et
1134 4164 1261 4236 dolense,

79 4259 179 4322 2313.
203 4259 244 4313 14.
260 4258 300 4312 15.
314 4255 356 4309 23.
369 4257 410 4309 25.
425 4255 465 4310 21.
480 4256 521 4309 29.
551 4258 658 4309 Auctor
685 4254 788 4320 quibus
815 4255 935 4308 editores
955 4253 986 4307 N.
1008 4253 1038 4305 T.
1066 4251 1260 4315 recentissimi,

79 4350 170 4400 antem
206 4342 349 4398 vocabulo
384 4342 506 4396 fortasse
538 4342 658 4397 Iudaeos
686 4340 875 4394 Tischendorf
896 4343 925 4394 et
948 4338 1191 4401 WestcottHort,
1219 4336 1261 4395 a·

79 4447 171 4488 omnes
185 4433 315 4487 denotat.
330 4460 362 4470 -
376 4428 490 4505 δευτέρᾳ
499 4450 523 4486 o.
534 4451 559 4486 κ.
569 4429 657 4498 πέμπ-
686 4428 766 4485 θάτω
802 4431 830 4481 et
867 4422 1013 4498 ἀφήκαμεν
1048 4425 1261 4489 substituenmt

78 4519 117 4590 tp]
138 4518 321 4588 Epiphanius
340 4514 374 4570 Η.
390 4516 429 4579 16,
446 4519 458 4571 1
473 4517 584 4570 eosdem
598 4516 657 4570 dies
685 4514 861 4568 differentiae
888 4513 942 4566 hae
971 4516 1052 4567 sunt:
1083 4530 1135 4582 pro
1165 4510 1195 4568 ἐν
1222 4520 1261 4586 τῷ

79 4604 176 4662 ieiunii
194 4605 359 4662 Pharisaeis
384 4602 528 4658 adscribit.
555 4633 588 4643 -
616 4622 658 4661 τε·
685 4601 794 4678 οὐρανῷ
812 4601 889 4672 (post
905 4599 994 4672 πάτερ
1019 4601 1122 4671 ἡμῶν),
1148 4597 1193 4657 ἐπὶ
1212 4611 1261 4671 γῆς

998 4688 1049 4753 2*
