2834 5018
351 1203 652 1279 ΚΛΗΜΕΝΤΟΣ
681 1201 808 1275 ΠΡΟΣ
837 1199 1132 1275 ΚΟΡΙΝΘΙΟΥΣ
1160 1187 1203 1275 X.

274 1465 312 1529 ‘H
344 1464 496 1549 ἐκκλησία
525 1474 579 1527 τοῦ
612 1466 691 1529 θεοῦ
722 1462 743 1546 η
772 1473 965 1544 παροικοῦσα
997 1461 1120 1549 Ῥώμην
1149 1474 1186 1548 τῆ
1209 1465 1361 1551 ἐκκλησίᾳ

185 1581 239 1634 τοῦ
265 1573 343 1637 θεοῦ
366 1579 405 1654 τῆ
428 1567 621 1651 παροικοῦση
645 1566 817 1648 Κόρινθον,
841 1567 966 1652 κλητοῖς
989 1567 1186 1652 ἡγιασμένοις
1210 1571 1243 1635 ἐν
1267 1571 1362 1655 θελη-

185 1698 257 1760 ματι
281 1680 360 1743 θεοῦ
384 1677 435 1739 διὰ
457 1683 512 1738 τοῦ
535 1672 642 1755 κυρίου
672 1671 760 1755 ἡμῶν
784 1671 888 1757 Ἰησοῦ
911 1672 1058 1755 Χριστοῦ.
1104 1675 1193 1758 χάρις
1216 1677 1286 1759 ὑμῖν
1309 1679 1360 1739 καί

159 1781 289 1866 οείρὴνη
313 1783 375 1844 ἀπὸ
398 1779 656 1860 ,παντοκράτορος
680 1781 758 1844 θεοῦ
782 1778 833 1841 διὰ
857 1777 959 1863 Ἰησοῦ
982 1778 1120 1862 Χριστοῦ
1150 1780 1360 1866 πληθυνθείη.

272 1889 296 1953 Ι.
321 1886 379 1949 Διὰ
406 1887 461 1960 τὰς
484 1882 654 1965 αἰφνιδίους
685 1884 738 1945 καί
766 1881 961 1966 ἐπαλλήλους
993 1883 1160 1967 γενομένας
1191 1884 1263 1968 ἡμῖν
1287 1907 1361 1968 συμ-

186 1995 283 2074 ’ροράς
306 1991 359 2053 καί
375 1986 587 2071 περιπτώσεις,
612 1986 752 2069 ἀδελφοί,
777 1987 901 2073 βράδιον
917 1989 1080 2072 νομίζομεν
1104 1988 1292 2073 ἐπιστροφὴν
1308 2011 1360 2054 πε-

186 2098 339 2180 ποιῆσθαι
362 2094 430 2175 περί
447 2102 509 2156 τῶν
532 2091 782 2175 ἐπιζητουμένων
805 2090 876 2175 παρ’
891 2093 960 2175 ὑμῖν
978 2092 1178 2176 πραγμάτων,
1196 2094 1360 2180 ἀγαπητοί,

185 2211 239 2284 τῆς
262 2221 296 2262 τε
325 2195 490 2277 ἀλλοτρίας
511 2197 564 2258 καί
594 2194 681 2280 ξένης
705 2204 768 2271 τοῖς
791 2194 950 2271 ἐκλεκτοῖς
980 2207 1033 2260 τοῦ
1058 2200 1151 2277 θεοῦ,
1175 2209 1286 2281 μιαρᾶς
1309 2201 1360 2262 καί

147 2330 171 2365 ιο
187 2304 313 2368 ἀνοσίου
337 2301 489 2379 στάσεως,
517 2300 554 2383 ῆν
578 2299 668 2384 δλίγα
691 2300 844 2382 πρόστυπα
871 2312 1008 2385 προπετῆ
1038 2304 1092 2364 καί
1115 2303 1242 2389 αὐθάδη
1266 2305 1361 2387 ὑπάρ-

185 2429 282 2492 χοντα
305 2407 348 2482 εἰς
370 2414 517 2469 τοσοῦτον
540 2403 689 2480 ἀπονοίας
713 2403 894 2485 ἐξέκαυσαν,
919 2407 1000 2469 ὥστε
1016 2409 1051 2469 τὸ
1076 2409 1186 2489 σεμνδν
1202 2409 1255 2470 καί
1279 2430 1360 2492 περι-

186 2512 296 2598 βόητον
327 2512 379 2573 καί
407 2519 500 2572 πᾶσιν
531 2507 710 2591 ἀνθρώποις
739 2509 950 2596 ἀξιαγάπητσν
979 2513 1078 2593 ὄνομα
1107 2511 1192 2594 ὑμῶν
1215 2513 1360 2596 μεγάλως

186 2616 462 2702 βλασφημηθῆναι.
508 2618 538 2679 2.
563 2612 607 2689 τίς
629 2616 690 2698 γάρ
713 2615 968 2699 παρεπιδημήσας
991 2617 1066 2697 πρὸς
1090 2616 1168 2698 ὑμᾶς
1191 2619 1246 2699 τὴν
1262 2620 1360 2682 πανά-

111 2766 114 2771 -
186 2742 273 2803 ρετον
295 2721 348 2783 καί
373 2717 499 2803 βεβαίαν
523 2717 608 2799 ὑμῶν
631 2716 733 2779 πίστιν
757 2719 815 2780 οὐκ
838 2717 1039 2801 ἐδοκίμασενι
1073 2719 1128 2802 τήν
1151 2740 1184 2783 τε
1214 2721 1359 2805 σώφρονα

147 2854 172 2890 1s
186 2826 238 2888 καί
263 2824 382 2908 ἐπιεικῆ
405 2822 438 2886 ἐν
461 2820 587 2904 Χριστῷ
612 2821 771 2907 εὐσέβειαν
794 2824 852 2885 οὐκ
875 2822 1076 2907 ἐθαύμασεν;
1100 2827 1152 2888 καί
1176 2828 1210 2889 τὸ
1227 2828 1381 2912 μεγαλο-’

186 2930 299 3011 πρεπές
322 2939 375 3011 τῆς
399 2925 571 3009 φιλοξενίας
594 2925 680 3008 ὑμῶν
704 2924 784 3011 ῆθος
808 2928 866 2989 οὐκ
889 2926 1049 3010 ἐκήρυξεν;
1084 2931 1137 2992 καί
1160 2932 1215 3013 τὴν
1239 2932 1359 2996 τελείαν

186 3034 238 3094 καί
269 3031 396 3114 ἀσφαλῆ
428 3040 542 3114 γνῶσιν
571 3031 629 3093 οῦκ
662 3029 866 3112 ἐμακάρισεν;
905 3033 1278 3117 3..άπροσιυπολῆμπτυς
1300 3038 1360 3120 γὰρ

255 3224 280 3277 Α
292 3243 326 3269 -·
339 3221 425 3275 codex
444 3221 657 3283 Alexandrinus,
678 3220 704 3273 H
716 3243 750 3268 =
763 3220 1049 3290 Hierosolymitnnus‚
1069 3222 1090 3275 L
1103 3245 1137 3270 =
1150 3223 1241 3278 versio
1260 3225 1358 3287 latino,

188 3309 205 3364 S
218 3333 254 3358 =
265 3311 356 3364 versio
375 3309 492 3377 syriaca.

258 3451 270 3503 l
290 3452 340 3506 Κλ.
360 3470 388 3505 π.
402 3453 470 3521 Kop·
489 3455 515 3507 α
534 3450 567 3512 Η,
586 3491 592 3503 ·
607 3492 612 3504 ·
626 3491 632 3503 ·
648 3456 676 3507 Σ
684 3455 919 3509 ΚΟΡΙΝΘΙΟΥΣ
928 3453 959 3515 Α,
980 3451 1083 3521 Incipit
1094 3451 1222 3521 Epistola
1234 3452 1359 3506 Clemen-

187 3538 224 3591 tis
244 3536 279 3589 cd
297 3536 457 3591 Corinthios
471 3537 498 3597 L,
518 3536 649 3608 Epistula
668 3539 810 3594 catholica
823 3539 976 3593 Clementis
996 3538 1127 3608 discipuli
1141 3539 1217 3593 Petri
1237 3541 1359 3610 apostoli

187 3623 222 3675 od
242 3622 389 3676 ecclesiam
410 3624 619 3680 Corinthiorum
638 3625 655 3680 S
680 3631 684 3695 Ι
708 3628 724 3680 5
743 3626 799 3684 ἀπὸ
812 3628 846 3697 εί-
859 3635 909 3684 τοῦ
929 3626 955 3679 Η
971 3629 975 3698 1
995 3629 1012 3681 6
1031 3629 1093 3697 ημῖν
1106 3645 1112 3677 t
1125 3625 1193 3682 καθ’
1212 3630 1289 3698 ἡμῶν
1308 3627 1333 3679 Η
1354 3629 1356 3695 Ι

187 3710 202 3763 7
221 3709 404 3783 περιπτώσεις
421 3710 485 3764 AS:
501 3715 675 3783 περιστάσεις
693 3713 735 3777 Η,
763 3714 965 3784 impedimento
981 3715 1003 3768 L
1027 3720 1032 3782 Ι
1056 3712 1170 3785 ἀδελφοί
1195 3716 1232 3777 Α,
1263 3713 1360 3768 dilecti

187 3795 205 3849 S
219 3815 224 3847 :
237 3796 331 3865 >HL
347 3798 351 3867 Ι
367 3799 383 3852 8
401 3798 580 3870 ἀγαπητοί)
593 3801 610 3855 S
627 3802 630 3870 ί
649 3803 681 3856 13
692 3806 915 3875 (lincopensem
930 3801 963 3865 Η,
975 3807 1134 3876 βλαφθῆναι
1146 3801 1186 3855 Ls
1203 3802 1206 3870 ί
1225 3804 1256 3856 17
1275 3802 1359 3875 onpo-

186 3889 376 3954 σωπολῆπτως
395 3884 420 3936 Η
439 3891 467 3939 et
486 3886 615 3941 similiter
633 3904 743 3955 sempor

223 4037 436 4109 Inscriptionem
461 4043 565 4098 inuitati
590 4041 1012 4123 suntPoly·1upostolicorum.
1059 4042 1182 4096 Verbum
1217 4054 1359 4120 παροικεῖν

187 4142 287 4194 carpus
306 4127 342 4179 od
361 4128 556 4198 Philippenses
582 4133 610 4184 ct
629 4134 758 4183 auctores
770 4158 773 4252 γ
787 4129 960 4184 domicilium
973 4131 1112 4184 transiens
1135 4130 1228 4183 velud
1247 4136 1357 4201 tempus

186 4211 468 4284 MartyriiPolycurpi
477 4216 759 4272 acConsliiutionum
786 4217 888 4270 durans
899 4216 1022 4281 denotat,
1032 4227 1172 4274 κατοικεῖν
1184 4234 1357 4287 permanens,
