2834 5018
164 341 220 408 xc
610 336 892 393 promcourun-

167 516 259 598 (Iron.
284 517 304 581 l.
330 539 355 581 c.
386 517 426 581 cf.
451 517 527 580 Eus.
551 513 666 580 Chron.
691 517 738 580 ed.
763 515 886 581 Sohdne
908 515 950 593 Il,
976 513 1061 597 170).
1107 514 1229 580 Eodem
1259 516 1342 579 enim

164 626 246 685 teste
281 620 315 703 (l.
340 643 364 685 c.
395 621 471 685 Eus.
495 619 537 684 H.
561 620 599 684 E.
623 618 685 695 IV,
710 621 768 693 14;
799 618 844 696 V,
870 619 926 695 24,
960 620 1010 684 16.
1040 616 1093 699 17)
1124 619 1259 683 Aniceto
1291 641 1342 684 ec·

166 726 295 790 alesiam
325 726 537 811 gubernante,
570 746 641 789 cum
670 725 709 788 de
739 724 883 807 pluribus
911 726 1005 790 rebus
1034 746 1072 788 ac
1092 725 1281 808 praesertim
1305 725 1342 787 de

166 830 320 895 Pascbate
342 830 529 895 celebrando
552 829 766 894 controversia
789 834 885 907 esset,
909 830 942 894 in
964 830 1075 894 urbem
1097 829 1260 913 profectus
1284 834 1341 905 est,

166 941 198 1000 ct
220 942 353 1019 uterque
376 935 408 999 id
430 935 513 1019 egit,
543 941 580 999 ut
602 935 683 999 alter
713 934 805 998 alteri
828 936 1044 1018 persuaderet,
1075 939 1112 998 ut
1134 957 1153 999 a
1175 955 1262 997 more
1286 955 1343 997 suo

166 1041 347 1104 discederet.
393 1038 604 1103 Retinuerunt
631 1038 759 1122 quidem
787 1039 880 1103 ambo
910 1061 1044 1114 morem,
1077 1060 1171 1123 quem
1198 1039 1239 1103 ab
1263 1060 1343 1122 apo·

165 1144 256 1208 stolis
286 1147 481 1226 acceperant.
527 1141 743 1206 Nihilominus
771 1147 876 1205 autem
906 1143 968 1207 sibi
999 1142 1134 1207 invicem
1166 1144 1342 1207 communi·

165 1253 293 1326 cenmt,
327 1252 360 1312 et
382 1247 535 1312 Anicetus
564 1247 598 1310 in
627 1247 760 1311 ecclesia
789 1248 993 1312 consecrandi
1020 1270 1136 1312 munus
1165 1247 1343 1331 Polycarpo

165 1354 295 1417 honoris
317 1375 414 1417 causa
436 1352 599 1416 concessit.
645 1350 746 1415 Paulo
761 1357 836 1436 post
859 1374 883 1416 s.
900 1358 990 1436 pater
1012 1357 1156 1417 mortuus
1171 1358 1230 1417 est.
1254 1353 1343 1417 Mar-

167 1458 284 1541 tyrium
307 1458 391 1522 enim
413 1457 512 1520 subiit
535 1478 563 1519 a.
589 1456 661 1533 155,
687 1460 723 1518 ut
744 1456 828 1521 infra
849 1458 1034 1537 videbimus,
1058 1458 1213 1523 Anicetus
1236 1463 1344 1522 autem

167 1585 192 1627 c.
219 1585 290 1627 ann.
318 1564 380 1627 154
403 1561 566 1626 ecclesiam
588 1560 767 1625 Romanam
789 1562 1027 1646 gubernandam
1049 1563 1222 1645 suscepit¹.

734 1734 776 1799 ΙΙ.

253 1872 327 1938 Non
349 1874 454 1938 solum
468 1874 564 1937 verbo
587 1878 619 1936 et
634 1872 788 1956 exemplo,
812 1873 979 1937 sedetiam
1002 1873 1130 1957 scriptis
1145 1872 1344 1956 Polycarpus

167 1979 365 2063 evangelium
387 1977 590 2062 praedicavit,
615 1980 647 2040 et
661 1976 808 2041 Irenaeus
832 1977 922 2061 (Eua.
939 1977 980 2042 H.
997 1978 1034 2042 E.
1051 1978 1091 2054 V,
1108 1980 1161 2055 20,
1179 1976 1211 2060 8)
1234 1977 1344 2061 plures

167 2083 320 2166 epistulas
343 2086 577 2159 commemorat,
603 2103 681 2164 quas
703 2081 823 2164 partim
844 2082 885 2146 ad
905 2083 1026 2147 vicinas
1049 2082 1207 2157 ecclesias,
1231 2086 1267 2145 ut
1291 2104 1344 2146 eas

168 2188 383 2265 confirmaret,
414 2187 532 2271 partim
555 2186 595 2250 ad
618 2185 772 2269 quosdam
799 2208 838 2250 er
859 2187 1012 2251 fratribus
1035 2186 1138 2265 misit,
1172 2187 1345 2251 admonens

166 2313 220 2355 eos
243 2296 274 2355 et
296 2290 476 2356 exhortans.
523 2290 585 2355 Sed
613 2313 678 2354 nna
699 2294 823 2355 tantum
854 2293 895 2355 ad
925 2315 983 2357 nos
1014 2292 1173 2376 pervenit,
1205 2291 1345 2377 epistula

167 2397 208 2460 ad
231 2395 469 2481 Philippenses,
502 2418 598 2481 quam
627 2395 754 2479 scripsit
782 2395 871 2459 brevi
901 2401 976 2479 post
1007 2401 1142 2460 mortem
1164 2420 1189 2461 s.
1213 2396 1344 2482 Ignatii.

166 2500 356 2564 Persuasum
387 2501 471 2565 enim
500 2501 561 2565 sibi
589 2501 718 2578 habuit,
752 2500 937 2584 episcopum
960 2500 1234 2566 Antiochenorum
1257 2525 1345 2566 mar-

166 2606 284 2690 tyrium
306 2606 369 2670 iam
392 2607 525 2671 subiisse
548 2605 586 2689 (c.
611 2606 654 2687 9),
679 2606 825 2670 nuntium
847 2627 920 2669 vero
944 2606 981 2669 de
1004 2611 1105 2671 morte
1128 2608 1270 2671 nondum
1290 2629 1345 2671 ac·

167 2714 293 2794 ceperat
316 2709 381 2792 (13,
406 2709 450 2792 2).

255 2814 342 2892 Quae
373 2816 510 2900 epistula
533 2838 605 2880 cum
634 2816 777 2901 epistulis
799 2814 976 2900 Ignatianis
1005 2815 1219 2880 testimonium
1248 2837 1345 2898 prae-

165 2921 241 2986 beat
262 2920 564 2997 luculentissimum,
597 2920 722 3003 saepius
744 2921 809 2985 iam
832 2921 869 2984 de
892 2942 929 2984 ea
950 2919 1042 2983 nobis
1074 2919 1241 2984 dicendum
1264 2925 1345 2985 erat.

168 3025 290 3090 Eadem
312 3025 351 3088 de
374 3046 470 3089 causa
491 3046 565 3089 vero
589 3025 656 3089 eius
672 3024 836 3089 authentia
859 3047 877 3088 a
899 3023 1061 3088 nonnullis
1076 3028 1133 3088 aut
1154 3024 1188 3087 in
1211 3024 1347 3088 dubium

166 3133 279 3193 vocata
301 3133 356 3193 aut
385 3133 503 3212 negata
526 3133 582 3192 est.
627 3127 696 3192 lam
720 3126 991 3192 centuriatoribus
1015 3127 1347 3213 Magdeburgensibus

167 3232 227 3315 (ed
244 3231 445 3316 Norimberg.
462 3232 503 3311 H,
523 3232 597 3312 186)
613 3232 824 3316 suspicionem
840 3231 948 3309 movit,
973 3253 1044 3296 cum
1059 3254 1164 3309 causa,
1189 3233 1232 3296 ob
1248 3255 1346 3317 quam

167 3337 286 3421 scripta
309 3341 407 3412 esset,
437 3337 600 3401 nonsatis
631 3357 778 3419 expressa
801 3340 884 3399 esset
918 3335 1048 3418 eiusque
1075 3342 1182 3419 partes
1211 3336 1347 3401 nimium

167 3442 318 3507 confusae
340 3441 530 3524 minimeque
554 3441 757 3505 cohaerentes
779 3440 968 3517 viderentur,
993 3461 1127 3525 cumque
1149 3445 1219 3504 tota
1242 3443 1346 3525 scrip-

166 3552 239 3611 tura
260 3546 313 3610 vix
335 3551 402 3610 tam
426 3545 568 3621 docilem,
593 3543 737 3609 sedulum
760 3566 797 3608 ac
819 3548 1031 3627 praestantem
1054 3544 1181 3609 Ioannis
1206 3547 1348 3629 apostoli

166 3650 373 3735 discipulum,
406 3650 504 3714 immo
533 3649 630 3713 etiam
659 3652 726 3713 tam
747 3648 953 3713 excellentem
981 3648 1129 3733 spiritum
1158 3670 1346 3733 repraesen-

166 3760 257 3832 taret,
283 3754 370 3838 quali
393 3753 588 3836 Polycarpus
611 3753 766 3817 diceretur
788 3753 886 3817 fuisse
908 3754 1079 3836 praeditus.
1117 3752 1141 3817 I.
1167 3753 1345 3819 Dallaeus²

30 3895 33 3899 ·
166 3863 277 3923 contra
308 3858 505 3922 authentiam
535 3857 576 3921 ad
597 3855 771 3940 Nicephori
799 3855 1054 3921 Stichometriam
1075 3860 1279 3940 provocavit,
1313 3861 1347 3924 in

167 3985 230 4047 qua
251 3963 387 4046 epistula
409 3961 592 4046 apocrypha
613 3961 753 4025 iudicata
775 3966 872 4036 esset,
903 3966 935 4025 et
958 3961 1084 4025 saeculo
1108 3962 1185 4026 XIX
1209 3964 1345 4048 denique

166 4067 338 4131 adversarii
360 4066 478 4152 Ignatii
500 4088 539 4130 ex
569 4066 690 4150 aliquot
712 4066 789 4129 locis
813 4066 1048 4143 concluserrmt,
1074 4067 1246 4150 epistulam
1269 4090 1344 4133 con·

165 4172 451 4272 witonus,
474 4202 648 4271 cursuum
665 4202 713 4255 aar
727 4206 791 4253 rem.
811 4200 939 4268 nasama
960 4200 1026 4256 reos
1044 4219 1071 4270 p.
1092 4201 1142 4256 rae
1161 4219 1202 4270 sq.
1221 4204 1281 4258 aaa.

235 4291 252 4344 2
270 4288 312 4345 De
331 4288 443 4358 scriptia
462 4286 591 4357 Dionysii
608 4288 710 4355 Areop.
730 4291 760 4341 et
777 4286 883 4356 Ignatii
901 4289 967 4343 Ant.
985 4306 1012 4357 p.
1031 4289 1083 4342 426
1102 4304 1144 4354 sq.
