<?xml version="1.0" encoding="UTF-8"?>
<!DOCTYPE html PUBLIC "-//W3C//DTD XHTML 1.0 Transitional//EN"
    "http://www.w3.org/TR/xhtml1/DTD/xhtml1-transitional.dtd">
<html xmlns="http://www.w3.org/1999/xhtml" xml:lang="en" lang="en">
 <head>
  <title>
</title>
<meta http-equiv="Content-Type" content="text/html;charset=utf-8" />
  <meta name='ocr-system' content='tesseract 3.04.00' />
  <meta name='ocr-capabilities' content='ocr_page ocr_carea ocr_par ocr_line ocrx_word'/>
</head>
<body>
  <div class='ocr_page' id='page_1' title='image "./patresapostolic00piongoog_0404.png"; bbox 0 0 2834 5018; ppageno 0'>
   <div class='ocr_carea' id='block_1_1' title="bbox 404 695 1230 770">
    <p class='ocr_par' dir='ltr' id='par_1_1' title="bbox 404 695 1230 770">
     <span class='ocr_line' id='line_1_1' title="bbox 404 695 1230 770; baseline 0.025 -20"><span class='ocrx_word' id='word_1_1' title='bbox 404 696 453 751; x_wconf 84' lang='lat' dir='ltr'>AD</span> <span class='ocrx_word' id='word_1_2' title='bbox 474 695 702 752; x_wconf 74' lang='lat' dir='ltr'>TRALLIANOS</span> <span class='ocrx_word' id='word_1_3' title='bbox 720 698 740 761; x_wconf 88' lang='grc' dir='ltr'>Ι,</span> <span class='ocrx_word' id='word_1_4' title='bbox 762 698 845 761; x_wconf 93' lang='lat' dir='ltr'>l—II,</span> <span class='ocrx_word' id='word_1_5' title='bbox 866 701 888 756; x_wconf 90' lang='lat'>1.</span> <span class='ocrx_word' id='word_1_6' title='bbox 1166 706 1230 770; x_wconf 81' lang='grc'>243</span> 
     </span>
    </p>
   </div>
   <div class='ocr_carea' id='block_1_2' title="bbox 56 872 1230 1064">
    <p class='ocr_par' dir='ltr' id='par_1_2' title="bbox 56 872 1230 1064">
     <span class='ocr_line' id='line_1_2' title="bbox 56 872 1230 964; baseline 0.006 -27"><span class='ocrx_word' id='word_1_7' title='bbox 56 878 137 938; x_wconf 82' lang='lat' dir='ltr'>tant.</span> <span class='ocrx_word' id='word_1_8' title='bbox 185 872 316 947; x_wconf 87' lang='lat' dir='ltr'>Valete,</span> <span class='ocrx_word' id='word_1_9' title='bbox 351 874 409 938; x_wconf 94' lang='lat' dir='ltr'>deo</span> <span class='ocrx_word' id='word_1_10' title='bbox 438 875 533 951; x_wconf 89' lang='lat' dir='ltr'>uniti,</span> <span class='ocrx_word' id='word_1_11' title='bbox 567 875 714 959; x_wconf 89' lang='lat' dir='ltr'>spiritum</span> <span class='ocrx_word' id='word_1_12' title='bbox 748 877 945 961; x_wconf 74' lang='lat' dir='ltr'>possidentes</span> <span class='ocrx_word' id='word_1_13' title='bbox 977 879 1230 964; x_wconf 79' lang='lat' dir='ltr'>inseparabilem,</span> 
     </span>
     <span class='ocr_line' id='line_1_3' title="bbox 57 977 473 1064; baseline 0 -22"><span class='ocrx_word' id='word_1_14' title='bbox 57 979 112 1064; x_wconf 88' lang='lat' dir='ltr'>qui</span> <span class='ocrx_word' id='word_1_15' title='bbox 137 982 186 1042; x_wconf 91' lang='lat' dir='ltr'>est</span> <span class='ocrx_word' id='word_1_16' title='bbox 208 977 296 1043; x_wconf 91' lang='lat' dir='ltr'>Iesus</span> <span class='ocrx_word' id='word_1_17' title='bbox 320 978 473 1043; x_wconf 79' lang='lat' dir='ltr'>Christus.</span> 
     </span>
    </p>
   </div>
   <div class='ocr_carea' id='block_1_3' title="bbox 437 1601 851 1660">
    <p class='ocr_par' dir='ltr' id='par_1_3' title="bbox 437 1601 851 1660">
     <span class='ocr_line' id='line_1_4' title="bbox 437 1601 851 1660; baseline 0.014 -6"><span class='ocrx_word' id='word_1_18' title='bbox 437 1601 652 1658; x_wconf 82' lang='lat' dir='ltr'><strong>TRALLIANIS</strong></span> <span class='ocrx_word' id='word_1_19' title='bbox 671 1603 851 1660; x_wconf 77' lang='lat' dir='ltr'><strong>IGNA‘I&#39;IUS.</strong></span> 
     </span>
    </p>
   </div>
   <div class='ocr_carea' id='block_1_4' title="bbox 144 1779 1272 2492">
    <p class='ocr_par' dir='ltr' id='par_1_4' title="bbox 144 1779 1258 2388">
     <span class='ocr_line' id='line_1_5' title="bbox 144 1779 1233 1869; baseline 0.006 -26"><span class='ocrx_word' id='word_1_20' title='bbox 144 1779 306 1864; x_wconf 81' lang='lat' dir='ltr'>Ignatius,</span> <span class='ocrx_word' id='word_1_21' title='bbox 343 1781 397 1865; x_wconf 92' lang='lat' dir='ltr'>qui</span> <span class='ocrx_word' id='word_1_22' title='bbox 421 1785 453 1845; x_wconf 94' lang='lat' dir='ltr'>et</span> <span class='ocrx_word' id='word_1_23' title='bbox 475 1781 699 1865; x_wconf 88' lang='lat' dir='ltr'>Theophorus,</span> <span class='ocrx_word' id='word_1_24' title='bbox 735 1783 868 1848; x_wconf 88' lang='lat' dir='ltr'>dilectae</span> <span class='ocrx_word' id='word_1_25' title='bbox 892 1806 911 1847; x_wconf 89' lang='lat' dir='ltr'>a</span> <span class='ocrx_word' id='word_1_26' title='bbox 933 1784 1010 1862; x_wconf 93' lang='lat' dir='ltr'>deo,</span> <span class='ocrx_word' id='word_1_27' title='bbox 1045 1790 1136 1869; x_wconf 89' lang='lat' dir='ltr'>patre</span> <span class='ocrx_word' id='word_1_28' title='bbox 1160 1785 1233 1851; x_wconf 89' lang='lat' dir='ltr'>Iesu</span> 
     </span>
     <span class='ocr_line' id='line_1_6' title="bbox 189 1883 1258 1971; baseline 0.005 -23"><span class='ocrx_word' id='word_1_29' title='bbox 189 1883 316 1962; x_wconf 79' lang='lat' dir='ltr'>Christi,</span> <span class='ocrx_word' id='word_1_30' title='bbox 341 1885 490 1949; x_wconf 88' lang='lat' dir='ltr'>ecclesiae</span> <span class='ocrx_word' id='word_1_31' title='bbox 513 1891 650 1964; x_wconf 88' lang='lat' dir='ltr'>sanctae,</span> <span class='ocrx_word' id='word_1_32' title='bbox 675 1909 755 1971; x_wconf 86' lang='lat' dir='ltr'>quae</span> <span class='ocrx_word' id='word_1_33' title='bbox 778 1893 826 1952; x_wconf 89' lang='lat' dir='ltr'>est</span> <span class='ocrx_word' id='word_1_34' title='bbox 849 1887 1009 1952; x_wconf 80' lang='lat' dir='ltr'>Trallibus</span> <span class='ocrx_word' id='word_1_35' title='bbox 1025 1887 1130 1966; x_wconf 84' lang='lat' dir='ltr'>Asiae,</span> <span class='ocrx_word' id='word_1_36' title='bbox 1148 1889 1258 1954; x_wconf 83' lang='lat' dir='ltr'>elec-⁶</span> 
     </span>
     <span class='ocr_line' id='line_1_7' title="bbox 188 1990 1232 2078; baseline 0.005 -25"><span class='ocrx_word' id='word_1_37' title='bbox 188 1993 239 2053; x_wconf 91' lang='lat' dir='ltr'>tae</span> <span class='ocrx_word' id='word_1_38' title='bbox 271 1995 302 2054; x_wconf 91' lang='lat' dir='ltr'>et</span> <span class='ocrx_word' id='word_1_39' title='bbox 334 1991 391 2076; x_wconf 91' lang='lat' dir='ltr'>deo</span> <span class='ocrx_word' id='word_1_40' title='bbox 422 1991 550 2075; x_wconf 79' lang='lat' dir='ltr'>dignae,</span> <span class='ocrx_word' id='word_1_41' title='bbox 583 2013 694 2074; x_wconf 88' lang='lat' dir='ltr'>pacem</span> <span class='ocrx_word' id='word_1_42' title='bbox 725 1990 855 2056; x_wconf 79' lang='lat' dir='ltr'>habenti</span> <span class='ocrx_word' id='word_1_43' title='bbox 884 1992 918 2055; x_wconf 93' lang='lat' dir='ltr'>in</span> <span class='ocrx_word' id='word_1_44' title='bbox 950 2014 1042 2056; x_wconf 92' lang='lat' dir='ltr'>carne</span> <span class='ocrx_word' id='word_1_45' title='bbox 1066 1996 1097 2056; x_wconf 92' lang='lat' dir='ltr'>et</span> <span class='ocrx_word' id='word_1_46' title='bbox 1120 1995 1232 2078; x_wconf 89' lang='lat' dir='ltr'>spiritu</span> 
     </span>
     <span class='ocr_line' id='line_1_8' title="bbox 188 2094 1231 2183; baseline 0.006 -26"><span class='ocrx_word' id='word_1_47' title='bbox 188 2115 245 2178; x_wconf 91' lang='lat' dir='ltr'>per</span> <span class='ocrx_word' id='word_1_48' title='bbox 272 2095 453 2178; x_wconf 81' lang='lat' dir='ltr'>passionem</span> <span class='ocrx_word' id='word_1_49' title='bbox 476 2094 548 2159; x_wconf 89' lang='lat' dir='ltr'>Iesu</span> <span class='ocrx_word' id='word_1_50' title='bbox 571 2094 703 2171; x_wconf 76' lang='lat' dir='ltr'>Christi,</span> <span class='ocrx_word' id='word_1_51' title='bbox 737 2096 804 2179; x_wconf 89' lang='lat' dir='ltr'>spei</span> <span class='ocrx_word' id='word_1_52' title='bbox 827 2099 966 2173; x_wconf 86' lang='lat' dir='ltr'>nostrae,</span> <span class='ocrx_word' id='word_1_53' title='bbox 991 2118 1062 2161; x_wconf 90' lang='lat' dir='ltr'>cum</span> <span class='ocrx_word' id='word_1_54' title='bbox 1084 2119 1231 2183; x_wconf 83' lang='lat' dir='ltr'>resurga-</span> 
     </span>
     <span class='ocr_line' id='line_1_9' title="bbox 188 2199 1231 2286; baseline 0.004 -24"><span class='ocrx_word' id='word_1_55' title='bbox 188 2222 258 2263; x_wconf 87' lang='lat' dir='ltr'>mus</span> <span class='ocrx_word' id='word_1_56' title='bbox 282 2201 322 2263; x_wconf 91' lang='lat' dir='ltr'>ad</span> <span class='ocrx_word' id='word_1_57' title='bbox 344 2221 431 2275; x_wconf 81' lang='lat' dir='ltr'>eum3</span> <span class='ocrx_word' id='word_1_58' title='bbox 464 2222 558 2283; x_wconf 89' lang='lat' dir='ltr'>quarn</span> <span class='ocrx_word' id='word_1_59' title='bbox 582 2203 613 2263; x_wconf 92' lang='lat' dir='ltr'>et</span> <span class='ocrx_word' id='word_1_60' title='bbox 636 2199 739 2263; x_wconf 88' lang='lat' dir='ltr'>saluto</span> <span class='ocrx_word' id='word_1_61' title='bbox 762 2199 795 2263; x_wconf 90' lang='lat' dir='ltr'>in</span> <span class='ocrx_word' id='word_1_62' title='bbox 825 2200 1022 2283; x_wconf 88' lang='lat' dir='ltr'>plenitudine</span> <span class='ocrx_word' id='word_1_63' title='bbox 1045 2201 1077 2265; x_wconf 94' lang='lat' dir='ltr'>in</span> <span class='ocrx_word' id='word_1_64' title='bbox 1101 2206 1231 2286; x_wconf 88' lang='lat' dir='ltr'>aposto·</span> 
     </span>
     <span class='ocr_line' id='line_1_10' title="bbox 189 2302 1052 2388; baseline 0.003 -22"><span class='ocrx_word' id='word_1_65' title='bbox 189 2302 251 2367; x_wconf 89' lang='lat' dir='ltr'>lico</span> <span class='ocrx_word' id='word_1_66' title='bbox 274 2303 455 2368; x_wconf 80' lang='lat' dir='ltr'>charactere</span> <span class='ocrx_word' id='word_1_67' title='bbox 479 2305 591 2388; x_wconf 86' lang='lat' dir='ltr'>cuique</span> <span class='ocrx_word' id='word_1_68' title='bbox 613 2303 783 2386; x_wconf 91' lang='lat' dir='ltr'>plurimam</span> <span class='ocrx_word' id='word_1_69' title='bbox 805 2309 882 2387; x_wconf 90' lang='lat' dir='ltr'>opto</span> <span class='ocrx_word' id='word_1_70' title='bbox 908 2304 1052 2369; x_wconf 88' lang='lat' dir='ltr'>salutem.</span> 
     </span>
    </p>

    <p class='ocr_par' dir='ltr' id='par_1_5' title="bbox 144 2406 1272 2492">
     <span class='ocr_line' id='line_1_11' title="bbox 144 2406 1272 2492; baseline 0.005 -22"><span class='ocrx_word' id='word_1_71' title='bbox 144 2406 169 2470; x_wconf 94' lang='lat' dir='ltr'>I.</span> <span class='ocrx_word' id='word_1_72' title='bbox 196 2406 385 2472; x_wconf 75' lang='lat' dir='ltr'>constanter</span> <span class='ocrx_word' id='word_1_73' title='bbox 414 2408 610 2492; x_wconf 86' lang='lat' dir='ltr'>inculpatam</span> <span class='ocrx_word' id='word_1_74' title='bbox 642 2411 673 2471; x_wconf 93' lang='lat' dir='ltr'>et</span> <span class='ocrx_word' id='word_1_75' title='bbox 704 2408 947 2492; x_wconf 88' lang='lat' dir='ltr'>inseparabilem</span> <span class='ocrx_word' id='word_1_76' title='bbox 977 2410 1010 2473; x_wconf 92' lang='lat' dir='ltr'>in</span> <span class='ocrx_word' id='word_1_77' title='bbox 1044 2411 1232 2476; x_wconf 84' lang='lat' dir='ltr'>sustinentia</span> <span class='ocrx_word' id='word_1_78' title='bbox 1247 2423 1272 2460; x_wconf 89' lang='lat'>¹⁰</span> 
     </span>
    </p>
   </div>
   <div class='ocr_carea' id='block_1_5' title="bbox 53 2512 1273 3226">
    <p class='ocr_par' dir='ltr' id='par_1_6' title="bbox 53 2512 1273 3226">
     <span class='ocr_line' id='line_1_12' title="bbox 53 2512 1230 2600; baseline 0.003 -24"><span class='ocrx_word' id='word_1_79' title='bbox 53 2516 195 2576; x_wconf 88' lang='lat' dir='ltr'>mentem</span> <span class='ocrx_word' id='word_1_80' title='bbox 219 2513 353 2597; x_wconf 80' lang='lat' dir='ltr'>cognovi</span> <span class='ocrx_word' id='word_1_81' title='bbox 376 2536 431 2577; x_wconf 93' lang='lat' dir='ltr'>vos</span> <span class='ocrx_word' id='word_1_82' title='bbox 455 2513 571 2578; x_wconf 88' lang='lat' dir='ltr'>habere</span> <span class='ocrx_word' id='word_1_83' title='bbox 593 2534 658 2576; x_wconf 93' lang='lat' dir='ltr'>non</span> <span class='ocrx_word' id='word_1_84' title='bbox 676 2534 735 2576; x_wconf 92' lang='lat' dir='ltr'>usu</span> <span class='ocrx_word' id='word_1_85' title='bbox 757 2512 876 2590; x_wconf 89' lang='lat' dir='ltr'>solum,</span> <span class='ocrx_word' id='word_1_86' title='bbox 905 2514 959 2577; x_wconf 85' lang='lat' dir='ltr'>sed</span> <span class='ocrx_word' id='word_1_87' title='bbox 981 2514 1095 2593; x_wconf 88' lang='lat' dir='ltr'>indole,</span> <span class='ocrx_word' id='word_1_88' title='bbox 1121 2537 1230 2600; x_wconf 89' lang='lat' dir='ltr'>quem·</span> 
     </span>
     <span class='ocr_line' id='line_1_13' title="bbox 54 2616 1231 2706; baseline 0.004 -26"><span class='ocrx_word' id='word_1_89' title='bbox 54 2616 228 2680; x_wconf 90' lang='lat' dir='ltr'>admodum</span> <span class='ocrx_word' id='word_1_90' title='bbox 244 2616 276 2680; x_wconf 94' lang='lat' dir='ltr'>id</span> <span class='ocrx_word' id='word_1_91' title='bbox 299 2617 377 2681; x_wconf 91' lang='lat' dir='ltr'>mihi</span> <span class='ocrx_word' id='word_1_92' title='bbox 393 2617 559 2701; x_wconf 89' lang='lat' dir='ltr'>episcopus</span> <span class='ocrx_word' id='word_1_93' title='bbox 582 2623 686 2682; x_wconf 88' lang='lat' dir='ltr'>vester</span> <span class='ocrx_word' id='word_1_94' title='bbox 700 2617 852 2701; x_wconf 87' lang='lat' dir='ltr'>Polybius</span> <span class='ocrx_word' id='word_1_95' title='bbox 869 2619 1027 2696; x_wconf 89' lang='lat' dir='ltr'>indicavit,</span> <span class='ocrx_word' id='word_1_96' title='bbox 1053 2621 1106 2705; x_wconf 92' lang='lat' dir='ltr'>qui</span> <span class='ocrx_word' id='word_1_97' title='bbox 1123 2621 1231 2706; x_wconf 85' lang='lat' dir='ltr'>Smyr·</span> 
     </span>
     <span class='ocr_line' id='line_1_14' title="bbox 54 2721 1233 2809; baseline 0.003 -24"><span class='ocrx_word' id='word_1_98' title='bbox 54 2743 116 2785; x_wconf 89' lang='lat' dir='ltr'>nae</span> <span class='ocrx_word' id='word_1_99' title='bbox 141 2721 244 2785; x_wconf 91' lang='lat' dir='ltr'>adfuit</span> <span class='ocrx_word' id='word_1_100' title='bbox 266 2744 323 2805; x_wconf 90' lang='lat' dir='ltr'>per</span> <span class='ocrx_word' id='word_1_101' title='bbox 338 2722 534 2787; x_wconf 90' lang='lat' dir='ltr'>voluntatem</span> <span class='ocrx_word' id='word_1_102' title='bbox 557 2723 606 2787; x_wconf 89' lang='lat' dir='ltr'>dei</span> <span class='ocrx_word' id='word_1_103' title='bbox 629 2727 660 2786; x_wconf 91' lang='lat' dir='ltr'>et</span> <span class='ocrx_word' id='word_1_104' title='bbox 676 2722 747 2786; x_wconf 91' lang='lat' dir='ltr'>Iesu</span> <span class='ocrx_word' id='word_1_105' title='bbox 763 2721 880 2787; x_wconf 83' lang='lat' dir='ltr'>Christi</span> <span class='ocrx_word' id='word_1_106' title='bbox 896 2724 1012 2809; x_wconf 91' lang='lat' dir='ltr'>quique</span> <span class='ocrx_word' id='word_1_107' title='bbox 1034 2724 1113 2789; x_wconf 89' lang='lat' dir='ltr'>mihi</span> <span class='ocrx_word' id='word_1_108' title='bbox 1127 2726 1233 2789; x_wconf 91' lang='lat' dir='ltr'>vincto</span> 
     </span>
     <span class='ocr_line' id='line_1_15' title="bbox 53 2824 1234 2911; baseline 0.004 -21"><span class='ocrx_word' id='word_1_109' title='bbox 53 2827 88 2890; x_wconf 92' lang='lat' dir='ltr'>in</span> <span class='ocrx_word' id='word_1_110' title='bbox 113 2824 239 2889; x_wconf 86' lang='lat' dir='ltr'>Christo</span> <span class='ocrx_word' id='word_1_111' title='bbox 262 2826 334 2890; x_wconf 89' lang='lat' dir='ltr'>lesu</span> <span class='ocrx_word' id='word_1_112' title='bbox 363 2827 409 2889; x_wconf 87' lang='lat' dir='ltr'>ita</span> <span class='ocrx_word' id='word_1_113' title='bbox 432 2827 672 2911; x_wconf 85' lang='lat' dir='ltr'>congratulatus</span> <span class='ocrx_word' id='word_1_114' title='bbox 695 2831 757 2904; x_wconf 90' lang='lat' dir='ltr'>est,</span> <span class='ocrx_word' id='word_1_115' title='bbox 792 2832 828 2892; x_wconf 94' lang='lat' dir='ltr'>ut</span> <span class='ocrx_word' id='word_1_116' title='bbox 851 2850 976 2893; x_wconf 92' lang='lat' dir='ltr'>omnem</span> <span class='ocrx_word' id='word_1_117' title='bbox 999 2831 1234 2895; x_wconf 88' lang='lat' dir='ltr'>multitudinem</span> 
     </span>
     <span class='ocr_line' id='line_1_16' title="bbox 55 2933 1273 3019; baseline 0.005 -25"><span class='ocrx_word' id='word_1_118' title='bbox 55 2936 196 2995; x_wconf 89' lang='lat' dir='ltr'>vestram</span> <span class='ocrx_word' id='word_1_119' title='bbox 217 2933 251 2995; x_wconf 88' lang='lat' dir='ltr'>in</span> <span class='ocrx_word' id='word_1_120' title='bbox 274 2954 311 2996; x_wconf 93' lang='lat' dir='ltr'>eo</span> <span class='ocrx_word' id='word_1_121' title='bbox 335 2933 565 3015; x_wconf 83' lang='lat' dir='ltr'>contemplatus</span> <span class='ocrx_word' id='word_1_122' title='bbox 588 2933 656 2996; x_wconf 88' lang='lat' dir='ltr'>sim.</span> <span class='ocrx_word' id='word_1_123' title='bbox 703 2935 733 2997; x_wconf 90' lang='grc'>2.</span> <span class='ocrx_word' id='word_1_124' title='bbox 758 2933 927 3017; x_wconf 83' lang='lat' dir='ltr'>Excipiens</span> <span class='ocrx_word' id='word_1_125' title='bbox 951 2933 1034 2998; x_wconf 87' lang='lat' dir='ltr'>enirn</span> <span class='ocrx_word' id='word_1_126' title='bbox 1056 2956 1113 3018; x_wconf 91' lang='lat' dir='ltr'>per</span> <span class='ocrx_word' id='word_1_127' title='bbox 1128 2935 1234 3019; x_wconf 89' lang='lat' dir='ltr'>ipsum</span> <span class='ocrx_word' id='word_1_128' title='bbox 1248 2949 1273 2986; x_wconf 77' lang='lat'>1⁶</span> 
     </span>
     <span class='ocr_line' id='line_1_17' title="bbox 54 3038 1234 3123; baseline 0.004 -24"><span class='ocrx_word' id='word_1_129' title='bbox 54 3042 195 3100; x_wconf 87' lang='lat' dir='ltr'>vestram</span> <span class='ocrx_word' id='word_1_130' title='bbox 230 3058 310 3119; x_wconf 92' lang='lat' dir='ltr'>quae</span> <span class='ocrx_word' id='word_1_131' title='bbox 345 3038 517 3101; x_wconf 90' lang='lat' dir='ltr'>secundum</span> <span class='ocrx_word' id='word_1_132' title='bbox 551 3038 643 3101; x_wconf 92' lang='lat' dir='ltr'>deum</span> <span class='ocrx_word' id='word_1_133' title='bbox 676 3043 724 3102; x_wconf 89' lang='lat' dir='ltr'>est</span> <span class='ocrx_word' id='word_1_134' title='bbox 756 3038 1025 3117; x_wconf 79' lang='lat' dir='ltr'>benevolentiam,</span> <span class='ocrx_word' id='word_1_135' title='bbox 1060 3039 1234 3123; x_wconf 86' lang='lat' dir='ltr'>glorificavi</span> 
     </span>
     <span class='ocr_line' id='line_1_18' title="bbox 56 3141 922 3226; baseline 0.002 -22"><span class='ocrx_word' id='word_1_136' title='bbox 56 3141 159 3216; x_wconf 86' lang='lat' dir='ltr'>deum,</span> <span class='ocrx_word' id='word_1_137' title='bbox 185 3141 274 3205; x_wconf 70' lang='lat' dir='ltr'>ciuus</span> <span class='ocrx_word' id='word_1_138' title='bbox 296 3142 480 3218; x_wconf 91' lang='lat' dir='ltr'>imitatores,</span> <span class='ocrx_word' id='word_1_139' title='bbox 506 3148 541 3206; x_wconf 90' lang='lat' dir='ltr'>ut</span> <span class='ocrx_word' id='word_1_140' title='bbox 563 3143 706 3226; x_wconf 79' lang='lat' dir='ltr'>cognovi,</span> <span class='ocrx_word' id='word_1_141' title='bbox 730 3163 785 3205; x_wconf 90' lang='lat' dir='ltr'>vos</span> <span class='ocrx_word' id='word_1_142' title='bbox 808 3142 922 3206; x_wconf 91' lang='lat' dir='ltr'>inveni.</span> 
     </span>
    </p>
   </div>
   <div class='ocr_carea' id='block_1_6' title="bbox 56 3244 1234 3430">
    <p class='ocr_par' dir='ltr' id='par_1_7' title="bbox 56 3244 1234 3430">
     <span class='ocr_line' id='line_1_19' title="bbox 145 3244 1232 3331; baseline 0.004 -23"><span class='ocrx_word' id='word_1_143' title='bbox 145 3244 185 3309; x_wconf 92' lang='grc' dir='ltr'>ΙΙ.</span> <span class='ocrx_word' id='word_1_144' title='bbox 212 3245 290 3309; x_wconf 82' lang='lat' dir='ltr'>Cum</span> <span class='ocrx_word' id='word_1_145' title='bbox 320 3246 403 3309; x_wconf 91' lang='lat' dir='ltr'>enim</span> <span class='ocrx_word' id='word_1_146' title='bbox 426 3247 575 3331; x_wconf 90' lang='lat' dir='ltr'>episcopo</span> <span class='ocrx_word' id='word_1_147' title='bbox 606 3247 739 3311; x_wconf 86' lang='lat' dir='ltr'>subiecti</span> <span class='ocrx_word' id='word_1_148' title='bbox 762 3247 831 3311; x_wconf 91' lang='lat' dir='ltr'>sitis</span> <span class='ocrx_word' id='word_1_149' title='bbox 854 3252 891 3312; x_wconf 92' lang='lat' dir='ltr'>ut</span> <span class='ocrx_word' id='word_1_150' title='bbox 912 3246 984 3311; x_wconf 91' lang='lat' dir='ltr'>Iesu</span> <span class='ocrx_word' id='word_1_151' title='bbox 1009 3246 1151 3325; x_wconf 82' lang='lat' dir='ltr'>Christ0,</span> <span class='ocrx_word' id='word_1_152' title='bbox 1185 3248 1232 3312; x_wconf 92' lang='lat' dir='ltr'>vi·</span> 
     </span>
     <span class='ocr_line' id='line_1_20' title="bbox 56 3351 1234 3430; baseline 0.001 -15"><span class='ocrx_word' id='word_1_153' title='bbox 56 3352 174 3416; x_wconf 90' lang='lat' dir='ltr'>demini</span> <span class='ocrx_word' id='word_1_154' title='bbox 209 3353 287 3417; x_wconf 91' lang='lat' dir='ltr'>mihi</span> <span class='ocrx_word' id='word_1_155' title='bbox 321 3375 384 3417; x_wconf 92' lang='lat' dir='ltr'>non</span> <span class='ocrx_word' id='word_1_156' title='bbox 418 3355 589 3418; x_wconf 81' lang='lat' dir='ltr'>secrmdum</span> <span class='ocrx_word' id='word_1_157' title='bbox 623 3353 796 3430; x_wconf 87' lang='lat' dir='ltr'>hominem,</span> <span class='ocrx_word' id='word_1_158' title='bbox 837 3354 891 3417; x_wconf 90' lang='lat' dir='ltr'>sed</span> <span class='ocrx_word' id='word_1_159' title='bbox 924 3353 1095 3416; x_wconf 91' lang='lat' dir='ltr'>secundum</span> <span class='ocrx_word' id='word_1_160' title='bbox 1130 3351 1234 3416; x_wconf 89' lang='lat' dir='ltr'>lesum</span> 
     </span>
    </p>
   </div>
   <div class='ocr_carea' id='block_1_7' title="bbox 50 3519 1235 4725">
    <p class='ocr_par' dir='ltr' id='par_1_8' title="bbox 50 3519 1235 4725">
     <span class='ocr_line' id='line_1_21' title="bbox 56 3519 792 3591; baseline -0.003 -17"><span class='ocrx_word' id='word_1_161' title='bbox 56 3520 242 3591; x_wconf 90' lang='lat' dir='ltr'>apostolicam</span> <span class='ocrx_word' id='word_1_162' title='bbox 252 3519 357 3590; x_wconf 79' lang='lat' dir='ltr'>Ignatii</span> <span class='ocrx_word' id='word_1_163' title='bbox 369 3520 494 3590; x_wconf 86' lang='lat' dir='ltr'>episcopi</span> <span class='ocrx_word' id='word_1_164' title='bbox 513 3520 632 3576; x_wconf 89' lang='lat' dir='ltr'>auctori-</span> <span class='ocrx_word' id='word_1_165' title='bbox 644 3520 647 3574; x_wconf 97' lang='grc' dir='ltr'>Ι</span> <span class='ocrx_word' id='word_1_166' title='bbox 660 3520 792 3589; x_wconf 80' lang='lat' dir='ltr'>(Helela).</span> 
     </span>
     <span class='ocr_line' id='line_1_22' title="bbox 55 3605 1235 3678; baseline 0.002 -17"><span class='ocrx_word' id='word_1_167' title='bbox 55 3611 147 3662; x_wconf 89' lang='lat' dir='ltr'>tatem</span> <span class='ocrx_word' id='word_1_168' title='bbox 165 3606 334 3670; x_wconf 86' lang='lat' dir='ltr'>retulerunt,</span> <span class='ocrx_word' id='word_1_169' title='bbox 360 3624 446 3674; x_wconf 86' lang='lat' dir='ltr'>quam</span> <span class='ocrx_word' id='word_1_170' title='bbox 465 3608 632 3678; x_wconf 83' lang='lat' dir='ltr'>dignitatem</span> <span class='ocrx_word' id='word_1_171' title='bbox 695 3609 718 3662; x_wconf 83' lang='lat'>2.</span> <span class='ocrx_word' id='word_1_172' title='bbox 738 3605 865 3678; x_wconf 79' lang='grc' dir='ltr'><strong><em>ἐδόξασα]</em></strong></span> <span class='ocrx_word' id='word_1_173' title='bbox 885 3626 921 3663; x_wconf 92' lang='lat' dir='ltr'>sc.</span> <span class='ocrx_word' id='word_1_174' title='bbox 941 3610 1082 3674; x_wconf 79' lang='grc' dir='ltr'>τὸνθεόν,</span> <span class='ocrx_word' id='word_1_175' title='bbox 1101 3609 1137 3662; x_wconf 87' lang='lat' dir='ltr'>ad</span> <span class='ocrx_word' id='word_1_176' title='bbox 1150 3625 1235 3676; x_wconf 86' lang='lat' dir='ltr'>quem</span> 
     </span>
     <span class='ocr_line' id='line_1_23' title="bbox 56 3692 1233 3765; baseline -0.001 -16"><span class='ocrx_word' id='word_1_177' title='bbox 56 3695 111 3749; x_wconf 84' lang='lat' dir='ltr'>sibi</span> <span class='ocrx_word' id='word_1_178' title='bbox 131 3696 219 3762; x_wconf 82' lang='lat' dir='ltr'>negat</span> <span class='ocrx_word' id='word_1_179' title='bbox 238 3694 262 3755; x_wconf 89' lang='grc'>3,</span> <span class='ocrx_word' id='word_1_180' title='bbox 283 3696 313 3756; x_wconf 76' lang='lat'>33</span> <span class='ocrx_word' id='word_1_181' title='bbox 332 3695 409 3749; x_wconf 87' lang='lat' dir='ltr'>Rom.</span> <span class='ocrx_word' id='word_1_182' title='bbox 429 3697 454 3760; x_wconf 85' lang='lat'>4,</span> <span class='ocrx_word' id='word_1_183' title='bbox 474 3696 498 3748; x_wconf 84' lang='lat'>3.</span> <span class='ocrx_word' id='word_1_184' title='bbox 659 3692 786 3765; x_wconf 84' lang='lat' dir='ltr'>Ignatius</span> <span class='ocrx_word' id='word_1_185' title='bbox 805 3696 921 3748; x_wconf 89' lang='lat' dir='ltr'>verbum</span> <span class='ocrx_word' id='word_1_186' title='bbox 940 3696 1045 3764; x_wconf 90' lang='lat' dir='ltr'>ubique</span> <span class='ocrx_word' id='word_1_187' title='bbox 1063 3695 1157 3750; x_wconf 83' lang='lat' dir='ltr'>refert.</span> <span class='ocrx_word' id='word_1_188' title='bbox 1191 3694 1233 3749; x_wconf 83' lang='lat' dir='ltr'>cf.</span> 
     </span>
     <span class='ocr_line' id='line_1_24' title="bbox 91 3780 1233 3877; baseline -0.002 -41"><span class='ocrx_word' id='word_1_189' title='bbox 91 3783 111 3846; x_wconf 92' lang='grc' dir='ltr'>Ι,</span> <span class='ocrx_word' id='word_1_190' title='bbox 133 3783 155 3835; x_wconf 94' lang='grc'>1.</span> <span class='ocrx_word' id='word_1_191' title='bbox 175 3780 209 3838; x_wconf 81' lang='grc' dir='ltr'>οὐ</span> <span class='ocrx_word' id='word_1_192' title='bbox 225 3781 297 3838; x_wconf 83' lang='grc' dir='ltr'><strong><em>κατὰ</em></strong></span> <span class='ocrx_word' id='word_1_193' title='bbox 313 3796 410 3853; x_wconf 74' lang='grc' dir='ltr'><strong><em>χρῆσιν</em></strong></span> <span class='ocrx_word' id='word_1_194' title='bbox 426 3783 497 3852; x_wconf 53' lang='grc' dir='ltr'>κτλ]</span> <span class='ocrx_word' id='word_1_195' title='bbox 518 3783 632 3837; x_wconf 88' lang='lat' dir='ltr'>Sensus:</span> <span class='ocrx_word' id='word_1_196' title='bbox 644 3802 647 3877; x_wconf 56' lang='lat' dir='ltr'>p</span> <span class='ocrx_word' id='word_1_197' title='bbox 659 3781 729 3852; x_wconf 88' lang='lat' dir='ltr'>Eph.</span> <span class='ocrx_word' id='word_1_198' title='bbox 749 3783 773 3846; x_wconf 83' lang='lat'>2,</span> <span class='ocrx_word' id='word_1_199' title='bbox 793 3781 822 3843; x_wconf 90' lang='grc'>2;</span> <span class='ocrx_word' id='word_1_200' title='bbox 849 3782 958 3836; x_wconf 88' lang='lat' dir='ltr'>Philad.</span> <span class='ocrx_word' id='word_1_201' title='bbox 980 3784 1019 3847; x_wconf 89' lang='grc'>10,</span> <span class='ocrx_word' id='word_1_202' title='bbox 1041 3782 1070 3846; x_wconf 87' lang='grc'>1;</span> <span class='ocrx_word' id='word_1_203' title='bbox 1090 3782 1145 3836; x_wconf 89' lang='lat' dir='ltr'>Sm.</span> <span class='ocrx_word' id='word_1_204' title='bbox 1167 3785 1188 3844; x_wconf 92' lang='lat'>1,</span> <span class='ocrx_word' id='word_1_205' title='bbox 1210 3783 1233 3836; x_wconf 92' lang='lat'>1.</span> 
     </span>
     <span class='ocr_line' id='line_1_25' title="bbox 55 3869 1233 3939; baseline 0.002 -17"><span class='ocrx_word' id='word_1_206' title='bbox 55 3886 112 3922; x_wconf 90' lang='lat' dir='ltr'>non</span> <span class='ocrx_word' id='word_1_207' title='bbox 128 3869 218 3921; x_wconf 90' lang='lat' dir='ltr'>solum</span> <span class='ocrx_word' id='word_1_208' title='bbox 234 3869 263 3921; x_wconf 93' lang='lat' dir='ltr'>in</span> <span class='ocrx_word' id='word_1_209' title='bbox 276 3869 353 3922; x_wconf 89' lang='lat' dir='ltr'>vitae</span> <span class='ocrx_word' id='word_1_210' title='bbox 366 3871 532 3926; x_wconf 89' lang='lat' dir='ltr'>commercio</span> <span class='ocrx_word' id='word_1_211' title='bbox 545 3871 633 3926; x_wconf 89' lang='lat' dir='ltr'>talem</span> <span class='ocrx_word' id='word_1_212' title='bbox 659 3870 796 3924; x_wconf 86' lang='lat' dir='ltr'>Absolute</span> <span class='ocrx_word' id='word_1_213' title='bbox 814 3869 886 3923; x_wconf 91' lang='lat' dir='ltr'>illud</span> <span class='ocrx_word' id='word_1_214' title='bbox 904 3871 1021 3925; x_wconf 88' lang='lat' dir='ltr'>adhibet</span> <span class='ocrx_word' id='word_1_215' title='bbox 1041 3869 1127 3924; x_wconf 90' lang='lat' dir='ltr'>etiam</span> <span class='ocrx_word' id='word_1_216' title='bbox 1139 3869 1233 3939; x_wconf 88' lang='lat' dir='ltr'>Polyc.</span> 
     </span>
     <span class='ocr_line' id='line_1_26' title="bbox 55 3957 727 4021; baseline -0.001 -11"><span class='ocrx_word' id='word_1_217' title='bbox 55 3960 183 4010; x_wconf 90' lang='lat' dir='ltr'>mentem</span> <span class='ocrx_word' id='word_1_218' title='bbox 203 3957 351 4011; x_wconf 87' lang='lat' dir='ltr'>ostendere</span> <span class='ocrx_word' id='word_1_219' title='bbox 370 3958 504 4021; x_wconf 87' lang='lat' dir='ltr'>studetis,</span> <span class='ocrx_word' id='word_1_220' title='bbox 531 3958 581 4012; x_wconf 90' lang='lat' dir='ltr'>sed</span> <span class='ocrx_word' id='word_1_221' title='bbox 599 3974 633 4011; x_wconf 91' lang='lat' dir='ltr'>ea</span> <span class='ocrx_word' id='word_1_222' title='bbox 661 3959 683 4019; x_wconf 94' lang='grc'>1,</span> <span class='ocrx_word' id='word_1_223' title='bbox 706 3957 727 4009; x_wconf 88' lang='grc'>1.</span> 
     </span>
     <span class='ocr_line' id='line_1_27' title="bbox 54 4038 1230 4114; baseline -0.003 -17"><span class='ocrx_word' id='word_1_224' title='bbox 54 4044 170 4098; x_wconf 87' lang='lat' dir='ltr'>interna</span> <span class='ocrx_word' id='word_1_225' title='bbox 188 4046 299 4097; x_wconf 84' lang='lat' dir='ltr'>vestrae</span> <span class='ocrx_word' id='word_1_226' title='bbox 316 4048 435 4098; x_wconf 88' lang='lat' dir='ltr'>naturae</span> <span class='ocrx_word' id='word_1_227' title='bbox 447 4045 563 4114; x_wconf 88' lang='lat' dir='ltr'>propria</span> <span class='ocrx_word' id='word_1_228' title='bbox 581 4047 631 4098; x_wconf 91' lang='lat' dir='ltr'>est.</span> <span class='ocrx_word' id='word_1_229' title='bbox 694 4041 801 4106; x_wconf 88' lang='grc' dir='ltr'>Π-ΙΠ,</span> <span class='ocrx_word' id='word_1_230' title='bbox 822 4044 845 4096; x_wconf 91' lang='lat'>1.</span> <span class='ocrx_word' id='word_1_231' title='bbox 863 4042 972 4112; x_wconf 73' lang='lat' dir='ltr'>Fhagm.</span> <span class='ocrx_word' id='word_1_232' title='bbox 992 4058 1045 4109; x_wconf 85' lang='lat' dir='ltr'>syr.</span> <span class='ocrx_word' id='word_1_233' title='bbox 1061 4041 1152 4095; x_wconf 78' lang='lat' dir='ltr'>Curet</span> <span class='ocrx_word' id='word_1_234' title='bbox 1174 4038 1230 4103; x_wconf 82' lang='lat'>198,</span> 
     </span>
     <span class='ocr_line' id='line_1_28' title="bbox 55 4128 770 4203; baseline -0.003 -19"><span class='ocrx_word' id='word_1_235' title='bbox 55 4131 141 4200; x_wconf 82' lang='lat' dir='ltr'>Apud</span> <span class='ocrx_word' id='word_1_236' title='bbox 160 4131 232 4184; x_wconf 87' lang='lat' dir='ltr'>lren.</span> <span class='ocrx_word' id='word_1_237' title='bbox 251 4131 271 4194; x_wconf 92' lang='grc' dir='ltr'>Ι,</span> <span class='ocrx_word' id='word_1_238' title='bbox 290 4132 350 4195; x_wconf 89' lang='grc'>6,4</span> <span class='ocrx_word' id='word_1_239' title='bbox 378 4129 408 4188; x_wconf 79' lang='grc' dir='ltr'>ἐν</span> <span class='ocrx_word' id='word_1_240' title='bbox 424 4136 517 4203; x_wconf 74' lang='grc' dir='ltr'><strong><em>χρήσει</em></strong></span> <span class='ocrx_word' id='word_1_241' title='bbox 546 4148 631 4201; x_wconf 94' lang='lat' dir='ltr'>oppo·</span> <span class='ocrx_word' id='word_1_242' title='bbox 659 4128 710 4182; x_wconf 82' lang='lat'>232</span> <span class='ocrx_word' id='word_1_243' title='bbox 729 4145 770 4195; x_wconf 86' lang='lat' dir='ltr'>sq.</span> 
     </span>
     <span class='ocr_line' id='line_1_29' title="bbox 56 4211 1232 4287; baseline -0.005 -16"><span class='ocrx_word' id='word_1_244' title='bbox 56 4219 134 4273; x_wconf 88' lang='lat' dir='ltr'>nitur</span> <span class='ocrx_word' id='word_1_245' title='bbox 152 4218 186 4281; x_wconf 92' lang='lat' dir='ltr'>ei,</span> <span class='ocrx_word' id='word_1_246' title='bbox 206 4218 283 4287; x_wconf 85' lang='lat' dir='ltr'>quod</span> <span class='ocrx_word' id='word_1_247' title='bbox 303 4219 365 4285; x_wconf 89' lang='lat' dir='ltr'>quis</span> <span class='ocrx_word' id='word_1_248' title='bbox 384 4225 485 4272; x_wconf 72' lang='lat' dir='ltr'>aalma</span> <span class='ocrx_word' id='word_1_249' title='bbox 503 4235 554 4270; x_wconf 87' lang='lat' dir='ltr'>sua</span> <span class='ocrx_word' id='word_1_250' title='bbox 567 4234 632 4286; x_wconf 83' lang='lat' dir='ltr'>pro·</span> <span class='ocrx_word' id='word_1_251' title='bbox 696 4218 716 4269; x_wconf 94' lang='lat'>1.</span> <span class='ocrx_word' id='word_1_252' title='bbox 746 4214 863 4268; x_wconf 87' lang='lat' dir='ltr'>Severus</span> <span class='ocrx_word' id='word_1_253' title='bbox 891 4213 956 4266; x_wconf 87' lang='lat' dir='ltr'>Ant.</span> <span class='ocrx_word' id='word_1_254' title='bbox 984 4211 1047 4265; x_wconf 84' lang='lat' dir='ltr'>Cur.</span> <span class='ocrx_word' id='word_1_255' title='bbox 1076 4211 1143 4275; x_wconf 85' lang='grc'>213,</span> <span class='ocrx_word' id='word_1_256' title='bbox 1173 4213 1232 4265; x_wconf 83' lang='lat'><strong>245.</strong></span> 
     </span>
     <span class='ocr_line' id='line_1_30' title="bbox 50 4297 1231 4375; baseline -0.007 -15"><span class='ocrx_word' id='word_1_257' title='bbox 50 4307 114 4375; x_wconf 79' lang='lat' dir='ltr'>pn‘e</span> <span class='ocrx_word' id='word_1_258' title='bbox 132 4306 268 4375; x_wconf 84' lang='lat' dir='ltr'>possidet.</span> <span class='ocrx_word' id='word_1_259' title='bbox 288 4305 414 4360; x_wconf 82' lang='lat' dir='ltr'>Gnostici</span> <span class='ocrx_word' id='word_1_260' title='bbox 434 4304 557 4358; x_wconf 87' lang='lat' dir='ltr'>divinam</span> <span class='ocrx_word' id='word_1_261' title='bbox 569 4319 631 4373; x_wconf 82' lang='lat' dir='ltr'>gra-</span> <span class='ocrx_word' id='word_1_262' title='bbox 659 4302 754 4356; x_wconf 86' lang='lat' dir='ltr'>loann.</span> <span class='ocrx_word' id='word_1_263' title='bbox 773 4300 853 4353; x_wconf 88' lang='lat' dir='ltr'>Dam.</span> <span class='ocrx_word' id='word_1_264' title='bbox 863 4299 889 4353; x_wconf 88' lang='lat' dir='ltr'>S.</span> <span class='ocrx_word' id='word_1_265' title='bbox 901 4298 930 4351; x_wconf 93' lang='lat' dir='ltr'>P.</span> <span class='ocrx_word' id='word_1_266' title='bbox 941 4299 974 4361; x_wconf 90' lang='grc' dir='ltr'>Η,</span> <span class='ocrx_word' id='word_1_267' title='bbox 986 4299 1051 4360; x_wconf 81' lang='grc'><strong>780;</strong></span> <span class='ocrx_word' id='word_1_268' title='bbox 1070 4297 1136 4352; x_wconf 88' lang='lat' dir='ltr'>Holl</span> <span class='ocrx_word' id='word_1_269' title='bbox 1154 4316 1180 4367; x_wconf 90' lang='lat' dir='ltr'>p.</span> <span class='ocrx_word' id='word_1_270' title='bbox 1199 4299 1231 4352; x_wconf 81' lang='lat'>21</span> 
     </span>
     <span class='ocr_line' id='line_1_31' title="bbox 54 4381 1231 4463; baseline -0.005 -16"><span class='ocrx_word' id='word_1_271' title='bbox 54 4394 126 4448; x_wconf 84' lang='lat' dir='ltr'>tiam</span> <span class='ocrx_word' id='word_1_272' title='bbox 135 4394 250 4463; x_wconf 90' lang='lat' dir='ltr'>proprie</span> <span class='ocrx_word' id='word_1_273' title='bbox 260 4392 406 4461; x_wconf 84' lang='lat' dir='ltr'>possidere</span> <span class='ocrx_word' id='word_1_274' title='bbox 416 4391 631 4454; x_wconf 86' lang='lat' dir='ltr'>contendebant,</span> <span class='ocrx_word' id='word_1_275' title='bbox 659 4390 704 4458; x_wconf 83' lang='lat'>(-</span> <span class='ocrx_word' id='word_1_276' title='bbox 722 4385 923 4454; x_wconf 72' lang='grc' dir='ltr'>ἀποθανόντα).</span> <span class='ocrx_word' id='word_1_277' title='bbox 951 4416 985 4424; x_wconf 93' lang='grc'>-</span> <span class='ocrx_word' id='word_1_278' title='bbox 1012 4406 1036 4442; x_wconf 88' lang='grc' dir='ltr'>κ.</span> <span class='ocrx_word' id='word_1_279' title='bbox 1065 4381 1231 4458; x_wconf 71' lang='grc' dir='ltr'><strong><em>ἄνθρωπον]</em></strong></span> 
     </span>
     <span class='ocr_line' id='line_1_32' title="bbox 55 4470 1232 4549; baseline -0.008 -15"><span class='ocrx_word' id='word_1_280' title='bbox 55 4498 120 4534; x_wconf 90' lang='lat' dir='ltr'>cum</span> <span class='ocrx_word' id='word_1_281' title='bbox 138 4480 269 4548; x_wconf 81' lang='lat' dir='ltr'>Psychici</span> <span class='ocrx_word' id='word_1_282' title='bbox 289 4496 351 4534; x_wconf 88' lang='lat' dir='ltr'>eam</span> <span class='ocrx_word' id='word_1_283' title='bbox 362 4477 474 4532; x_wconf 91' lang='lat' dir='ltr'>nonnisi</span> <span class='ocrx_word' id='word_1_284' title='bbox 492 4475 523 4533; x_wconf 83' lang='grc' dir='ltr'>ἐν</span> <span class='ocrx_word' id='word_1_285' title='bbox 537 4481 631 4549; x_wconf 68' lang='grc' dir='ltr'><em>χρήσει</em></span> <span class='ocrx_word' id='word_1_286' title='bbox 661 4474 700 4528; x_wconf 77' lang='lat' dir='ltr'>ef.</span> <span class='ocrx_word' id='word_1_287' title='bbox 730 4473 808 4528; x_wconf 86' lang='lat' dir='ltr'>Paul.</span> <span class='ocrx_word' id='word_1_288' title='bbox 835 4472 913 4526; x_wconf 87' lang='lat' dir='ltr'>Rom.</span> <span class='ocrx_word' id='word_1_289' title='bbox 932 4472 963 4536; x_wconf 87' lang='grc'>3,</span> <span class='ocrx_word' id='word_1_290' title='bbox 982 4474 1011 4535; x_wconf 74' lang='grc'>5,</span> <span class='ocrx_word' id='word_1_291' title='bbox 1040 4471 1133 4527; x_wconf 80' lang='lat' dir='ltr'>ICor.</span> <span class='ocrx_word' id='word_1_292' title='bbox 1152 4470 1181 4535; x_wconf 84' lang='grc'>9,</span> <span class='ocrx_word' id='word_1_293' title='bbox 1200 4471 1232 4534; x_wconf 87' lang='grc'>8;</span> 
     </span>
     <span class='ocr_line' id='line_1_33' title="bbox 54 4557 1232 4635; baseline -0.009 -12"><span class='ocrx_word' id='word_1_294' title='bbox 54 4589 89 4614; x_wconf 94' lang='lat'>=</span> <span class='ocrx_word' id='word_1_295' title='bbox 102 4569 140 4623; x_wconf 81' lang='lat' dir='ltr'>ad</span> <span class='ocrx_word' id='word_1_296' title='bbox 157 4584 239 4622; x_wconf 81' lang='lat' dir='ltr'>usum</span> <span class='ocrx_word' id='word_1_297' title='bbox 264 4564 446 4635; x_wconf 88' lang='lat' dir='ltr'>(commodati</span> <span class='ocrx_word' id='word_1_298' title='bbox 464 4562 563 4632; x_wconf 87' lang='lat' dir='ltr'>instar)</span> <span class='ocrx_word' id='word_1_299' title='bbox 588 4578 632 4616; x_wconf 88' lang='lat' dir='ltr'>ac·</span> <span class='ocrx_word' id='word_1_300' title='bbox 660 4563 721 4618; x_wconf 83' lang='lat' dir='ltr'>Gal.</span> <span class='ocrx_word' id='word_1_301' title='bbox 741 4563 765 4630; x_wconf 83' lang='lat'>3,</span> <span class='ocrx_word' id='word_1_302' title='bbox 786 4562 831 4623; x_wconf 85' lang='lat'>15;</span> <span class='ocrx_word' id='word_1_303' title='bbox 860 4559 937 4629; x_wconf 79' lang='lat' dir='ltr'>Orig.</span> <span class='ocrx_word' id='word_1_304' title='bbox 954 4559 1070 4615; x_wconf 82' lang='lat' dir='ltr'>llxhort.</span> <span class='ocrx_word' id='word_1_305' title='bbox 1096 4557 1134 4613; x_wconf 87' lang='lat' dir='ltr'>ad</span> <span class='ocrx_word' id='word_1_306' title='bbox 1151 4560 1232 4612; x_wconf 88' lang='lat' dir='ltr'>mart.</span> 
     </span>
     <span class='ocr_line' id='line_1_34' title="bbox 55 4650 743 4725; baseline -0.013 -16"><span class='ocrx_word' id='word_1_307' title='bbox 55 4655 184 4725; x_wconf 89' lang='lat' dir='ltr'>ciperent</span> <span class='ocrx_word' id='word_1_308' title='bbox 199 4668 317 4720; x_wconf 88' lang='lat' dir='ltr'>eamque</span> <span class='ocrx_word' id='word_1_309' title='bbox 330 4657 358 4707; x_wconf 86' lang='lat' dir='ltr'>et</span> <span class='ocrx_word' id='word_1_310' title='bbox 371 4650 500 4706; x_wconf 82' lang='lat' dir='ltr'>amittere</span> <span class='ocrx_word' id='word_1_311' title='bbox 517 4650 633 4718; x_wconf 85' lang='lat' dir='ltr'>possent</span> <span class='ocrx_word' id='word_1_312' title='bbox 660 4666 681 4703; x_wconf 87' lang='lat' dir='ltr'>c</span> <span class='ocrx_word' id='word_1_313' title='bbox 700 4651 743 4704; x_wconf 80' lang='lat'>41.</span> 
     </span>
    </p>
   </div>
   <div class='ocr_carea' id='block_1_8' title="bbox 959 4737 1029 4805">
    <p class='ocr_par' dir='ltr' id='par_1_9' title="bbox 959 4737 1029 4805">
     <span class='ocr_line' id='line_1_35' title="bbox 959 4737 1029 4805; baseline 0 0"><span class='ocrx_word' id='word_1_314' title='bbox 959 4737 1029 4805; x_wconf 68' lang='lat' dir='ltr'>lu*</span> 
     </span>
    </p>
   </div>
   <div class='ocr_carea' id='block_1_9' title="bbox 0 0 1427 5018">
    <p class='ocr_par' dir='ltr' id='par_1_10' title="bbox 0 0 1427 5018">
     <span class='ocr_line' id='line_1_36' title="bbox 0 0 1427 5018; baseline 0 0"><span class='ocrx_word' id='word_1_315' title='bbox 0 0 1427 5018; x_wconf 95' lang='lat' dir='ltr'> </span> 
     </span>
    </p>
   </div>
  </div>
 </body>
</html>
