2834 5018
261 108 480 160 uru'sruu'u
502 112 526 158 S.
549 107 748 161 rohten-utra
772 109 841 162 xm,
862 113 877 160 '3
915 110 985 161 XIV.
1007 112 1028 160 3.
1174 116 1233 174 331

51 288 185 371 'iugulo
210 288 313 348 sotuto
346 292 520 352 conahatur
543 291 640 352 etiam
663 312 695 351 so
728 288 922 362 excalceare,
955 291 1039 371 quod
1061 291 1150 372 prius
1173 312 1236 352 non

10 397 26 440 ἓ·
37 390 213 467 faciebat,
239 392 313 474 quia
337 413 461 476 semper
483 395 588 457 cuncti
611 393 719 456 fideles
744 392 990 468 contendebant,
1015 393 1161 476 quisnam
1184 415 1235 458 ce·

10 492 153 561 alerius
176 517 289 578 corpus
321 497 386 560 eius
415 501 579 582 tangeret3
615 498 700 562 omni
730 498 814 561 enim
836 499 919 561 bono
950 502 1081 581 propter
1108 502 1235 561 sanctos

10 612 18 637 “·
31 616 161 665 {mores
185 622 259 664 suos
289 600 343 664 ille
367 602 463 665 etiam
494 608 567 665 ante
590 603 777 684 martyrium
807 606 937 666 ornatus
966 607 1044 666 erat.
1090 603 1120 666 3.
1144 601 1235 666 Illico

10 718 141 771 :rnunc
175 705 229 769 ille
252 707 398 770 omnibus
430 708 649 771 instrumentis
672 707 938 784 circumdabatur,
972 728 1053 790 quae
1075 728 1134 790 pro
1156 722 1262 791 rogo⁶

11 815 172 895 <parata
195 815 292 874 erant.
340 810 419 875 Cum
442 834 516 876 vero
540 819 572 876 et
596 812 693 876 clavis
713 813 819 896 ipsum
841 812 972 896 affigere
986 811 1113 888 vellent,
1138 811 1235 875 dixit:

12 936 26 965 -·
54 914 159 981 Sinite
182 937 231 978 me
255 916 313 990 sic;
348 917 402 1000 qui
425 918 508 980 enim
542 918 595 981 dat
618 918 725 1001 ignem
747 918 835 1000 pati,
869 916 958 981 dabit
980 919 1012 980 et
1044 915 1111 979 sine
1132 920 1237 979 vestra

54 1040 94 1085 ex
118 1018 217 1083 clavis
241 1021 386 1083 cautione
410 1021 679 1105 imperturbatum
701 1022 734 1085 in
756 1044 838 1106 pyra
859 1042 1052 1104 permanere.

145 1122 231 1186 XIV.
256 1123 308 1186 llli
332 1146 408 1207 ergo
431 1147 495 1190 non
521 1127 618 1191 clavis
642 1125 825 1202 defixerunt,
849 1126 905 1189 sed
928 1125 1138 1208 alligaverunt
1153 1145 1234 1187 eum.

53 1228 120 1292 Hic
143 1249 217 1290 vero
240 1230 387 1293 manibus
409 1230 443 1292 in
458 1233 584 1313 tergum
606 1229 730 1293 reiectis
754 1250 790 1292 ae
811 1228 945 1304 vinctae,
970 1233 1133 1311 tamquam
1156 1227 1236 1291 aries
1250 1244 1276 1282 ιο

51 1332 192 1415 insignis
216 1354 254 1395 ex
286 1354 402 1416 magno
436 1353 533 1418 grege
562 1333 602 1396 ad
631 1332 843 1408 oblationem,
874 1332 1002 1395 victima
1033 1331 1236 1414 acceptabilis

55 1438 117 1501 deo
134 1440 333 1520 praeparata,
359 1438 482 1502 caelum
497 1438 632 1502 intuitus
648 1438 743 1502 dixit:
769 1441 909 1502 Domine
923 1439 1005 1501 deuo
1020 1442 1237 1517 omniprolene,

54 1546 150 1626 pater
182 1541 289 1606 dilecti
312 1565 349 1606 ac
380 1543 537 1608 benedicti
560 1543 618 1607 filii
651 1543 699 1607 tui
722 1542 795 1606 lesu
817 1539 950 1617 Christi,
981 1561 1038 1623 per
1068 1561 1159 1623 quem
1188 1537 1238 1602 tui

53 1646 205 1710 notitiam
229 1646 425 1729 accepimus,
458 1649 540 1711 deus
562 1647 749 1732 angelorum
772 1650 804 1710 et
826 1651 984 1709 virtutum
1008 1650 1238 1708 cluainerena

55 1760 236 1815 creaturae
268 1752 429 1834 totiusque
461 1753 584 1837 generis
607 1754 763 1816 iustorum
789 1751 822 1814 in
849 1753 1021 1832 conspectu
1049 1752 1104 1812 tuo
1127 1747 1276 1811 vivan-1⁶

52 1856 153 1928 tium3
189 1855 393 1919 aheneum
427 1857 502 1933 tibi,
538 1857 688 1941 quoniam
710 1878 760 1921 me
791 1855 852 1919 hac
875 1855 925 1919 die
947 1859 1043 1938 atque
1073 1852 1135 1917 hac
1157 1852 1237 1916 hora

55 1959 207 2042 diguatus
230 1980 279 2035 es,
310 1960 401 2023 utin
424 1983 556 2025 numero
587 1965 763 2044 martyrum
786 1959 961 2043 acciperem
983 1962 1108 2042 partem
1130 1956 1237 2022 calicis

55 2062 177 2127 Christi
191 2063 239 2125 tui
263 2065 309 2126 od
322 2071 601 2130 reerrrreetionem
625 2071 660 2129 in
675 2071 775 2129 eitum
797 2068 957 2128 aeternam
972 2063 1096 2127 animae
1119 2065 1151 2126 et
1166 2082 1236 2126 cor-

56 2169 145 2253 poris
168 2168 201 2231 in
224 2169 540 2253 incorruptione'per
562 2170 710 2254 spiritum
725 2173 886 2243 sanctum3
909 2169 992 2231 inter
1014 2187 1092 2250 quos
1114 2166 1238 2229 utinam

56 2273 213 2356 suscipiar
234 2272 328 2336 hodie
354 2295 460 2337 coram
481 2278 513 2337 te
535 2279 700 2357 tamquam
715 2273 904 2338 sacrificium
924 2272 1045 2356 pingue
1068 2275 1100 2335 et
1124 2291 1236 2353 accep·
1251 2289 1277 2326 2⁰

37 2370 135 2452 tum,
161 2377 429 2458 quemadmodum
450 2379 650 2461 praeparasti
675 2383 707 2442 et
728 2376 807 2440 mihi
823 2375 1085 2461 praemonstrasti
1108 2377 1140 2438 et
1155 2395 1238 2437 nunc
1339 2451 1342 2455 ¹

58 2480 279 2563 adimplevisti,
304 2483 398 2559 deus,
432 2483 588 2547 mendacii
617 2483 741 2547 nescius
772 2505 808 2546 ac
835 2503 938 2545 verax.
985 2481 1014 2544 3.
1040 2478 1239 2562 Quapropter

131 2669 162 2723 12
183 2669 269 2737 Apoc.
288 2670 312 2732 4,
331 2670 361 2730 8;
384 2671 422 2733 11,
445 2671 492 2733 17;
514 2671 553 2734 15,
576 2672 607 2733 3;
629 2671 668 2734 16,
688 2673 721 2732 7;
740 2671 781 2732 21,
800 2669 841 2722 22.
861 2700 896 2708 -
916 2670 949 2722 14
966 2668 1011 2721 Ps.
1031 2668 1072 2730 58,
1092 2668 1123 2728 3;
1141 2665 1239 2720 Iudith

55 2756 81 2813 9.
102 2758 142 2809 12.
164 2757 203 2809 14.
222 2787 256 2794 -
277 2757 308 2810 19
326 2756 356 2809 Ιο
365 2773 429 2809 ann.
448 2758 472 2818 5,
492 2757 534 2810 29.

58 2928 89 2986 ἐν
107 2933 196 3000 πωλῇ
224 2931 354 3001 προκοπῇ
373 2970 400 2983 ..
419 2942 467 3000 τῆς
491 2930 563 2988 κατὰ
588 2935 637 3000 τὴν
648 2936 651 2991 1
664 2929 741 2983 colb.
752 2929 776 2992 2,
787 2928 810 2982 7.
826 2959 861 2967 -
876 2928 983 2998 aeacide]
998 2926 1063 2983 cal
1074 2926 1159 2981 Glem.
1169 2926 1237 2990 59,2

57 3016 169 3088 ἀγαθὴν
181 3016 350 3073 πολιτείανὸ
367 3017 551 3091 Πολύκαρπος
563 3014 637 3089 ἐγέν-
663 3016 720 3069 not.
739 3045 771 3054 —
785 3016 853 3082 θεὸς
870 3054 877 3068 .
891 3056 897 3070 .
917 3014 1071 3085 δυνάμεων]
1091 3013 1133 3067 cf.
1144 3014 1237 3068 Henn

56 3125 106 3161 ετο
124 3105 171 3173 (cf.
190 3105 244 3159 vol.
263 3105 309 3174 II).
663 3102 721 3156 Vis.
740 3102 760 3165 I,
780 3104 804 3166 3,
822 3102 847 3155 4.
870 3133 905 3141 -
922 3100 1021 3175 γένους
1039 3109 1096 3157 τῶν
1114 3101 1236 3170 δικαίων]

94 3190 118 3244 3.
137 3192 438 3268 μελλόντων-πυρᾷ]
458 3192 527 3245 Fere
537 3187 636 3242 eadem
664 3189 705 3244 cf.
727 3189 766 3252 17,
788 3191 815 3251 1;
834 3188 927 3243 Herm.
948 3188 1012 3243 Sim.
1033 3187 1079 3252 IX,
1101 3189 1140 3251 17,
1161 3190 1185 3242 5.

62 3278 91 3331 in
113 3279 191 3332 Actis
210 3278 353 3333 Theodori
380 3294 444 3331 mss.
472 3277 529 3347 legi
547 3274 638 3328 Usher
699 3277 723 3329 2.
742 3274 848 3346 εὐλογῶ
856 3276 926 3346 κτλ]
936 3274 1239 3344 SimiliterActaCarpi

60 3364 98 3416 ad
116 3363 636 3438 1111ῃά103111.-προσηλοῦήΜατ-
663 3364 696 3416 41
716 3363 809 3430 (Teate
827 3381 854 3418 u.
875 3363 979 3418 enters.
989 3363 1036 3425 III,
1047 3364 1116 3417 3-4
1128 3379 1156 3430 p.
1165 3362 1237 3432 451).

59 3453 154 3518 tyrum
187 3470 287 3506 manus
317 3468 520 3519 nonnunquam
550 3449 637 3503 clavis
664 3480 698 3490 -
724 3444 800 3522 ὥρας
826 3449 862 3519 τ.]
891 3448 932 3504 ef.
961 3450 1056 3503 Ioann
1078 3451 1117 3514 12,
1135 3449 1177 3501 27.
1205 3479 1240 3489 -

59 3540 220 3607 perforatas
240 3538 366 3609 etlignis
381 3540 562 3599 affixaeesse,
581 3553 638 3591 non
663 3536 798 3611 ποτηρίῳ]
826 3536 867 3590 Cf.
886 3535 989 3591 Matth
1008 3537 1049 3600 20,
1068 3537 1110 3590 22.
1129 3535 1178 3597 23;
1196 3535 1238 3598 26,

59 3630 151 3680 solum
181 3643 215 3680 ex
244 3627 360 3681 vocibus
397 3626 430 3684 οὐ
461 3629 637 3696 maerores,
664 3624 711 3687 39;
739 3622 823 3676 Marc.
844 3624 883 3687 10,
902 3622 943 3676 38.
964 3623 1005 3678 39.
1034 3654 1069 3663 -
1095 3634 1185 3696 ψυχῆς
1209 3641 1240 3678 τε

58 3714 234 3786 προσέδησαν
261 3713 290 3770 δέ
315 3715 395 3775 14,1
423 3714 560 3783 apparet,
588 3711 639 3766 sed
663 3715 710 3767 καὶ
726 3708 867 3780 σώματος]
887 3710 964 3764 Haec
982 3711 1069 3765 verba
1087 3727 1150 3764 cum
1168 3713 1240 3781 ζωῆς

58 3801 147 3854 etiam
166 3817 200 3854 ex
209 3801 288 3855 Actis
299 3799 391 3855 Pionii
410 3814 432 3853 c.
443 3801 476 3854 21
497 3798 636 3867 (Ruinam,
664 3796 777 3853 αἰωνίου
794 3795 991 3867 coniungenda
1008 3800 1081 3851 aunt.
1102 3827 1135 3837 -
1154 3799 1240 3874 θυσίᾳ

59 3889 132 3942 Acta
145 3889 187 3942 ed.
201 3888 337 3952 Galural,
348 3887 418 3951 346),
437 3885 524 3955 Carpi
533 3886 637 3942 37-38
664 3885 703 3953 ra]
727 3884 768 3939 of.
781 3882 825 3936 Pe.
844 3882 883 3944 19,
895 3882 921 3935 4.
940 3913 974 3923 -
991 3883 1239 3958 προεφανέρωσας]

58 3976 153 4043 (Teate
171 3993 198 4029 u.
222 3976 325 4031 Uetere.
336 3972 499 4042 Ilua-41).
511 3972 574 4042 450)
584 3975 636 4027 etc.
664 3971 790 4041 Respicit
817 3969 854 4022 ad
880 3970 912 4033 5,
935 3970 963 4031 2;
994 3968 1033 4034 12,
1053 3971 1076 4026 3.

94 4061 167 4125 XIV,
190 4064 211 4117 l.
230 4063 308 4135 κριὸς
326 4060 380 4131 dra]
395 4059 436 4114 Cf.
448 4060 529 4115 Mara
544 4060 635 4131 ignat
731 4087 732 4091 ¹
