2834 5018
180 314 221 377 74
666 307 863 363 BARNABAE

180 488 273 570 ῥῆμα,
297 487 314 549 δ
337 486 391 549 ἐὰν
407 484 600 562 ἐξελεύσεται
617 484 650 562 ἐξ
665 485 751 568 ὑμῶν
774 485 825 548 διὰ
842 494 896 548 τοῦ
921 484 1074 567 στὸματος
1089 483 1174 567 ὑμῶν
1200 484 1232 546 ἐν
1255 483 1355 546 πίστει

179 593 232 654 καί
249 591 365 675 ἀγάπῃ,
389 591 476 654 ἔσται
492 590 534 664 εἰς
550 590 738 671 ἐπιστροφήν
753 590 807 651 καλ
824 587 935 651 ἐλπίδα
955 586 1093 663 πολλοῖς.
1139 592 1169 654 9.
1193 589 1246 650 καλ
1262 587 1355 650 πάλιν

180 697 282 779 ἕτερος
305 695 464 779 προφήτης
488 692 588 778 λέγει·
622 693 693 758 Καὶ
715 695 760 778 ήν
782 696 803 777 ή
827 700 869 778 γή
893 699 952 758 τοῦ
975 693 1102 776 Ἰακὼβ
1125 693 1355 775 ἐπαινουμένη

179 800 273 886 παρὰ
296 806 414 865 πᾶσαν
443 801 506 884 τήν
534 804 606 882 γῆν.
653 806 744 860 τοῦτο
774 795 874 881 λέγει·
906 798 941 859 τὸ
965 805 1075 870 σκεῦος
1098 805 1153 858 τοῦ
1183 794 1355 878 πνεύματος

153 906 276 969 ταύτοῦ
299 905 430 984 δοξάζει.
479 907 528 970 10.
554 900 620 965 εἶτα
642 902 671 965 τί
687 901 785 985 λέγει,
820 901 891 965 Καὶ
919 903 964 986 ήν
993 899 1145 980 ποταμὸς
1175 897 1287 963 ἕλκων
1320 901 1355 963 ἐκ

181 1008 313 1090 δεξιῶν,
336 1009 393 1073 καὶ
408 1010 589 1093 ἀνέβαινεν
612 1006 649 1088 ἐξ
665 1011 769 1072 αὐτοῦ
786 1006 909 1091 δένδρα
926 1010 1047 1091 ὡραῖα·
1072 1005 1129 1068 καὶ
1145 1007 1181 1084 ὃς
1204 1005 1249 1067 ἀν
1265 1006 1355 1090 φάγῃ

180 1112 217 1193 ἐξ
240 1116 364 1191 αὐτῶν,
398 1112 534 1197 ζήσεται
557 1113 604 1191 εἰς
626 1112 687 1175 τὸν
714 1113 832 1175 αἰῶνα.
881 1114 931 1176 11.
955 1120 1046 1172 τοῦτο
1070 1108 1170 1192 λέγει,
1200 1111 1246 1172 δτι
1269 1109 1355 1193 ἡμεῖς

180 1219 236 1301 μὲν
259 1215 487 1301 καταβαίνομεν
510 1215 552 1291 εἰς
575 1217 611 1278 τὸ
634 1214 717 1297 ὕδωρ
739 1215 885 1299 γέμοντες
910 1215 1066 1298 ἁμαρτιῶν
1088 1219 1142 1279 καὶ
1166 1216 1279 1298 ῥύπου,
1303 1219 1355 1279 καὶ

182 1321 389 1408 ἀναβαίνομεν
411 1329 681 1403 καρποφοροῦντες
704 1318 736 1384 ἐν
759 1329 797 1403 τή
820 1319 932 1404 καρδίᾳ
955 1322 1008 1383 τὸν
1032 1319 1129 1404 φόβον
1151 1321 1205 1382 καί
1230 1322 1286 1402 τήν
1302 1320 1353 1383 ἐλ-

142 1446 167 1482 10
180 1427 255 1490 πίδα
278 1427 321 1501 εἰς
343 1430 396 1491 τὸν
420 1423 542 1511 Ἰησοῦν
565 1423 598 1488 ἐν
621 1432 665 1507 τῷ
688 1424 837 1508 πνεύματι
861 1426 995 1507 ἔχοντες.
1041 1423 1112 1488 Καὶ
1137 1428 1173 1504 ὃς
1196 1426 1241 1488 ἀν
1264 1427 1355 1510 φάγῃ

179 1534 248 1597 ἀπὸ
272 1536 413 1612 τούτων,
438 1532 574 1616 ζήσεται
597 1532 643 1611 εἰς
666 1530 727 1594 τὸν
751 1532 871 1609 αλῶνα,
895 1539 986 1593 τοῦτο
1002 1527 1105 1612 λέγει·
1130 1530 1162 1604 ὃς
1179 1530 1227 1608 ἀν,
1252 1528 1354 1613 φησίν,

179 1637 300 1720 ἀκούσῃ
323 1636 440 1700 τούτων
463 1634 664 1717 λαλουμένων
687 1636 741 1697 καὶ
764 1634 924 1718 πιστεύσῃ,
948 1633 1078 1718 ζήσεται
1101 1634 1143 1708 εἰς
1167 1635 1219 1696 τὸν
1244 1633 1351 1697 αἰῶνα.

266 1744 336 1809 XII.
362 1740 496 1825 Ὁμοίως
528 1740 621 1803 πάλιν
644 1741 712 1822 περὶ
744 1749 798 1803 τού
822 1749 956 1822 σταυροῦ
987 1738 1080 1821 ὁρίζει
1114 1738 1146 1802 έν
1170 1737 1258 1821 ἀλλῳ
1282 1758 1354 1819 προ·

179 1848 261 1932 τρήτῃ
284 1846 423 1932 λέγοντι·
448 1845 519 1910 Καὶ
542 1847 626 1910 πότε
649 1853 755 1910 ταῦτα
771 1844 1098 1930 σνντελεσθήσεται;
1120 1843 1209 1927 λέγει
1224 1847 1353 1928 κύριος’

142 1973 167 2011 1ο
180 1953 287 2018 Ὅταν
310 1952 414 2034 ξύλον
429 1950 534 2037 κλιθῇ
556 1951 612 2014 καὶ
628 1951 769 2036 ἀναστῇ,
793 1952 849 2014 καὶ
866 1951 1001 2015 ὅτανέκ
1019 1947 1123 2028 ξύλου
1139 1948 1222 2028 αἷμα
1239 1945 1352 2032 στάξῃ.

178 2059 259 2139 ἔχεις
288 2056 382 2120 πάλιν
411 2057 479 2138 περὶ
507 2064 561 2119 τού
590 2063 723 2136 σταυροῦ
753 2057 807 2117 καί
839 2065 894 2117 τοῦ
928 2057 1142 2136 σταυροῦσδαι
1175 2052 1352 2137 μέλλοντος.

179 2166 208 2229 2.
233 2161 317 2244 λέγει
340 2162 374 2224 δέ
396 2159 490 2224 πάλιν
513 2167 556 2241 τῷ
573 2158 703 2243 Μωύοῃ,
729 2157 963 2243 πολεμουμένου
986 2168 1040 2221 τοῦ
1058 2157 1269 2240 Ἰσραήλγύπδ
1293 2167 1352 2222 τῶν

179 2265 377 2348 ἀλλοφύλων,
401 2267 453 2327 καὶ
476 2265 528 2328 ἵνα
551 2264 714 2348 ὑπομνήσῃ
737 2266 849 2339 αὐτοὺς
872 2262 1131 2347 πολεμουμένους,
1156 2265 1202 2326 ὅτι
1225 2264 1277 2327 δεδι
1301 2267 1353 2339 τὰς

179 2369 330 2454 ἁμαρτίας
353 2370 455 2432 αὐτῶν
478 2367 701 2452 παρεδόθησαν
725 2367 768 2442 εἰς
791 2368 949 2433 δάνατον·
973 2366 1056 2451 λέγει
1081 2368 1123 2442 εἰς
1146 2370 1201 2449 τήν
1224 2368 1352 2450 καρδίαν

140 2493 166 2531 τι
181 2473 340 2549 Μωϋοέιος
362 2475 397 2536 τδ
420 2482 551 2556 πνεῦμα,
574 2473 626 2536 ἵνα
648 2472 763 2556 ποιήσῃ
786 2471 882 2535 τύπον
906 2483 1040 2553 σταυροῦ
1069 2475 1121 2534 καὶ
1145 2482 1199 2535 τοῦ
1223 2470 1354 2555 μέλλον-

180 2600 232 2654 τος
247 2579 389 2661 πάσχειν,
406 2580 462 2658 ὅτι,
487 2577 540 2641 ἐὰν
564 2577 616 2661 μή,
634 2577 736 2661 φησίν,
760 2576 928 2639 ἐλπίσωσιν
945 2577 991 2639 ἐπ’
1009 2578 1104 2659 αύτῷ,
1129 2577 1171 2652 εἰς
1187 2577 1239 2639 τὸν
1257 2577 1354 2640 αἰῶνα

179 2682 465 2767 πολεμῃθήσονται.
510 2683 634 2768 τίθήσιν
658 2680 712 2746 ούν
742 2681 878 2766 Μούσῃς
903 2683 935 2746 ἓν
959 2681 1009 2764 ἐρ’
1033 2683 1065 2746 ἓν
1089 2681 1186 2745 ὅπλον
1215 2681 1248 2745 ἐν
1272 2682 1355 2765 μέσῳ

179 2799 234 2873 τῆς
256 2798 388 2873 πυγμής,
410 2790 463 2851 καί
487 2790 616 2863 σταθεὶς
638 2787 829 2873 ὑψηλότερος
851 2787 976 2850 πάντων
993 2786 1139 2864 ἐξέτεινεν
1163 2789 1218 2862 τὰς
1241 2796 1355 2870 χεῖρας,

179 2895 232 2956 καὶ
256 2895 354 2966 οὕτως
377 2891 470 2955 πάλιν
494 2890 581 2954 ἐνίκα
605 2892 621 2954 δ
646 2891 782 2976 Ἰσραήλ.
829 2889 904 2970 εἶτα,
929 2892 1045 2956 οπύταν
1068 2891 1235 2971 καθεῖλεν,
1265 2891 1356 2955 πάλιν

141 2997 402 3063 τιέδανατούντο.
449 3001 478 3063 3.
504 2996 579 3078 πρὸς
602 2996 647 3074 τί,
677 2999 729 3060 ἵνα
752 3005 880 3080 γνῶσιν,
905 2998 951 3059 ὅτι
975 2997 1011 3059 οὐ
1033 2995 1178 3060 δύνανται
1203 2999 1355 3080 σωθῆναι,

180 3098 234 3161 ἐὰν
264 3103 305 3183 μή
338 3099 386 3164 ἐπ’
418 3102 502 3184 αύτῷ
533 3100 710 3164 ἐλπίσωσιν.
756 3106 785 3167 4.
810 3103 863 3164 καὶ
893 3099 987 3164 πάλιν
1020 3099 1052 3163 ἐν
1084 3100 1178 3184 ἑτέρῳ
1215 3101 1356 3184 προφήτῃ

251 3273 263 3324 1
285 3272 455 3343 ἐξελεύσεται
474 3274 535 3327 SH:
549 3272 650 3346 ἐξέλθῃ
661 3273 709 3328 VL
725 3275 729 3346 Ι
746 3273 810 3343 έξ>
823 3274 849 3327 Η
866 3275 869 3344 Ι
886 3276 929 3331 διά
941 3293 947 3326 ι
961 3272 991 3330 ἐκ
1011 3274 1037 3326 Η
1053 3273 1056 3341 Ι
1073 3270 1152 3343 ὑμῶν
1165 3272 1206 3326 SL
1219 3291 1225 3325 :
1239 3275 1274 3338 >
1287 3270 1337 3326 HV

178 3355 280 3417 λέστια
295 3379 300 3412 :
314 3358 411 3417 ἐστέν
426 3361 430 3431 Ι
447 3359 485 3428 εἰς
498 3361 588 3418 ικαιὸ
605 3364 608 3432 Ι
624 3361 806 3428 xaitert>V
821 3362 824 3430 Ι
841 3361 975 3430 ύδοξὰζει
992 3379 997 3412 :
1014 3357 1151 3428 δδοξιλσει
1162 3359 1188 3413 V
1205 3363 1209 3429 Ι
1224 3360 1287 3424 6Ι10
1307 3355 1356 3415 ἄιε

180 3444 229 3503 ἐὰν
246 3449 272 3501 V
288 3448 291 3517 Ι
308 3449 323 3500 7
342 3456 426 3504 τοῦτο
445 3447 553 3519 λέγει)
572 3447 590 3501 S
607 3448 610 3516 Ι
627 3448 643 3500 9
660 3450 758 3524 καρδίᾳ
770 3447 805 3516 -Ι-
818 3468 864 3504 και
883 3446 901 3500 S
924 3447 927 3512 Ι
956 3447 987 3500 10
1006 3443 1117 3519 ἔχοντες
1135 3444 1165 3501 ἐν
1184 3454 1223 3520 τῷ
1242 3467 1286 3502 τιν.
1307 3445 1332 3497 V
1353 3448 1355 3505 Ι

182 3535 213 3591 12
231 3535 371 3592 πιστεύσει
391 3534 434 3588 SV
450 3537 453 3606 Ι
472 3536 504 3587 14
522 3534 631 3607 λέγοντι
645 3553 651 3586 :
666 3540 756 3607 λεγων
774 3554 817 3590 οτι
837 3533 855 3587 S
880 3535 883 3604 Ι
912 3534 943 3588 16
961 3538 1025 3605 περὶ
1043 3542 1093 3590 τοῦ
1107 3552 1112 3584 :
1126 3531 1171 3589 ἐπὶ
1190 3533 1214 3586 V
1238 3535 1241 3604 Ι
1266 3533 1297 3587 11
1317 3540 1354 3606 τῷ

181 3622 227 3675 SH
239 3641 245 3673 :
259 3620 289 3677 ἐν
307 3631 345 3698 τῷ
356 3623 403 3676 VL
419 3624 423 3690 Ι
439 3623 472 3676 20
490 3631 612 3696 σταυροῦ
629 3627 675 3678 καὶ
685 3620 736 3674 HV
751 3641 756 3673 :
770 3621 979 3694 τουστανρουὸ
995 3621 999 3690 Ι
1016 3622 1047 3674 ‘21
1068 3623 1186 3692 φησὶν)
1201 3620 1226 3673 V
1243 3622 1246 3689 Ι
1263 3621 1297 3674 24
1310 3640 1355 3676 κα·

180 3716 274 3768 θεῖλεν
287 3729 293 3762 :
305 3710 388 3766 πάλιν
405 3732 429 3766 κ.
449 3710 473 3762 V
490 3709 493 3779 Ι
509 3711 592 3767 πάλιν
611 3714 700 3778 sec>
719 3711 759 3763 SL
775 3713 779 3779 Ι
795 3710 829 3764 26
846 3710 964 3776 πάλιν>
983 3708 1008 3762 V

215 3831 238 3885 9.
259 3832 343 3886 Glem.
362 3833 406 3887 Al.
426 3833 525 3887 Strom.
546 3833 592 3895 ΠΙ,
614 3832 653 3896 12,
673 3831 707 3886 86
726 3850 752 3902 p.
783 3831 885 3905 Ἰακὼβ
905 3835 947 3885 est
966 3846 1067 3900 corpus
1081 3829 1193 3892 Christi,
1214 3831 1247 3886 τδ
1260 3838 1357 3895 σκεῦος

180 3920 239 3974 550.
267 3949 299 3958 -
328 3919 471 3973 Barnabas
498 3919 591 3972 locum
617 3919 643 3972 S.
664 3919 754 3988 Sciip-
783 3941 807 3976 τ.
827 3918 986 3989 πνεύματος
1005 3918 1039 3970 cf.
1059 3919 1081 3979 7,
1101 3918 1124 3972 3.

180 4007 260 4060 turae
283 4022 360 4060 more
386 4023 436 4060 suo
460 4006 574 4061 liberius
600 4007 754 4075 usurpavit.
820 4007 858 4061 11.
878 4009 1082 4079 καταβαίνομεν
1096 4046 1101 4057 .
1115 4045 1119 4054 .
1132 4003 1221 4078 ἀναγλ]
1236 4005 1278 4059 cf.
1297 4004 1355 4058 Aci.

181 4093 313 4146 Hamack
326 4093 519 4160 apocryphum
536 4092 704 4146 vaticinium
716 4092 753 4145 al·
783 4096 806 4154 8,
827 4096 867 4150 38.
887 4095 933 4153 39;
953 4094 1045 4146 Herm.
1066 4092 1131 4146 Sim.
1151 4091 1196 4154 IX,
1218 4094 1257 4153 16,
1279 4094 1356 4147 1-7;

181 4181 307 4249 legatum
321 4198 381 4235 esse
393 4183 485 4249 putat.
504 4211 539 4220 —
558 4181 603 4254 γῆ]
615 4184 658 4235 esi
670 4181 754 4235 homo
768 4196 770 4201 ·
783 4180 876 4234 Consi.
898 4197 941 4249 ap.
956 4182 1001 4237 111.
1016 4181 1055 4234 17.
1074 4211 1109 4218 -
1125 4179 1226 4253 φόβον]
1247 4197 1282 4233 sc.
1298 4178 1356 4231 Dei.

180 4268 225 4322 vel
243 4285 344 4337 eorpus
363 4268 523 4330 humanum,
544 4267 579 4323 cf.
591 4268 615 4331 6,
634 4268 665 4331 9;
684 4280 718 4340 γῃ
731 4288 771 4353 τ.1
817 4266 876 4326 XII.
901 4270 922 4321 1.
941 4271 986 4323 καὶ
1005 4268 1074 4323 πότε
1085 4266 1156 4335 κτλ]
1177 4266 1306 4336 Legimus
1321 4264 1355 4319 IV
