2834 5018
372 602 574 660 amsauma
593 605 796 663 cussanus
814 607 967 665 samm.
1153 613 1256 678 mn

205 776 366 848 Polycarpi
383 777 513 848 epistula
815 783 968 839 Clementis
986 782 1116 851 epistula.

74 894 124 967 τῆς
157 884 406 970 ὑπομονῆς
441 895 549 950 τοῦτον
571 888 632 971 γὰρ
679 910 784 972 γιστος
807 888 1017 974 ὑπογραμμός.
1047 888 1095 954 01.
1120 892 1170 969 16,
1197 893 1254 968 17;

72 989 141 1072 ήμίν
162 991 217 1053 τὸν
241 990 448 1074 ὑπογραμμὸν
470 991 571 1077 ἔθηκε
593 991 631 1055 δι’
680 997 732 1072 33,
755 996 784 1060 8.

73 1093 194 1158 ἑαυτοῦ.
242 1094 426 1174 01.10,1.

114 1201 145 1277 9,
169 1202 207 1264 2:
241 1200 302 1261 οὐκ
324 1199 368 1274 είς
396 1201 487 1263 κενόν
510 1198 653 1281 ἔδραμον,
725 1206 759 1282 6,
783 1206 821 1268 2;
867 1202 916 1265 ἐπί
949 1204 1002 1267 τόν
1035 1213 1090 1286 τής
1122 1203 1255 1278 πίστεως

74 1302 143 1366 ἀλλ’
167 1303 201 1366 ἐν
224 1303 328 1367 πίστει
432 1303 474 1378 εἰς
494 1305 547 1367 τόν
570 1305 654 1386 όφει-
681 1305 805 1391 βέβαιον
820 1306 933 1391 δρόμον
944 1306 1151 1391 κατήντησαν.
1176 1311 1205 1388 5,
1219 1312 1254 1374 4;

74 1405 205 1490 λόμενον
228 1409 335 1484 αὐτοῖς
363 1407 458 1471 τόπον
482 1407 539 1471 εἰσί
569 1408 655 1490 παρὰ
681 1409 838 1497 ἐπορεύθη
880 1412 923 1487 είς
963 1414 1015 1477 τόν
1053 1411 1254 1496 ὀφειλόμενον

75 1520 116 1595 τῷ
138 1511 251 1596 κυρίῳ.
680 1513 776 1577 τόπον
797 1525 851 1598 τής
872 1514 973 1600 δόξης.
1306 1508 1313 1515 ’

161 1617 212 1683 01.
237 1619 369 1703 insuper
391 1618 499 1701 Polyc.
525 1620 555 1695 3,
579 1619 599 1681 2
623 1625 656 1684 et
678 1619 774 1684 Glem.
799 1622 850 1698 40,
879 1622 912 1696 1;
945 1623 998 1699 45,
1022 1624 1057 1698 2;
1081 1624 1132 1699 47,
1160 1624 1188 1687 1.
1212 1626 1249 1700 2;

77 1725 125 1803 53,
146 1727 178 1800 1;
204 1724 312 1801 62,3;
336 1722 371 1786 Ρ.
396 1724 464 1800 3,8
488 1728 521 1788 et
542 1721 589 1787 01.
614 1725 665 1801 49,
683 1726 718 1800 5;
742 1725 778 1789 P.
797 1727 864 1802 6,3
888 1730 920 1790 et
939 1725 985 1791 01.
1005 1729 1055 1805 17,
1074 1731 1108 1803 1;
1132 1728 1168 1792 Ρ.
1185 1730 1250 1806 9,1

78 1833 107 1892 et
128 1827 176 1893 01.
202 1829 334 1906 5.1,3;
365 1827 401 1891 Ρ.
428 1829 477 1906 10,
495 1830 562 1893 2.3
585 1833 618 1892 et
639 1826 685 1892 01.
703 1830 754 1906 38,
774 1832 808 1906 1;
839 1832 891 1906 46,
909 1831 946 1905 8;
971 1832 1022 1908 47,
1041 1833 1076 1908 7;
1107 1832 1252 1909 Ρ.11,3

79 1938 108 1997 et
129 1930 177 1997 01.
203 1934 256 2008 47,
281 1934 319 2008 2;
343 1931 378 1996 Ρ.
405 1935 455 2007 12,
482 1934 498 1994 1
523 1936 555 1996 et
578 1930 625 1996 01.
651 1935 701 2010 53,
727 1935 763 2011 1;
786 1934 822 1999 Ρ.
848 1934 898 2011 12,
923 1936 943 1998 2
967 1940 999 1999 et
1022 1934 1067 1999 01.
1089 1937 1138 2014 62,
1157 1939 1191 2015 2,
1215 1936 1250 2000 Ρ.

82 2037 164 2114 12,3
188 2035 292 2101 ο101.
311 2036 417 2112 59,4;
442 2037 492 2114 60,
510 2037 539 2100 8.
557 2038 591 2111 4;
617 2038 668 2114 61,
688 2039 769 2113 1.2;
794 2037 829 2101 Ρ.
848 2040 889 2102 14
912 2043 944 2102 et
966 2038 1012 2103 01.
1031 2041 1082 2115 63,
1099 2041 1127 2104 3.

161 2139 312 2205 Irenaeus
343 2139 514 2223 epistulam
537 2140 726 2224 scripturam
748 2141 1030 2207 luculentissimam
1053 2148 1145 2207 vocat
1167 2144 1252 2208 eius·

81 2267 137 2328 que
170 2251 395 2330 argumentum
425 2244 562 2308 exhibet.
611 2242 727 2310 Scribit
756 2245 839 2310 enim
868 2245 948 2310 Adv.
976 2246 1061 2311 haer.
1092 2246 1153 2323 III,
1179 2249 1208 2326 3,
1233 2249 1253 2312 3

81 2349 165 2431 (llus.
189 2349 232 2414 H.
249 2350 288 2414 Ε.
312 2348 351 2425 V,
368 2346 418 2430 6):
443 2344 515 2408 Ἐπί
539 2344 649 2408 τούτου
672 2347 803 2409 οὖντοῦ
826 2345 1008 2430 Κλήμεντος
1031 2347 1170 2420 στάσεως
1194 2350 1253 2411 οὐκ

80 2451 182 2536 ὀλίγης
204 2460 269 2526 τοῖς
292 2449 325 2514 ἐν
340 2448 489 2532 Κορίνδῳ
512 2447 680 2532 γενομένης
703 2447 848 2531 ἀδελφοῖς
872 2448 1047 2514 ἐπέστειλεν
1062 2449 1083 2533 ή
1098 2451 1131 2513 ἐν
1148 2450 1253 2536 Ῥὼμή

80 2553 233 2639 ἐκκλησία
257 2553 452 2637 ἱκανωτάτην
474 2555 598 2636 γραφήν
620 2562 683 2628 τοῖς
706 2551 904 2635 Κορινθίοις,
937 2555 979 2630 εἰς
1002 2554 1123 2639 εἰρήνην
1146 2556 1254 2642 συμβι-

80 2656 217 2742 βιίζουσα
247 2660 361 2735 αὐτοὺς
392 2659 446 2720 καί
470 2659 646 2721 ἀνανεοῦσοι
673 2659 727 2741 τήν
749 2657 851 2722 πίστιν
874 2661 977 2724 αὐτῶν
1007 2661 1060 2721 καὶ
1083 2659 1120 2744 ήν
1143 2663 1253 2724 νεωστί

79 2763 138 2827 ἀπὸ
153 2775 216 2828 τῶν
232 2762 418 2827 ἀποστόλων
433 2762 605 2845 παράδοσιν
622 2762 751 2845 εἰλήφει,
768 2773 1020 2831 annuntiantem
1036 2787 1135 2832 anam
1149 2771 1253 2832 Deum

78 2877 344 2954 omnipotentem,
363 2873 530 2950 factorem
551 2874 638 2935 caeli
653 2880 687 2934 el
702 2880 826 2951 terrae,
843 2874 1086 2953 plasmatorem
1100 2875 1254 2951 lerninis,

79 2982 132 3055 qai
155 2978 331 3040 induxerit
352 2978 592 3057 cataclysmum
616 2985 649 3040 e!
670 2978 880 3040 adnocacen‘e
898 2979 1075 3056 Abraham,
1098 2983 1154 3057 qut
1177 2978 1253 3040 eda·

77 3086 168 3143 ecrit
184 3082 347 3162 populum
377 3081 419 3143 de
442 3088 535 3143 terra
558 3082 710 3161 Aeaypti,
739 3083 796 3159 qui
819 3082 949 3145 locatas
977 3088 1023 3145 ait
1044 3084 1169 3162 Moysi,
1198 3087 1254 3161 qai

79 3187 182 3265 ίερειη
206 3188 411 3266 disposuerit
433 3192 467 3249 et
484 3186 667 3266 prophetae
689 3189 830 3263 miserit,
862 3191 918 3265 ραι·
941 3191 1049 3265 ipnem
1067 3205 1253 3266 praepara·

78 3296 161 3354 verit
193 3291 327 3354 diabalo
358 3299 391 3354 ec
417 3293 548 3369 capelia
581 3295 662 3352 eius
708 3291 802 3353 Hanc
824 3299 957 3371 patrem
981 3292 1115 3354 Domini
1146 3295 1255 3353 nostra?

77 3397 153 3458 lecu
179 3396 306 3460 Christi
335 3397 377 3458 ab
407 3397 558 3459 ecclesiis
589 3398 801 3472 annuntiari,
834 3413 878 3457 ec
899 3399 974 3474 ipsa
996 3400 1175 3475 scriptura,
1199 3399 1255 3473 qui

79 3501 190 3578 velint,
221 3501 352 3563 discere
380 3507 524 3581 poemat
555 3507 588 3562 et
610 3501 829 3580 apostolicam
857 3502 1018 3563 ecclesiae
1041 3500 1254 3563 traditionem

78 3606 292 3684 ἱππόκροτα
314 3625 387 3668 cam
410 3611 457 3668 ait
479 3609 640 3668 uetustior
663 3605 807 3685 epistula
828 3604 892 3682 lis,
915 3609 971 3683 aaz·
985 3622 1071 3667 nanc
1084 3604 1178 3681 salae
1195 3604 1254 3666 da·

78 3716 152 3770 cent
183 3716 217 3772 et
239 3711 383 3772 alteram
407 3711 512 3772 Deam
541 3727 643 3788 anper
665 3710 872 3786 demiarpam
895 3714 928 3769 et
946 3709 1113 3786 faetorem
1137 3709 1253 3769 lacrum

79 3817 235 3891 amnium,
258 3822 454 3893 quaesunt,
476 3812 788 3877 commentinntar¹.
833 3811 990 3875 Eusebius
1014 3810 1054 3874 H.
1073 3810 1110 3873 Ε.
1127 3809 1183 3888 Ill,
1202 3811 1253 3873 16.

80 3914 120 3978 38
143 3935 269 3998 quoque
293 3916 463 3999 epistulam
485 3917 612 4001 magnis
633 3915 781 3979 laudibus
812 3914 904 3978 effert
932 3936 1065 3998 eamque
1088 3915 1127 3978 ab
1151 3913 1252 3977 omni·

79 4016 138 4082 bus
165 4025 329 4103 receptam
360 4042 428 4084 esse
457 4025 602 4085 testatur.
650 4019 786 4102 Cyrillus
817 4017 975 4085 Hierosol.
1007 4041 1045 4083 ex
1068 4040 1105 4082 ea
1133 4018 1253 4102 allegat

80 4143 106 4186 c.
122 4122 173 4201 25,
198 4123 337 4190 Basilius
355 4127 399 4190 M.
425 4125 476 4204 58,
493 4127 523 4201 2,
548 4125 760 4207 Hieronymus
777 4123 827 4200 16,
845 4126 881 4201 2;
905 4125 957 4201 20,
975 4124 1011 4198 8;
1036 4122 1087 4199 49,
1105 4124 1134 4185 2.
1173 4123 1252 4206 Epi-

151 4298 164 4349 1
184 4294 279 4350 Facile
297 4295 448 4366 intellegis,
467 4295 496 4349 in
516 4296 560 4359 iis,
579 4310 652 4363 quae
664 4294 753 4347 latine
772 4294 884 4347 tantum
896 4294 1015 4355 exstant,
1035 4291 1182 4345 Irenaeum
1195 4291 1251 4360 epi·

81 4379 185 4434 atulam
201 4382 295 4450 magis
314 4382 529 4452 interpretatum
549 4398 610 4436 esse
628 4399 714 4450 quam
732 4396 780 4443 ea,
800 4397 873 4446 quae
891 4380 1024 4441 continet,
1043 4380 1142 4449 paucis
1160 4379 1253 4433 verbis

82 4468 218 4522 retulisse.
255 4469 456 4524 Demonstrare
475 4470 550 4523 enim
568 4470 666 4533 voluit,
686 4469 812 4522 actiones
826 4468 959 4538 singulas,
979 4485 1048 4535 quas
1062 4467 1190 4522 Gnostici
1208 4467 1253 4520 de·

83 4553 191 4624 miurgo
208 4555 361 4621 vindicant,
381 4556 411 4609 in
429 4557 552 4626 epistula
569 4557 604 4611 de
622 4557 681 4612 Deo
701 4572 757 4609 uno
775 4553 941 4622 praedicari.
