2834 5018
190 326 322 393 cxxw
631 323 914 380 Pnonneonunn.

189 502 353 567 Pastorem
376 503 458 567 inter
480 501 650 582 ἀπόκρυφοι
679 504 772 587 ponit
794 508 827 567 et
858 504 1026 586 respiciens
1050 503 1116 567 Vis.
1134 502 1188 580 IV,
1212 504 1242 575 2,
1265 505 1286 566 4
1312 501 1364 584 (cf.

191 605 271 689 not.)
295 630 366 672 eum
389 612 556 673 stultitiae
577 611 859 673 condemnandum
881 629 957 673 esse
980 611 1093 672 censet.
1139 606 1214 671 Alio
1239 608 1366 692 quidem

189 713 259 777 loco
281 713 377 797 paulo
400 714 508 778 mitius
530 714 649 778 iudicat
672 713 991 794 (cf.Vis.III,10,3
1014 711 1111 794 not.);
1144 712 1254 777 sedin
1284 712 1367 778 libro

190 818 228 881 de
250 819 325 881 viris
348 819 526 884 illustribus
548 841 574 882 c.
603 820 652 896 10,
676 823 847 902 postquam
869 820 1051 883 testimonia
1074 818 1221 903 Origenis
1243 818 1367 883 111111-

190 924 269 987 sebii
292 925 436 1001 reddidit,
460 925 574 989 librum
592 927 682 1006 apud
702 928 842 988 Latinos
859 944 970 1007 poene
984 931 1132 1004 luceolum
1155 943 1230 988 esse
1243 923 1367 986 asserit.

190 1027 227 1091 In
243 1028 379 1092 Decreto
401 1029 536 1112 denique
552 1028 718 1093 Gelasiano
741 1028 856 1093 Pastor
879 1034 1141 1093 commemoratur
1154 1028 1238 1093 inter
1262 1031 1368 1093 libros

193 1136 410 1215 apocryphos,
434 1141 489 1214 qur·
510 1154 576 1197 raon
599 1135 836 1215 recr'pe'umur1¹

279 1236 412 1300 Prorsus
440 1241 546 1301 autem
576 1260 678 1322 neque
700 1239 732 1301 in
756 1236 926 1301 Occidente
957 1237 1039 1301 liber
1068 1237 1100 1300 in
1130 1237 1369 1301 desuetudinem

192 1341 280 1404 abiit.
326 1340 363 1404 ln
384 1342 486 1406 indice
508 1363 655 1406 versuum
672 1341 907 1424 Scripturarum
923 1340 1110 1405 Sanctarum
1134 1342 1240 1406 codice
1257 1339 1368 1404 Claro·

191 1451 342 1508 montano
366 1444 459 1526 (saec.
478 1444 537 1528 Vl)
563 1447 720 1531 apposito,
745 1447 833 1510 cuius
848 1447 938 1529 origo
962 1451 1068 1510 autem
1083 1446 1174 1510 valde
1199 1447 1295 1510 dubia
1310 1451 1367 1522 est,

191 1572 255 1612 una
277 1571 348 1613 cum
370 1549 461 1614 Actis
483 1550 576 1615 Pauli
599 1557 631 1614 et
654 1551 857 1615 Revelatione
885 1550 973 1614 Petri
1003 1551 1108 1615 locum
1130 1551 1163 1614 in
1195 1551 1369 1635 appendice

192 1655 314 1718 obtinet
325 1650 347 1717 ⁵.
393 1655 515 1719 Auctor
529 1655 623 1719 Vitae
646 1677 670 1718 s.
688 1655 877 1732 Genovefae,
902 1655 956 1737 qui
979 1676 1004 1718 c.
1029 1678 1099 1719 ann.
1118 1657 1181 1719 530
1204 1655 1369 1739 scripsisse

192 1759 331 1837 videtur,
365 1760 485 1844 allegat
508 1760 584 1825 Sim.
603 1760 657 1837 IX,
676 1761 716 1823 15
741 1759 794 1842 (cf.
818 1759 915 1841 not),
947 1764 978 1823 et
1007 1758 1152 1823 Sedulius
1175 1759 1285 1822 Iunior
1313 1782 1369 1823 seu

193 1862 304 1926 Scotus
338 1862 432 1945 (saec.
455 1864 553 1947 120³,
590 1864 760 1950 Origenem
790 1886 940 1948 sequens,
973 1864 1136 1928 Pastorem
1164 1871 1369 1946 scripturum

193 1971 288 2032 ualde
310 1972 427 2033 utilem
450 1979 483 2034 el
505 1973 663 2034 (111ῑηὶ11111
693 1977 892 2052 imperatum
914 1972 1016 2051 putat.
1062 1967 1157 2032 Multi
1179 1968 1297 2033 librum
1319 1969 1370 2032 rel

192 2073 366 2137 versionem
390 2073 457 2136 eius
486 2074 619 2139 latinam
641 2075 805 2159 vulgatam
836 2075 1069 2157 descripserunt
1091 2078 1123 2137 et
1151 2075 1297 2138 nonnulli
1319 2079 1368 2138 te-

193 2176 293 2239 stibus
316 2177 475 2241 codicibus
499 2178 529 2243 S.
555 2180 758 2244 Germanensi
783 2178 875 2260 (saec.
901 2177 969 2260 ΙΧ),
995 2178 1178 2247 Bodleiano,
1202 2179 1369 2243 Vindobo-

193 2280 281 2342 nensi
306 2279 391 2358 (ann.
418 2280 514 2363 1434)
538 2290 711 2367 posuerunt
733 2307 805 2348 eum
827 2284 910 2347 inter
932 2285 1004 2348 illos
1028 2284 1067 2348 V.
1092 2284 1129 2348 Τ.
1153 2284 1263 2362 libros,
1289 2306 1369 2368 quos

193 2380 397 2460 Athanasius,
415 2382 556 2463 Rufinus,
570 2386 782 2470 Hieronymus
798 2387 998 2472 apocryphos
1013 2387 1201 2466 habuerunt,
1219 2389 1370 2454 librarius

194 2486 309 2550 codicis
332 2487 518 2553 Dresdensis
542 2488 636 2572 (suec.
654 2488 727 2572 XV)
751 2491 833 2554 inter
854 2490 1000 2555 Psalmos
1023 2495 1055 2554 et
1077 2490 1249 2557 Proverbia
1276 2492 1369 2557 Salo-

193 2591 305 2653 monis.
352 2590 495 2656 Similem
516 2593 621 2658 locum
644 2595 740 2658 etiam
761 2593 874 2658 Petrus
897 2593 1060 2659 Comestor
1083 2594 1121 2678 (c.
1142 2594 1249 2677 1170),
1274 2597 1369 2662 Ioan-

193 2716 248 2758 nes
272 2693 517 2761 saresberiensis
541 2698 580 2780 (c.
600 2698 713 2778 1170),
744 2699 840 2782 Hugo
869 2700 907 2763 de
930 2697 975 2763 St.
1001 2698 1082 2764 Caro
1105 2701 1154 2764 vel
1182 2703 1220 2766 de
1244 2700 1371 2767 Vienna

194 2800 232 2882 (c.
252 2797 364 2881 1240),
395 2800 528 2866 loannes
561 2802 725 2868 Ianuensis
756 2804 794 2886 (c.
821 2802 917 2886 1280)
947 2804 976 2867 ei
1005 2804 1219 2870 attribuerunt
1228 2805 1249 2868 ⁴.
1303 2807 1371 2871 Alii

192 2905 288 2968 medii
318 2905 387 2969 aevi
417 2907 586 2990 scriptores
609 2907 747 2972 Hermae
775 2908 963 2972 sententiam
996 2910 1034 2971 de
1063 2910 1194 2973 muliere
1225 2911 1372 2976 adultera

195 3008 313 3089 (Mand.
331 3010 386 3087 IV,
405 3013 433 3088 1,
450 3013 567 3090 4—10,
592 3013 632 3077 cf.
657 3011 737 3094 not.)
761 3017 955 3097 receperunt.

761 3185 802 3250 ΙΙ.

283 3320 332 3384 De
354 3325 552 3407 tempore,
576 3346 639 3407 quo
662 3324 778 3388 Pastor
796 3324 958 3388 confectus
981 3329 1044 3400 est,
1069 3325 1148 3388 duae
1172 3329 1247 3388 sunt
1269 3326 1370 3389 tradi-

194 3424 305 3489 tiones.
354 3424 531 3492 Orientales
555 3427 706 3491 Hermam
729 3428 937 3513 apostolicum
961 3433 1121 3493 auctorem
1143 3429 1280 3506 habent,
1307 3429 1370 3494 Oc-

195 3528 367 3593 cidentales
395 3530 445 3594 Pii
468 3531 482 3594 Ι
505 3533 645 3616 episcopi
668 3531 866 3614 (140-154)
901 3533 1040 3597 fratrem.
1087 3533 1171 3597 Huic
1201 3534 1234 3597 in
1267 3533 1370 3618 Frag-

195 3638 301 3698 mento
325 3633 540 3699 Muratoriano
563 3636 679 3698 librum
702 3635 833 3699 attribui
854 3636 918 3699 iam
940 3636 1083 3700 vidimus.
1129 3636 1274 3701 Eundem
1295 3660 1370 3702 auc-

195 3741 296 3803 torem
327 3740 454 3823 putavit
487 3740 700 3824 Hippolytus,
741 3762 757 3804 e
792 3740 880 3803 cuius
913 3737 1068 3804 Chronico
1103 3741 1270 3825 desumpta
1304 3763 1372 3805 esse

267 3927 280 3980 1
300 3926 435 3989 Harduin,
454 3928 528 3981 Acte.
541 3926 639 3980 concil.
652 3925 686 3988 11,
700 3927 759 3980 941.
797 3925 885 3988 Thiel,
899 3923 989 3993 Epist.
1002 3924 1081 3979 Rom.
1093 3930 1172 3995 pont.
1188 3927 1255 3981 1868
1267 3944 1294 3995 p.
1310 3927 1371 3980 463.

265 4014 282 4066 ‘2
300 4012 384 4079 Zahn,
404 4014 557 4070 Gustata
574 4016 619 4069 des
635 4021 743 4069 uerctest.
764 4014 879 4068 Kaudos
896 4012 929 4076 ΙΙ,
950 4013 1093 4067 157-162.

267 4100 283 4152 3
302 4101 454 4156 collectan.
474 4100 511 4154 ad
528 4101 608 4154 Rom.
629 4103 668 4165 16,
688 4103 728 4155 14.
764 4101 867 4171 Migne.
887 4101 931 4154 PL
952 4099 1008 4163 103,
1030 4101 1086 4154 124.

266 4188 473 4242 4Testim0nia
500 4188 707 4258 exscripserunt
726 4188 864 4250 Credner‚
893 4189 1046 4242 Gcscbicbtc
1063 4187 1108 4241 des
1124 4193 1233 4241 assuat.
1255 4187 1373 4242 Kanum

199 4275 267 4330 1860
283 4292 310 4344 p.
330 4277 481 4339 312-3163
501 4275 640 4340 Hamaclc
658 4276 815 4345 Prolegom.
833 4294 860 4345 p.
879 4276 968 4330 LXIX
987 4292 1028 4342 sq.
