2834 5018
179 345 243 411 278
600 343 741 399 IGNATII
759 345 937 401 EPISTULA

179 519 273 583 νοίτου
302 520 554 604 κατεφρόνησαν,
587 520 768 606 ηὑρέθησαν
800 522 834 585 δέ
863 522 940 605 ὑπὲρ
968 524 1117 589 θάνατον.
1165 529 1195 592 3.
1219 528 1299 609 μετὰ
1323 526 1358 590 δὲ

177 628 233 708 τὴν
249 624 419 688 ἀνάστασιν
444 624 617 708 συνέφαγεν
634 626 738 700 αὐτοῖς
760 627 813 688 καί
837 625 978 690 συνέπιεν
1001 627 1043 703 ὡς
1059 629 1218 711 σαρκικδς,
1243 630 1357 713 καίπερ

177 737 393 812 πνευματικῶς
415 729 572 813 ἡνωμένος
594 737 638 813 τῷ
661 729 762 812 πατρί.

264 836 319 900 IV.
346 833 454 898 Ταῦτα
476 837 510 900 δὲ
533 845 674 918 παραινῶ
697 835 785 919 ὑμῖν,
810 836 975 920 ἀγαπητοί,
1000 836 1099 916 εἰδώς,
1123 839 1170 901 ὅτι
1192 841 1246 902 καί
1271 841 1357 924 ὑμεῖς

151 941 276 1014 υοῦτως
299 940 397 1022 ἔχετε.
444 939 658 1022 προφυλάσσω
681 941 715 1003 δέ
735 940 814 1023 ὑμᾶς
837 941 900 1002 ἀπὸ
922 948 984 1003 τῶν
1002 941 1121 1025 θηρίων
1143 951 1206 1005 τῶν
1231 945 1357 1027 ἀνθρω-

177 1044 358 1128 πομδρφων,
383 1045 436 1119 οὓς
459 1045 495 1107 οὐ
517 1045 611 1127 μόνον
634 1045 680 1108 δεῖ
703 1044 783 1128 ὑμᾶς
805 1047 846 1128 μὴ
870 1045 1128 1129 παραδέχεσθαι,
1158 1045 1231 1110 ἀλλ’
1255 1048 1283 1111 εἰ
1305 1049 1357 1112 δυ-

177 1150 270 1212 νατὸν
293 1149 371 1232 μηδὲ
399 1158 570 1228 συναντᾶν,
604 1148 698 1232 μόνον
723 1149 758 1212 δὲ
780 1149 1016 1233 προσεύχεσθαι
1043 1151 1121 1233 ὑπὲρ
1144 1153 1267 1230 αὐτῶν,
1302 1153 1357 1216 ὲσὶν

176 1274 242 1328 πως
265 1252 508 1335 μετανοήσωσιν,
533 1255 609 1335 ὅπερ
632 1251 794 1318 δύσκολον.
841 1252 952 1317 τούτου
979 1255 1014 1317 δὲ
1036 1255 1101 1337 ἔχει
1124 1253 1267 1331 ἐξουσίαν
1292 1256 1355 1342 Ἰη-

177 1366 250 1431 σοῦς
273 1355 417 1439 Χριστός,
440 1359 476 1420 τδ
492 1357 645 1443 ἀληθινὸν
668 1358 756 1441 ἡμῶν
773 1358 839 1442 ζην.
886 1363 915 1424 2.
941 1359 968 1422 εἰ
988 1361 1049 1443 γὰρ
1072 1361 1107 1422 τὸ
1130 1360 1234 1423 δοκεῖν
1257 1373 1356 1426 ταῦτα

136 1485 162 1522 ro
176 1460 324 1545 έπροέχθη
354 1461 413 1524 ὑπὸ
436 1471 491 1525 τοῦ
520 1463 628 1546 κυρίου
650 1461 753 1546 ημῶν,
788 1464 877 1546 κάγὼ
900 1465 936 1525 τὸ
958 1464 1061 1527 δοκεῖν
1090 1463 1226 1547 δέδεμαι.
1273 1466 1356 1530 τίδὲ

176 1567 229 1628 καί
252 1565 363 1629 ἑαυτὸν
387 1566 514 1629 ἔκδοτον
530 1567 655 1630 δέδωκα
676 1575 721 1650 τῷ
738 1569 879 1652 θανάτῳ,
902 1570 978 1650 πρὸς
993 1579 1063 1651 πῦρ,
1087 1570 1163 1650 πρὸς
1185 1570 1354 1653 μάχαιραν,

175 1674 251 1755 πρὸς
274 1672 385 1757 θηρίοις
409 1671 481 1735 ἀλλ’
505 1672 597 1757 ἐγγὺς
621 1673 775 1756 μαχαίρας
798 1672 890 1756 ἐγγὺς
914 1675 1001 1751 θεοῦ,
1027 1671 1142 1756 μεταξὺ
1158 1674 1281 1758 θηρίων
1304 1695 1354 1758 με·

174 1775 250 1853 ταξὺ
274 1779 368 1842 θεοῦ·
403 1776 497 1860 μόνον
527 1776 626 1860 ἐντῷ
659 1777 785 1860 δνδματι
818 1775 922 1861 Ἰησοῦ
955 1775 1101 1858 Χριστοῦ.
1148 1777 1191 1852 εἰς
1215 1780 1251 1840 τὸ
1277 1801 1353 1861 συμ-

173 1886 290 1948 παθεῖν
314 1883 398 1965 αὐτῷ
422 1882 524 1944 πάντα
539 1881 694 1964 ὑπομένω,
719 1883 814 1945 αὐτοῦ
838 1901 876 1965 με
896 1880 1137 1964 ἐνδυναμοῦντος
1161 1890 1216 1944 τοῦ
1233 1881 1353 1945 τελείου

139 2004 164 2042 1⁵
179 1984 350 2068 ἀνθρώπου
371 1985 550 2070 γενομένου.

261 2091 300 2155 V.
325 2089 385 2157 ’Όν
407 2111 487 2165 τινες
503 2091 687 2175 ἀγνοοῦντες
703 2091 877 2172 ἀρνοῦνται,
901 2089 1021 2172 μᾶλλον
1044 2089 1078 2152 δέ
1093 2089 1280 2174 ἠρνήθησαν
1303 2090 1353 2154 ὑπ’

173 2196 279 2272 αὐτοῦ,
303 2197 389 2269 ὄντες
413 2193 578 2278 συνήγοροι
602 2203 657 2256 τοῦ
681 2194 823 2260 θανάτου
840 2193 962 2277 μᾶλλον
984 2195 1006 2277 η
1027 2204 1082 2278 τῆς
1105 2193 1278 2278 ἀληθείας·
1302 2198 1352 2271 οὓς

173 2300 232 2362 οὐκ
254 2299 380 2360 ἔπεισαν
404 2298 436 2360 αἱ
451 2307 635 2382 προφητεῖαι
659 2298 732 2361 οὐδὲ
755 2298 771 2360 δ
795 2298 888 2382 νδρος
906 2297 1055 2378 Μωσέως,
1081 2297 1151 2361 ἀλλ’
1168 2300 1241 2363 οὐδὲ
1265 2299 1351 2383 μέχρι

172 2410 226 2466 νῦν
253 2402 288 2464 τὸ
317 2401 498 2486 εὐαγγέλιον
531 2402 603 2465 οὐδὲ
632 2404 671 2464 τὰ
693 2400 828 2486 ἡμέτερα
857 2412 919 2466 τῶν
941 2401 1013 2465 κατ’
1040 2404 1137 2485 ἄνδρα
1166 2403 1351 2488 παθήματα.

243 2538 259 2590 2
277 2538 428 2598 ἀνάστασιν
446 2540 517 2595 GLA
530 2559 536 2592 ι
551 2542 580 2605 -Ι-
596 2544 642 2597 xci
663 2539 793 2594 CTheod
809 2543 850 2611 (g)
875 2543 880 2610 Ι
904 2541 948 2607 617
968 2542 1088 2598 δυνατὸν
1106 2540 1229 2595 LStud:
1248 2542 1284 2611 -1-
1296 2540 1352 2600 ἐστι

173 2628 217 2696 Gt
243 2630 416 2684 Ἱσυναντᾶν
435 2627 541 2681 GStud
559 2647 565 2680 :
585 2630 619 2694 -1-
637 2627 732 2695 αὐτοῖς
751 2629 820 2682 Luc
840 2628 947 2699 Lighti'.
973 2632 976 2697 Ι
1001 2630 1209 2702 προσεύχεσθαι
1228 2630 1301 2686 GLA
1316 2648 1352 2700 g:

170 2719 267 2786 -χεσθε
286 2714 350 2768 CSf
366 2713 472 2783 Lightf.
489 2714 526 2783 19
545 2715 578 2770 τὸ
596 2718 688 2771 δοκεῖν
707 2714 804 2789 Gth‘r
825 2720 847 2770 δ.
868 2733 887 2786 g
907 2715 1024 2784 Theod!
1049 2717 1080 2771 12
1099 2713 1182 2788 ἐγγὺς
1200 2734 1235 2786 pr
1256 2716 1303 2772 GL
1318 2717 1352 2773 :i

169 2800 252 2875 ἐγγὺς
271 2801 349 2855 anc
362 2800 461 2855 Theod
480 2800 584 2871 Lightf.
602 2801 606 2871 Ι
625 2802 656 2856 15
676 2800 828 2873 γενομένου
847 2802 893 2856 GL
909 2805 964 2868 z>
978 2802 998 2856 G
1011 2801 1109 2857 Thcod
1129 2803 1237 2872 Lightf.

170 2908 258 2962 verba
277 2910 371 2961 autem
390 2906 502 2960 diversa
520 2906 615 2959 habet.
652 2906 747 2959 Verba
774 2905 868 2969 dicat,
897 2908 970 2960 unde
989 2906 1116 2977 Ignatius
1135 2906 1186 2961 iila
1203 2908 1292 2962 verba
1310 2925 1352 2962 ac-

169 2992 221 3052 or’ne
238 2993 293 3062 εἰμὶ
311 2995 455 3064 δαιμόνιον
480 2992 631 3062 ἀσώματον
649 2993 685 3046 ab
704 2994 747 3063 lg·
775 2994 899 3062 ceperit,
932 2996 961 3046 et
987 2994 1174 3061 Hieronymus
1204 2994 1352 3049 Barnabae

170 3080 251 3135 natio
263 3082 377 3150 prolata
389 3082 556 3151 legebantur
569 3080 599 3133 in
610 3079 748 3134 Doctrina
775 3080 881 3135 dictum
892 3083 926 3150 (5,
938 3081 966 3149 9)
984 3079 1095 3149 ignatio
1106 3079 1255 3144 attribuat,
1274 3081 1353 3136 testi-

170 3167 255 3232 Petri,
274 3168 323 3220 ubi
342 3169 466 3223 testante
476 3167 598 3238 Origene
617 3166 659 3220 De
672 3167 747 3235 prin-
774 3166 884 3231 monio,
914 3167 991 3234 quod
1011 3168 1045 3221 de
1071 3166 1125 3221 hoc
1151 3167 1215 3222 loco
1234 3170 1352 3237 profert,

171 3255 224 3325 cip.
243 3254 332 3323 praef.
352 3255 368 3309 8
387 3256 440 3324 (ed.
460 3255 563 3309 Bened.
584 3253 603 3317 Ι,
623 3254 669 3322 49)
693 3252 746 3306 sal·
774 3270 830 3307 non
849 3253 937 3307 omnis
956 3253 1026 3307 fides
1050 3254 1183 3308 habenda
1202 3257 1252 3309 est.
1291 3255 1353 3310 Non

169 3346 252 3396 vator
270 3342 306 3394 ad
325 3340 477 3409 discipulos
497 3340 578 3394 dicit:
604 3337 667 3392 Non
686 3357 747 3393 sum
774 3340 871 3407 liquet,
893 3357 974 3407 equo
984 3341 1064 3394 fonte
1073 3340 1203 3411 Ignatius
1217 3342 1353 3405 hauserit,

170 3429 349 3484 daemonium
358 3427 562 3497 incorporeum.
598 3424 745 3480 Verbeia·
774 3427 879 3481 alibro
907 3427 1002 3494 aliquo
1029 3428 1136 3496 scripto
1165 3445 1238 3482 ane
1267 3429 1353 3483 tradi·

169 3517 307 3584 corporale
325 3516 496 3569 ἀαννιοπίυικ
508 3514 596 3567 etiam
614 3513 643 3566 in
655 3511 745 3566 Evan-
772 3514 849 3568 tione
869 3514 947 3568 orali.

170 3602 245 3672 gelio
264 3602 417 3655 secundum
434 3600 577 3654 Hebraeos
595 3599 640 3652 vel
657 3597 745 3653 Naza
807 3601 832 3654 3.
851 3601 1018 3654 Theodoret.
1037 3601 1054 3652 1.
1076 3617 1098 3653 c.

170 3705 299 3742 raeornm
317 3687 392 3742 lecta
410 3686 499 3740 fuisse
518 3686 746 3754 Hieronymusln
807 3688 852 3750 IV,
874 3692 896 3743 l.
916 3688 1053 3742 Theodor.
1081 3688 1160 3742 Stud.
1186 3689 1276 3745 Serm.
1299 3694 1352 3743 cat.

169 3773 222 3826 Ies.
241 3773 390 3828 liaxvm
409 3774 480 3843 prol.
498 3774 595 3836 tradit,
615 3774 745 3840 idemque
775 3777 831 3835 121,
851 3775 898 3830 Pe
916 3777 958 3840 99,
978 3778 1042 3837 677;
1069 3792 1171 3845 graece
1191 3778 1269 3847 apud
1284 3776 1354 3840 Cot,

171 3859 333 3922 contendit,
362 3860 452 3915 Catal.
481 3877 503 3913 c
525 3862 574 3923 16,
601 3859 745 3929 Ignatium
773 3862 888 3916 Testim.
921 3867 1049 3918 veterum
1084 3864 1292 3936 (προφυλάσσω
1322 3897 1355 3905 -

171 3946 336 4000 citationem
355 3964 389 4001 ex
412 3946 468 4001 isto
487 3946 560 4001 libro
583 3947 743 4016 protulisse.
772 3954 929 4018 συναντᾶν),
966 3952 1076 4022 Fragm.
1101 3968 1156 4018 syr.
1178 3950 1275 4006 Curet,
1296 3952 1355 4014 219,

171 4033 345 4087 Oumautem
354 4032 501 4096 Eusebius,
515 4032 744 4100 quiilludEvan-
771 4037 823 4090 259
842 4038 888 4106 (-
906 4039 1048 4110 Χριστός).
1074 4070 1110 4077 -
1136 4034 1228 4106 οὕτως
1247 4036 1298 4112 ἐχ]
1319 4057 1354 4094 sc

171 4119 292 4186 caelium,
319 4120 349 4173 in
373 4120 546 4175 bibliotheca
566 4120 744 4175 Caesariensi
771 4128 834 4196 περὶ
848 4129 980 4197 Χριστοῦ.
1000 4155 1032 4164 -
1053 4127 1161 4196 θηρίων
1173 4145 1197 4180 τ.
1212 4123 1355 4200 ἄνθρωπε]

171 4205 319 4269 servatum,
342 4205 416 4260 haud
434 4207 519 4261 dubie
538 4209 682 4276 cognitum
695 4208 744 4260 ha·
772 4209 813 4263 Cf.
834 4210 927 4264 const.
949 4229 992 4279 ap.
1013 4210 1046 4272 11,
1066 4211 1109 4264 21.
1137 4242 1173 4250 -
1200 4217 1240 4284 μη
1267 4234 1356 4286 παρα·

169 4287 249 4351 buit,
276 4290 309 4343 H.
328 4291 358 4345 n
378 4292 433 4357 ΙΙΙ,
452 4295 498 4354 36,
521 4295 551 4348 ll
580 4310 609 4347 se
635 4294 743 4348 nescire
771 4296 910 4368 δέχεσθαι]
939 4297 980 4351 cf.
1008 4296 1079 4366 Eph.
1099 4298 1115 4348 7
1123 4337 1129 4359 ‚
1151 4302 1181 4362 1;
1211 4299 1238 4354 ΙΙ
1257 4301 1356 4356 Ioann.
