2834 5018
531 663 686 725 1111111111,
700 664 724 727 8,
736 663 832 728 4-10,
852 664 874 716 l.
1225 671 1288 736 573

115 843 214 906 vitam
236 863 335 905 suam.
382 842 412 905 4.
438 839 499 916 Qui
522 844 626 904 autem
650 840 728 903 duas
750 843 857 921 partes
880 840 1002 918 virides,
1026 843 1152 907 tertiam
1168 845 1288 909 aridam

114 950 342 1030 porrexerunt,
377 945 411 1008 hi
445 949 519 1009 sunt
553 945 607 1028 qui
640 947 835 1028 negaverunt
868 945 1030 1010 dominum
1065 949 1289 1032 negationibus

115 1053 220 1115 variis.
267 1053 296 1114 5.
321 1050 416 1115 Multi
447 1050 546 1133 igitur
579 1070 618 1112 ex
631 1048 671 1111 iis
692 1048 921 1131 paenitentiam
937 1055 1070 1136 egerunt
1084 1057 1117 1117 et
1132 1053 1286 1131 abiemnt,

115 1161 151 1220 ut
174 1157 207 1220 in
229 1156 309 1219 turri
330 1155 528 1229 habitarent;
551 1153 645 1217 multi
668 1158 774 1217 autem
789 1154 821 1217 in
836 1153 931 1218 finem
954 1161 1150 1220 recesserunt
1172 1181 1190 1222 a
1213 1160 1286 1235 deo;

115 1260 150 1324 hi
174 1282 248 1345 ergo
271 1261 369 1324 vitam
391 1260 424 1323 in
446 1259 542 1323 finem
565 1259 745 1322 amiserunt.
793 1256 929 1333 Quidam
953 1262 1059 1324 autem
1081 1283 1120 1325 ex
1142 1262 1180 1326 iis
1201 1264 1315 1328 dubiis

116 1373 148 1431 et
170 1366 281 1430 incerti
313 1370 411 1429 erant.
459 1363 519 1427 His
540 1363 640 1448 igitur
660 1363 856 1446 paenitentia
879 1368 944 1440 est,
974 1364 1002 1427 si
1032 1365 1094 1429 cito
1123 1367 1288 1450 paeniten-

116 1473 194 1536 tiam
217 1474 313 1554 agent
343 1491 400 1533 nec
428 1469 659 1552 permanebunt
681 1467 714 1531 in
737 1468 955 1551 voluptatibus
986 1469 1067 1544 suis;
1102 1470 1151 1534 ain
1183 1476 1290 1538 autem

116 1576 346 1659 permanserint
368 1575 402 1637 in
425 1574 519 1637 factis
541 1573 614 1648 suis,
641 1571 727 1636 ethi
751 1577 888 1637 mortem
910 1575 970 1639 sibi
993 1575 1171 1659 adquirunt.

206 1676 243 1743 9.
268 1678 330 1755 Qui
353 1699 426 1742 vero
448 1677 557 1761 virgas
579 1682 796 1759 porrexerunt,
822 1700 956 1761 quarum
971 1680 1051 1744 duae
1071 1685 1177 1765 partes
1200 1689 1290 1747 erant

119 1786 234 1865 aridae,
257 1784 353 1848 tertia
375 1783 493 1860 viridis,
517 1781 553 1845 hi
575 1788 649 1845 aunt
673 1783 726 1866 qui
749 1782 858 1846 fideles
881 1783 1007 1866 quidem
1030 1785 1107 1848 facti
1129 1791 1211 1863 sunt,
1236 1788 1290 1851 sed
1305 1810 1329 1847 ι(

119 1890 229 1953 divites
254 1894 286 1952 et
309 1888 446 1952 celebres
470 1890 636 1951 evaserunt
658 1886 743 1969 apud
765 1891 893 1970 gentem
926 1889 1107 1970 superbiam
1141 1912 1291 2007 magnam

117 1995 220 2058 induti
243 1997 316 2057 sunt
346 2015 382 2056 ac
411 1992 561 2057 sublimia
592 1992 832 2075 spiraverunte
833 1991 1102 2076 tdereliquerunt
1125 1994 1291 2060 veritatem

117 2121 219 2183 neque
258 2098 468 2163 adhaeserunt
504 2097 595 2160 iustis
602 2096 702 2172 ,sed
738 2096 836 2160 instar
887 2097 1029 2179 gentium
1076 2099 1289 2177 convixerunt

119 2203 302 2267 ethaec
273 2226 324 2266 vra
348 2202 510 2266 dulcior''
490 2224 528 2265 ua
551 2202 638 2266 facta
661 2205 726 2276 est3
751 2224 770 2264 a
792 2202 922 2265 dect
867 2206 922 2265 aut
924 2223 973 2265 em
996 2223 1061 2266 non
1082 2208 1288 2282 recesserunt,

120 2309 173 2371 sed
206 2311 483 2391 perseveraverunt
513 2307 547 2370 in
576 2307 653 2383 fide,
688 2306 749 2369 etsi
780 2327 877 2389 opera
910 2306 984 2369 fidei
1005 2328 1069 2370 non
1091 2309 1289 2372 exercebant
1266 2312 1330 2372 tra

120 2414 148 2475 2.
174 2412 311 2476 Multi
302 2412 401 2495 igitur
435 2432 473 2474 ex
505 2411 544 2474 iis
578 2410 806 2494 paenitentiam
830 2415 979 2494 egerunt,
1011 2411 1156 2476 ethabit
1142 2413 1262 2476 tatio
1252 2413 1292 2478 iis

120 2517 254 2601 contigit
281 2517 315 2580 in
345 2516 433 2580 turri.
480 2518 510 2579 3
535 2515 601 2580 Alii
631 2515 774 2580 auum
765 2537 798 2579 m
825 2520 1015 2598 perpetuum
1044 2538 1116 2580 cum
1146 2517 1293 2601 gentibus

121 2622 319 2685 conviventes
346 2625 379 2684 et
408 2619 546 2702 corrupti
575 2620 697 2684 vanitat
683 2620 769 2684 tibus
802 2620 944 2703 gentium
974 2625 1170 2685 recesserunt
1193 2645 1212 2686 a
1234 2623 1292 2687 deo

120 2730 152 2789 et
175 2726 319 2789 fecerunt
350 2745 446 2808 opera
475 2724 627 2806 gentium.
674 2723 718 2788 Hi
750 2745 821 2787 cum
853 2725 1000 2808 gentibus
1020 2727 1179 2791 numerati
1208 2731 1291 2791 sunt.

120 2832 149 2894 4.
175 2829 240 2894 Alii
275 2833 378 2893 autem
411 2850 449 2892 cx
483 2829 522 2892 iis
555 2829 643 2893 dubii
671 2836 779 2906 erant,
810 2829 1011 2912 desperantes
1040 2853 1074 2895 se
1096 2831 1201 2895 salvos
1224 2832 1292 2896 fieri
1306 2856 1332 2895 co

119 2940 251 3018 propter
279 2933 383 3010 facta,
416 2954 497 3016 quae
527 2932 686 3008 fecerunt;
722 2931 777 2997 alii
809 2934 896 2998 dubii
928 2940 1019 2999 erant
1047 2939 1142 3018 atque
1171 2935 1293 2999 dissen-

120 3041 223 3103 siones
260 3038 342 3101 intra
372 3059 406 3102 sc
441 3038 664 3102 excitaverunt.
716 3037 775 3101 His
809 3039 922 3121 igitur,
959 3039 1014 3122 qui
1044 3044 1175 3121 propter
1208 3040 1295 3104 facta

120 3165 179 3207 sua
201 3142 288 3206 dubii
311 3145 410 3219 erant,
434 3141 538 3205 adbuc
558 3142 756 3224 paenitentia
778 3147 845 3217 est3
881 3143 936 3206 sed
969 3142 1164 3226 paenitentia
1187 3165 1295 3207 eorum

122 3248 230 3312 celeris
261 3267 328 3310 esse
363 3247 472 3322 debet,
495 3249 532 3308 ut
553 3244 710 3309 habitatio
726 3266 842 3309 eorum
864 3247 906 3309 sit
928 3246 961 3309 in
983 3246 1077 3321 turri;
1112 3247 1166 3329 qui
1188 3250 1294 3311 autem

121 3351 347 3436 paenitentiam
369 3371 433 3414 non
457 3353 598 3433 egerunt,
623 3349 677 3413 sed
699 3354 979 3433 perseveraverunt
1000 3351 1033 3414 in
1063 3349 1291 3434 voluptatibus,
1306 3379 1332 3417 sa

120 3458 159 3521 iis
182 3479 266 3520 mors
290 3477 388 3539 prope
411 3460 467 3519 cst.

211 3556 272 3625 10.
298 3559 358 3636 Qui
388 3581 462 3623 vero
491 3558 598 3642 virgas
628 3563 837 3642 porrexerunt
865 3559 996 3637 virides,
1029 3559 1194 3624 cacumina
1224 3560 1294 3644 ipsa

123 3671 228 3730 autem
250 3665 338 3729 arida
360 3669 393 3728 et
415 3665 567 3728 scissuras
590 3663 754 3740 habentia,
778 3664 813 3728 hi
835 3686 957 3748 semper
978 3663 1055 3728 boni
1077 3667 1109 3726 et
1131 3663 1239 3727 fideles
1263 3669 1295 3729 et

122 3770 252 3854 gloriosi
286 3769 371 3853 apud
402 3769 563 3832 dominum
593 3768 737 3845 fuerunt,
768 3769 932 3833 minimum
962 3772 1068 3832 autem
1096 3767 1295 3851 deliquerunt

121 3880 251 3958 propter
284 3895 398 3956 parvas
432 3873 703 3956 concupiscentias
735 3878 768 3937 et
799 3874 873 3956 quia
903 3896 1002 3957 parva
1032 3873 1114 3936 alter
1146 3873 1293 3937 adversus
1307 3903 1333 3941 ao

122 3979 257 4043 alterum
289 3978 484 4051 habuerunt;
522 3977 576 4041 sed
611 3977 725 4041 auditis
759 3979 915 4043 mandatis
951 3979 1030 4042 meis
1064 3977 1194 4061 plurimi
1232 3978 1294 4041 cito

121 4082 347 4167 paenitentiam
384 4084 515 4164 egerunt
559 4083 590 4143 ct
627 4079 856 4145 habitationem
904 4086 1091 4165 acceperunt
1133 4082 1167 4145 in
1205 4080 1293 4145 turri.

157 4377 183 4437 9,
204 4378 226 4429 1.
246 4371 352 4442 ἔνδοξοι
370 4392 398 4429 π
419 4393 442 4429 τ.
461 4368 582 4446 ἔθνεσιν]
609 4374 793 4437 cf.c..¹,vl11
814 4375 853 4428 10.

125 4461 164 4524 10,
185 4464 213 4515 1:
234 4457 340 4529 ἔνδοξιο
360 4479 388 4516 π.
402 4481 441 4535 τῳ
460 4465 579 4536 θεῷ-
595 4468 633 4534 μὴ
617 4452 708 4534 ἡ’ἐρ·
755 4463 780 4514 4.
799 4460 947 4533 σχίσματα]
967 4460 1010 4515 cf.
1028 4474 1051 4512 c
1071 4459 1295 4521 1,2,(ι1)11]ιι1)εε

122 4554 172 4619 γαζ
158 4550 268 4618 ζιόμενο
285 4549 356 4618 nrt]
376 4547 418 4601 cf.
437 4562 459 4601 c
480 4548 519 4610 10,
538 4550 571 4611 3;
595 4550 650 4603 Iac.
669 4484 907 4613 cicomariam:
950 4545 1135 4620 εἰρηνεύοντες
1167 4543 1249 4613 sict
1249 4567 1295 4604 αυ·

125 4637 156 4690 17
175 4651 235 4702 sqq
260 4635 302 4689 De
322 4634 454 4704 operibus
466 4634 531 4688 fidei
550 4634 585 4688 cf
598 4634 707 4689 Manu
705 4612 707 4665 Ι
720 4633 793 4701 τούς
