2834 5018
171 300 233 364 582
603 287 757 343 HERMAE
776 286 920 342 PASTOR

170 470 294 554 ὁμοίους
316 478 355 552 τῇ
386 465 470 550 ίδέᾳ·
500 467 553 527 καί
586 464 741 527 ἐκάλεσαν
773 463 896 547 πληθύς
920 485 948 526 τι
979 465 1123 547 ἀνδρῶν.
1175 464 1366 529 κάκείνοιδέ

171 575 200 639 οί
223 571 414 657 ἐληλυθότες
441 567 554 653 ὑψηλοί
583 566 662 652 ἦσαν
693 568 801 648 ἀνδρες
830 569 883 629 καί
913 566 1008 631 καλοί
1039 571 1101 632 καί
1138 571 1292 634 δυνατοί·
1324 570 1365 631 κά

171 676 342 742 ἐκέλευσαν
365 677 476 749 αύτούς
500 674 528 736 οἱ
551 671 584 749 ἐξ
607 672 714 754 ἄνδρες
737 672 910 754 οἰκοδομεῖν
940 672 1050 737 ἐπάνω
1076 685 1139 759 της
1169 675 1292 759 πέτρας
1315 675 1365 761 [καί

173 783 279 847 ἐπάνω
302 790 356 864 τῆς
378 778 489 864 πύλης]
513 777 629 861 πύργον
652 777 730 840 τινά.
775 774 813 860 ἦν
836 776 870 838 δέ
892 777 1032 862 θόρυβος
1057 789 1128 843 τῶν
1145 781 1280 864 ἀνδρῶν
1302 779 1366 842 ἐκέ·

146 906 234 951 υνων
257 883 354 969 μέγας
377 893 439 947 τῶν
467 881 670 966 ἐληλυθότων
693 881 866 963 οἰκοδομεῖν
897 883 950 944 τὸν
973 882 1123 967 πύργον,
1157 882 1228 949 ὧδε
1251 885 1365 948 κάκεῖσε

171 991 415 1075 περιτρεχύντων
449 986 559 1070 κύκλῳ
588 996 643 1070 της
671 985 788 1070 πύλης·
826 990 855 1052 2.
879 985 911 1048 αί
943 987 978 1049 δέ
1010 987 1181 1069 παρθένοι
1217 989 1364 1074 έστηκικα

171 1095 281 1178 κύκλῳ
305 1104 359 1176 τῆς
382 1092 481 1176 πύλης
504 1091 612 1174 ἐλεγον
636 1099 699 1165 τοῖς
714 1091 842 1172 ἀνδράσι
865 1090 1011 1154 σπεύδειν
1026 1093 1086 1154 τὸν
1111 1093 1244 1176 πύργον
1260 1093 1364 1156 οίτισδυ

173 1202 319 1284 μεῖσθαι·
343 1197 608 1260 ἐκπεπετάκεισαν
632 1195 743 1269 δὲτὰς
766 1203 871 1278 χεῖρας
893 1194 925 1256 αί
948 1194 1112 1276 παρθένοι
1138 1196 1188 1272 ὡς
1205 1195 1364 1281 μέλλουσά

173 1326 202 1367 τι
225 1301 393 1387 λαμβάνειν
416 1302 501 1380 παρὰ
524 1309 586 1362 τῶν
619 1299 749 1380 ἀνδρῶν.
795 1304 824 1366 3.
848 1298 877 1362 οί
898 1299 933 1362 δὲ
955 1298 988 1376 ἐξ
1013 1300 1132 1383 ἀνδρες
1163 1301 1366 1367 ἐκέλευονέα

136 1426 160 1463 ιο
174 1409 276 1495 βυθοῦ
299 1408 379 1480 τινδς
402 1404 512 1479 λίθους
536 1403 712 1489 ἀναβαίνειν
734 1405 787 1465 καί
811 1403 939 1486 ὑπάγειν
962 1402 1006 1477 εἰς
1030 1407 1091 1487 τὴν
1118 1406 1302 1491 οἰκοδομὴν
1321 1414 1365 1468 τού

173 1513 302 1595 πύργου.
348 1508 503 1594 ἀνέβησαν
526 1509 561 1570 δὲ
584 1507 669 1574 λίθοι
693 1507 712 1570 ι’
735 1508 922 1592 τετράγωνοι
945 1506 1101 1590 λαμπροί,
1130 1510 1215 1599 [μὴ]
1242 1511 1363 1576 λελατο-

174 1613 313 1701 μημένοι.
359 1617 388 1679 4.
413 1613 441 1676 οἱ
463 1613 498 1676 δέ
514 1611 546 1689 ἐξ
569 1612 677 1693 ἄνδρες
693 1611 827 1676 ἐκάλουν
849 1613 904 1686 τὰς
919 1610 1106 1693 παρθένους
1124 1616 1185 1679 καί
1202 1615 1366 1680 ἐκέλευσαν

174 1721 270 1795 αὐτάς
293 1721 364 1792 τοὺς
387 1717 497 1791 λίθους
520 1716 638 1791 πάντας
661 1719 732 1790 τοὺς
763 1715 933 1799 μέλλοντας
956 1716 1000 1791 είς
1023 1719 1083 1799 τὴν
1111 1720 1295 1805 οἰκοδομὴν
1321 1721 1367 1783 ύπ·

175 1825 262 1907 ἀγειν
285 1834 340 1886 τοῦ
363 1823 481 1905 πύργου
505 1821 670 1906 βαστάζειν
692 1822 746 1883 καί
769 1819 1012 1902 διαπορεύεσθαι
1036 1820 1091 1884 διὰ
1117 1833 1179 1907 της
1204 1825 1310 1911 πύλης
1323 1826 1367 1888 καί

136 1947 162 1984 υ
176 1927 344 1991 ἐπιδιδόναι
378 1935 441 2001 τοῖς
477 1924 605 2005 ἀνδράσι
638 1933 701 1997 τοῖς
737 1922 902 2007 μέλλουσιν
933 1924 1117 2008 οἰκοδομεῖν
1151 1930 1215 1992 τδν
1249 1931 1366 2013 πύργον.

176 2036 205 2099 5.
230 2033 262 2095 αί
284 2032 318 2094 δέ
350 2028 502 2111 παρθένοι
535 2030 605 2103 τοὺς
635 2027 712 2091 δέκα
735 2026 845 2102 λίθους
876 2031 947 2103 τούς
975 2028 1126 2110 πρώτους
1158 2036 1242 2108 τοὺς
1266 2033 1303 2096 ἐκ
1323 2042 1368 2096 τού

177 2137 278 2222 βυθοῦ
301 2134 476 2220 ἀναβάντας
500 2132 665 2198 ἐπετίθουν
681 2131 833 2215 ἀλλήλαις
855 2134 908 2195 καί
931 2136 1015 2196 κατά
1032 2135 1091 2196 ἕνα
1117 2134 1224 2203 λίθον
1242 2139 1367 2224 ἐβάστα·

174 2241 228 2319 ζον
251 2239 338 2322 ὁμοῦ.

261 2341 299 2409 4.
335 2342 457 2419 Καθὼς
487 2343 521 2406 δέ
555 2341 735 2426 ἐστάθησαν
767 2342 844 2425 ὁμοῦ
877 2342 985 2426 κύκλῳ
1016 2352 1072 2426 τῆς
1112 2345 1245 2433 πύλης,
1281 2352 1368 2421 ούτως

137 2468 162 2505 ιο
176 2447 347 2533 ἐβάσταζον
372 2448 403 2510 αἱ
426 2449 574 2511 δοκοῦσαι
598 2447 724 2510 δυναταί
748 2445 825 2511 είναι
847 2448 899 2509 καί
922 2447 982 2509 ὑπὸ
1011 2448 1067 2521 τὰς
1092 2451 1226 2532 γωνίας
1250 2463 1307 2517 τού
1328 2452 1368 2515 k·-

175 2556 237 2620 θου
260 2551 477 2615 ύποδεδυκυῖαι
501 2550 597 2636 ἦσαν·
629 2551 661 2614 αἱ
684 2552 719 2614 δέ
741 2550 835 2614 ἄλλαι
858 2550 979 2613 ἐκτῶν
1009 2550 1164 2634 πλευρῶν
1191 2567 1255 2621 τοῦ
1285 2557 1367 2623 λίθω

174 2655 417 2719 ὑποδεδύκεισαν
439 2657 492 2718 καί
520 2657 619 2731 ούτως
641 2655 813 2740 ἐβάσταζον
843 2655 961 2729 πάντας
983 2657 1055 2728 τοὺς
1084 2653 1232 2735 λίθους·
1271 2661 1368 2726 διὰδὲ

174 2773 228 2846 τῆς
250 2760 349 2844 πύλης
372 2759 512 2842 διέφερον
535 2759 663 2839 αὐτούς,
692 2761 803 2835 καθὼς
831 2758 1087 2842 ἐκελεύσθησαν,
1121 2765 1182 2826 καί
1210 2765 1366 2830 ἐπεδίδουν

174 2876 237 2941 τοῖς
261 2865 406 2947 ἀνδράσιν
430 2864 473 2939 είς
494 2866 547 2926 τὸν
570 2864 702 2947 πύργον·
728 2863 840 2927 ἐκεῖνοι
855 2864 890 2927 δὲ
911 2864 1036 2946 ἔχοντες
1052 2867 1130 2940 τοὺς
1155 2866 1280 2947 λίθους
1296 2871 1366 2954 sisso·

139 2985 164 3024 2⁶
177 2971 300 3053 δύμουν.
347 2973 376 3035 2.
400 2967 421 3050 ἡ
448 2968 597 3051 οἰκοδομὴ
626 2968 661 3030 δὲ
683 2978 736 3031 τού
765 2968 885 3051 πύργου
918 2966 1040 3051 ἐγένετο
1072 2966 1127 3033 ἐπί
1160 2975 1225 3057 τὴν
1262 2974 1369 3058 πέτραν

175 3078 230 3158 τὴν
264 3073 402 3158 μεγάλην
435 3074 489 3134 καί
523 3073 629 3135 ἐπάνω
662 3083 717 3155 της
750 3071 859 3156 πύλης.
905 3071 1118 3156 ἡρμόσθησαν
1146 3075 1245 3166 [οὖν]
1271 3081 1302 3143 οἱ
1323 3076 1367 3166 [z]

175 3178 261 3246 λίθοι
295 3180 406 3241 ἐκεῖνοι
442 3175 510 3260 [καί
545 3174 719 3261 ἐνέπλησαν
753 3176 829 3261 δλην
863 3178 918 3259 τὴν
952 3173 1079 3257 πέτραν.
1129 3183 1188 3245 καί
1229 3183 1368 3268 ἐγίνοντο

175 3283 303 3369 ἐκεῖνοι]
334 3281 480 3365 θεμέλιος
510 3291 565 3365 τῆς
596 3282 760 3365 οἰκοδομῆς
783 3291 837 3345 τού
869 3280 1005 3366 πύργου·
1040 3281 1123 3364 ἡδὲ
1147 3284 1258 3369 πέτρα
1280 3284 1369 3367 καὶὴ

175 3388 258 3472 πύλη
281 3386 318 3473 ἠν
343 3386 542 3472 βαστάζουσα
564 3384 638 3448 ὅλον
660 3387 713 3448 τὸν
728 3386 855 3471 πύργον.
901 3388 930 3451 θ.
955 3387 1033 3467 μετὰ
1057 3387 1092 3449 δέ
1109 3393 1189 3467 τούς
1215 3391 1240 3455 ι’
1264 3392 1367 3465 λίθους

137 3506 162 3543 ³⁰
176 3492 267 3555 άλλοι
290 3490 445 3576 ἀνέβησαν
469 3488 506 3551 ἐκ
527 3499 581 3552 του
605 3488 707 3574 βυθού
728 3490 809 3577 κ[ε’]
835 3490 936 3556 λίθοι·
965 3490 1020 3552 καί
1044 3488 1134 3556 ούτοι
1157 3493 1367 3580 ἡρμόσθησαν

247 3666 261 3719 l
280 3661 413 3720 ἐκάλεσαν
431 3664 478 3716 LA
490 3682 497 3715 ι
511 3659 656 3719 ἐκέλευσαν
675 3662 698 3716 G
721 3666 725 3731 Ι
751 3665 766 3718 3
785 3661 878 3720 ἐπάνω
897 3683 922 3718 τ.
940 3681 968 3717 π.
986 3664 1080 3729 xus>
1097 3661 1135 3716 L¹
1153 3666 1159 3736 Ι
1201 3673 1255 3725 καὶ
1272 3666 1365 3740 Ι>ΙιἸ

176 3746 218 3805 ἐπ-
239 3770 261 3804 τ.
280 3748 365 3820 πύλης
383 3749 469 3816 In>
483 3750 532 3804 (ΞΑ
558 3751 562 3812 Ι
588 3751 620 3805 ll
639 3756 677 3822 μη
698 3752 732 3804 cf.
752 3752 781 3814 5,
802 3753 832 3813 3;
854 3750 899 3814 16,
920 3751 1003 3815 7ι>
1022 3748 1108 3803 GL¹A
1135 3754 1141 3823 Ι
1166 3759 1209 3827 μη
1236 3758 1365 3820 mas>

177 3832 211 3885 ἐπ’
227 3834 231 3904 Ι
249 3835 281 3888 16
293 3834 421 3906 πρώτους
433 3855 439 3888 ι
452 3836 515 3891 a'G
532 3838 535 3906 Ι
553 3836 586 3891 17
599 3833 748 3893 ἐπετίθυυν
760 3837 841 3906 m)
854 3856 860 3888 ε
874 3834 994 3906 ἐπὴνυον
1007 3834 1038 3899 G,
1052 3838 1089 3903 >
1101 3836 1138 3891 L¹
1157 3841 1163 3911 Ι
1179 3840 1362 3916 ἀλληλιιιςίὶῘ

178 3919 211 3972 26
230 3915 279 3976 σύν
296 3921 408 3991 L¹(L²A)
421 3942 427 3975 ι
440 3926 474 3990 >
488 3923 512 3977 G
536 3923 541 3993 Ι
565 3922 584 3978 ι’
605 3923 651 3977 LA
663 3943 669 3976 :
682 3927 718 3991 >
731 3925 755 3980 G
770 3927 774 3995 Ι
791 3925 869 3991 27Ι28
885 3927 931 3980 καί
950 3953 985 3962 -
999 3921 1103 3982 ἐκεῖνοι
1117 3924 1248 4000 ΙιἈΙΙιἸ
1262 3949 1269 3984 :
1282 3935 1316 3998 >
1326 3928 1361 3983 G!

177 4004 212 4059 30
229 4006 270 4063 κε’
289 4007 310 4060 L
329 4008 365 4060 cf.
387 4011 426 4073 15,
444 4009 520 4067 4zx'
541 4011 572 4074 G,
593 4010 754 4078 quindecim
772 4014 797 4067 A

178 4159 238 4223 Dei,
249 4161 343 4229 ipsum
356 4163 582 4229 circumstantem
597 4166 632 4220 cf.
644 4183 665 4220 σ.
679 4169 717 4230 12,
728 4167 753 4222 8.
782 4167 878 4236 angeli
895 4165 1055 4236 superiores
1075 4167 1163 4224 nobis
1178 4176 1361 4228 occurrerunt

178 4244 273 4300 Etiam
293 4266 379 4318 supra
397 4252 455 4306 Vis.
475 4251 521 4313 111,
539 4253 563 4315 2,
579 4254 595 4305 5
602 4271 609 4314 ;
628 4255 653 4316 4,
672 4257 685 4309 l
706 4269 754 4306 sex
782 4253 857 4318 Quos
876 4255 991 4322 angelos
1015 4251 1086 4309 licet
1109 4258 1304 4332 archangelos
1319 4276 1359 4329 σῳ
