2834 5018
12 19 1374 312 ψ

365 638 559 697 DUODECIM
576 644 849 701 APOSTOLORUM
867 649 913 711 XI,
934 652 1026 706 7-12.
1244 662 1285 725 29

191 818 221 880 7.
256 819 301 882 Et
332 840 457 882 omnem
488 821 677 904 prophetam
708 822 891 906 loquentem
913 827 945 890 in
969 831 1081 912 spiritu
1104 854 1143 896 ne
1166 838 1287 898 tentate

102 945 206 1006 neque
230 924 416 995 discernite;
448 945 545 990 orrrne
567 927 650 990 enim
669 938 841 1009 peccalum
866 939 1069 1016 remittetur,
1097 938 1158 1002 hoc
1182 943 1286 1002 autem

104 1032 275 1112 peccatum
298 1048 364 1091 noa
388 1036 585 1092 rerru'ttelun.
633 1033 661 1094 8.
686 1030 761 1095 Νοη
784 1035 899 1111 omnis,
925 1037 979 1120 qui
1002 1039 1143 1123 loquitur
1163 1043 1196 1105 in
1220 1044 1287 1127 spi·

104 1133 176 1208 ritu,
200 1133 362 1216 propheta
386 1138 442 1207 est,
467 1133 522 1196 sed
538 1134 564 1197 si
580 1134 677 1199 habet
702 1158 805 1201 mores
821 1140 954 1215 domini3
978 1165 1017 1207 ex
1033 1146 1172 1210 moribus
1188 1148 1289 1232 igitur

106 1241 319 1320 cognoscetur
342 1238 620 1323 pseudopropheta
643 1244 675 1303 et
697 1240 864 1324 propheta.
897 1246 926 1308 9.
952 1247 995 1311 Et
1009 1249 1115 1313 nullus
1131 1252 1314 1335 propheta⁶

108 1340 281 1405 decernens
305 1363 447 1406 mensam
469 1342 501 1406 in
525 1344 639 1426 spiritu
662 1345 734 1408 edet
757 1347 797 1410 ab
831 1368 886 1423 ea,
919 1351 979 1416 nisi
1012 1354 1289 1438 pseudopropheta

62 1455 67 1462 '
108 1451 164 1509 est.
200 1447 250 1509 10.
278 1446 388 1510 Omnis
413 1452 519 1511 autem
542 1447 700 1531 propheta
723 1450 838 1515 docens
853 1454 1029 1534 veritatem,
1053 1458 1080 1520 si
1104 1481 1183 1542 quae
1200 1460 1291 1523 docet

109 1573 172 1614 non
197 1551 284 1626 facit,
309 1551 588 1634 pseudopropheta
610 1557 665 1615 est.
715 1555 764 1617 11.
799 1556 908 1621 Omnis
940 1582 1014 1625 vero
1038 1562 1195 1645 propheta
1217 1585 1289 1646 pro·

109 1657 204 1720 batus
227 1677 337 1726 verus,
369 1657 422 1739 qui
450 1657 517 1740 agit
544 1657 576 1720 in
605 1658 790 1740 mysterium
813 1664 1006 1729 mundanum
1036 1667 1202 1744 ecclesiae,
1233 1690 1291 1733 nec

110 1781 183 1823 vero
209 1760 299 1823 docet
322 1760 428 1823 omnia
451 1761 574 1844 agenda
597 1783 680 1833 esse,
705 1784 786 1845 quae
808 1764 877 1848 ipse
901 1768 983 1851 agit,
1015 1792 1078 1835 non
1100 1772 1291 1838 iudicabitur
1305 1793 1329 1831 ιο

111 1866 196 1949 apud
225 1886 297 1939 ros3
333 1886 404 1928 cum
435 1865 493 1927 deo
523 1866 605 1928 eninr
635 1864 732 1929 habet
760 1868 924 1946 iudicium;
960 1875 1068 1938 eodem
1092 1878 1175 1940 enim
1198 1879 1291 1942 modo

112 1976 244 2054 egerant
266 1976 298 2034 et
321 1975 442 2033 veteres
466 1970 650 2053 prophetae.
687 1972 736 2034 12.
762 1970 823 2047 Qui
846 1980 952 2038 autem
975 1978 1089 2042 dixerit
1111 1980 1143 2044 in
1159 1982 1289 2064 spiritu:

182 2124 321 2176 suarm.
344 2125 382 2186 12,
402 2124 443 2178 31.

121 2264 212 2313 neque
226 2263 294 2300 sero
308 2263 356 2300 eos
367 2246 545 2315 disciplinam
559 2245 704 2337 paraclesi
717 2263 739 2299 c.
752 2248 805 2316 11).
824 2250 1040 2321 interpretatur:
1060 2272 1145 2324 agens
1162 2258 1291 2324 respectu

115 2351 241 2387 severam
261 2334 352 2388 docet.
380 2333 512 2400 Plerique
523 2336 632 2387 textum
647 2351 689 2387 co·
717 2337 843 2402 mysterii
871 2340 975 2393 terreni
1004 2341 1155 2404 ecclesiae,
1183 2342 1292 2396 scilicet

116 2421 184 2474 dicis
203 2437 260 2474 non
278 2426 474 2485 mutaverunt,
500 2425 585 2478 verba
602 2432 691 2483 ποιῶν
717 2423 899 2478 matrimonio
913 2428 1064 2481 abstinens.
1096 2429 1291 2499 Krawutzclxy,

20 2520 22 2525 '
116 2541 147 2548 -
174 2508 319 2581 ἐκκλησίας
346 2511 439 2562 autern
465 2508 513 2562 alii
538 2512 621 2567 aliter
646 2504 1292 2586 exstleeologrisclreQarrrtolaclrrist1884p.5t31⁹

116 2599 282 2666 plicuerunt
324 2598 495 2665 Bryennius.
524 2599 616 2653 locum
645 2590 811 2653 oli-'locum
831 2599 865 2654 de
890 2603 1084 2668 matrimonio,
1110 2605 1196 2658 semel
1221 2604 1292 2659 inito

118 2703 228 2739 esurum
248 2702 310 2739 esse
330 2685 488 2747 affirmans,
515 2688 589 2742 hanc
606 2688 691 2743 inter-
704 2742 707 2751 ,
719 2686 763 2739 rel
782 2688 893 2751 iterato,
913 2689 1130 2759 interpretatur,
1155 2709 1218 2745 curu
1235 2708 1292 2745 ma-

116 2774 305 2842 pretationem
318 2773 395 2827 velut
410 2774 629 2842 probabiliorem
647 2792 691 2828 ex·
704 2775 707 2831 l
720 2773 882 2828 trimoniuru
900 2794 957 2829 una
976 2795 1010 2831 ex
1027 2783 1108 2847 parte
1120 2779 1292 2833 mundanum

117 2861 207 2915 hibet:
237 2861 327 2914 omnis
346 2861 486 2930 propheta
505 2878 600 2924 verax,
629 2878 691 2915 con·
705 2860 763 2937 [vel
782 2864 939 2925 terrenmn,
966 2865 1057 2919 altera
1083 2884 1115 2921 ex
1135 2870 1217 2935 parte
1236 2885 1293 2934 my·

118 2966 238 3018 gregans
265 2949 420 3018 populum,
448 2952 480 3002 ut
507 2950 533 3002 ei
561 2946 838 3015 ostendatlsterium
867 2950 1002 3004 ecclesiae
1030 2952 1074 3006 sit
1131 2953 1218 3007 Hicks
1246 2954 1292 3022 (cf.

119 3052 186 3106 opus
198 3035 391 3104 symbolicum,
405 3036 480 3103 quod
490 3037 550 3104 ipse
560 3038 694 3105 operatur
705 3020 708 3151 ἱ
721 3035 817 3089 Soliaff
833 3055 860 3105 p.
879 3038 942 3108 203)
961 3039 1099 3108 explicat:
1119 3056 1293 3111 congregans

119 3125 154 3177 ad
172 3124 395 3179 consolationem
421 3126 450 3178 et
469 3124 693 3178 exhortationem
705 3154 708 3171 ι
721 3124 862 3185 ecclesias,
882 3126 914 3177 ut
930 3127 1043 3189 revelet,
1063 3143 1136 3193 quae
1149 3129 1178 3179 in
1189 3127 1293 3180 mundo

119 3211 256 3274 fidelium,
285 3229 336 3266 nec
361 3230 427 3266 vero
446 3212 580 3281 populum
600 3212 693 3264 lacere
721 3211 817 3263 lutura
837 3215 909 3274 sunt,
928 3211 1017 3265 instar
1026 3215 1119 3283 Agapi
1138 3214 1294 3282 prophetae

119 3299 208 3359 docet,
229 3299 370 3367 quidquid
390 3301 450 3369 ipse
468 3300 550 3359 facit,
578 3316 634 3351 non
654 3297 1294 3409 iu·pperspiritumlsmemmaguamfuturam

120 3386 275 3448 dicabitun
289 3403 406 3455 eamque
425 3386 548 3440 illustrat
559 3387 607 3447 eis,
622 3402 694 3453 quac
721 3384 751 3437 in
779 3385 909 3439 universo
936 3386 1002 3439 orbe
1025 3388 1163 3440 terrarum
1191 3386 1295 3456 signifi·

121 3474 225 3528 lesaise
244 3475 369 3535 aaa-4
387 3475 456 3528 fecit
474 3475 518 3528 vel
539 3492 555 3527 a
573 3475 632 3527 Deo
653 3473 693 3524 la-
722 3473 813 3527 cantis
833 3474 905 3542 (Act.
926 3473 965 3529 11.
984 3473 1041 3539 28),
1070 3474 1114 3528 vel
1143 3477 1173 3526 ut
1189 3492 1295 3544 poenas

120 3578 181 3616 cere
200 3561 294 3616 iussus
308 3567 358 3616 est.
395 3564 527 3618 Humaclr
540 3562 694 3631 respiciens
722 3561 871 3613 denuntiet
897 3559 1018 3613 inimicis
1047 3560 1193 3623 ecelesiae,
1223 3578 1295 3628 quae

119 3648 187 3719 spa
205 3652 230 3713 5,
243 3651 285 3713 32,
305 3650 354 3703 ubi
373 3650 479 3704 Paulus
498 3652 532 3704 de
551 3649 694 3703 matrimo-
722 3646 889 3717 prophetiae
902 3647 1087 3716 magistratus
1100 3648 1183 3701 facile
1198 3648 1297 3701 contra

120 3737 166 3791 nio
185 3737 272 3790 dicit:
298 3739 331 3794 τὸ
350 3742 503 3810 μυστήριον
520 3746 605 3794 τοῦτο
622 3735 695 3808 μέγα
724 3735 898 3789 Christianos
909 3735 1212 3802 provocarepoterant.
1226 3733 1295 3786 Har-

120 3821 209 3880 ἐστίν·
230 3822 287 3896 ἐγὼ
305 3823 377 3897 λέγω
395 3823 435 3890 εἰς
452 3825 576 3897 Χριστὸν
593 3827 638 3879 καὶ
656 3822 695 3890 εἷς
723 3822 761 3874 ris
780 3824 818 3891 (p.
838 3820 952 3889 71-74)
971 3821 1124 3890 respiciens
1142 3820 1209 3872 lust.
1223 3819 1294 3873 Dial.

121 3916 168 3982 τὴν
180 3909 334 3981 ἐκκλησίαν,
348 3914 434 3978 atque
447 3915 590 3980 reputans,
607 3909 692 3962 eccle·
723 3925 746 3961 c.
764 3909 800 3961 94
821 3910 850 3961 et
869 3910 919 3962 134
937 3909 1022 3974 atque
1041 3908 1109 3961 Iron.
1130 3906 1197 3959 Adv.
1219 3905 1294 3960 haer.

120 3997 189 4050 siam
202 3997 693 4065 arcteribusnonsolumsponsam,
723 3995 770 4058 IV,
789 3996 831 4058 20,
853 3997 884 4050 12
911 3995 1003 4049 locum
1029 3995 1233 4063 interpretatur
1261 3995 1295 4047 de

121 4084 169 4138 sed
193 4085 281 4138 etiam
306 4101 418 4138 carnem
442 4088 471 4138 et
489 4087 615 4137 sanctam
636 4100 694 4136 car·
723 4083 882 4137 actionibus
909 4082 1125 4151 prophetarum,
1157 4097 1228 4147 quae
1260 4081 1296 4134 ad

121 4188 185 4224 nem
198 4171 304 4226 Christi
317 4172 456 4241 appellari
469 4170 575 4225 etinde
590 4169 694 4238 colligi,
724 4171 830 4223 statam
858 4169 941 4221 huius
964 4168 1060 4220 mundi
1086 4167 1199 4234 quidem
1219 4185 1294 4237 spec·

121 4258 245 4312 membro
259 4258 395 4312 ccclesiae
409 4256 623 4312 velutmembro
638 4273 695 4309 car·
723 4260 794 4318 taut,
822 4257 953 4324 respectu
978 4254 1112 4309 ecelesiae
1138 4257 1232 4308 autem
1251 4257 1295 4309 rel

121 4345 163 4398 nis
172 4345 280 4400 Christi
289 4345 499 4399 matrimonium
514 4344 696 4398 devitandum
725 4342 877 4412 symbolice
890 4341 1080 4412 intellegenda
1092 4344 1165 4395 sunt.
1190 4342 1298 4397 Revera

122 4448 180 4486 esse
198 4433 246 4502 (ἳ),
266 4432 398 4499 quoniam
418 4448 482 4484 cum
502 4432 613 4486 Christo
633 4448 696 4484 cou-
724 4431 766 4483 ita
790 4429 850 4483 fere
876 4430 963 4482 verba
988 4427 1107 4482 obscura
1132 4429 1299 4498 explicanda

122 4518 248 4574 iunctum
273 4520 310 4573 sit
332 4518 528 4589 (cf.lIClen1.
549 4519 594 4580 14,
616 4518 697 4578 1-4;
727 4518 799 4570 sunt.
823 4547 859 4556 -
882 4514 989 4588 ἀρχαῖοι
1013 4515 1165 4588 προφῆται]
1184 4516 1298 4585 Hilgen-

123 4606 181 4676 lgn
200 4606 296 4675 Polyc.
316 4607 340 4669 5,
360 4605 391 4668 2;
413 4605 489 4659 Tert.
526 4605 567 4658 De
585 4621 697 4673 monog.
726 4603 785 4657 feld
804 4607 832 4657 et
851 4603 984 4656 Haruaclr
1002 4608 1129 4664 censent,
1157 4604 1299 4656 auctorem
