2834 5018
1238 332 1245 341 ι
1270 328 1380 343 mutu-nan

473 639 523 692 AD
542 638 623 694 COR.
642 639 715 705 XIV,
734 638 861 703 5-Χ7Ι,
881 639 906 693 3.
1214 644 1275 709 119

104 820 292 898 linqueretur
315 825 350 882 iu
374 838 432 898 eo;
454 824 561 899 inique·
576 838 652 883 uero
668 820 979 883 exterminabuntur
1002 820 1132 882 abillo.
1178 819 1207 882 5.
1232 818 1278 883 Et

103 943 205 986 rursus
229 923 323 986 dicit:
367 925 435 987 Vaut
456 928 593 1004 implum
622 927 910 1005 eupereealtolum
941 931 973 986 et
996 926 1158 987 elevatum
1190 929 1278 987 sieut

103 1030 217 1091 cedroe
230 1030 374 1107 Libanl;
396 1036 430 1090 el
445 1033 586 1091 transivi
609 1038 642 1091 et
657 1047 741 1107 eece,
764 1047 830 1091 non
846 1036 931 1106 erui
954 1035 986 1090 et
1001 1032 1149 1107 quaesiui·
1170 1030 1276 1091 locum

103 1134 204 1212 illiue,
228 1141 261 1195 et
284 1152 349 1196 noa
364 1138 484 1196 inueni.
534 1133 670 1197 Custodi
686 1138 909 1197 lrmocentiom
925 1141 957 1195 et
980 1134 1053 1196 uide
1064 1137 1277 1211 aequitatem,

103 1243 254 1317 quonium
277 1246 357 1301 eunt
378 1239 542 1318 reliquiae
562 1240 689 1301 lamini
705 1241 855 1320 paelfioo.
1290 1253 1303 1289 ⁶

184 1337 259 1405 XV.
285 1339 524 1406 Adhaereamus
547 1341 655 1425 itaque
678 1342 735 1419 iis,
768 1343 822 1427 qui
845 1364 916 1406 cum
946 1342 1065 1426 pietate
1087 1362 1197 1425 pacem
1220 1361 1275 1404 co·

102 1445 177 1525 lunt,
199 1468 266 1511 non
289 1451 396 1509 aulem
418 1446 465 1522 iis,
491 1446 545 1529 qui
568 1468 639 1510 oum
662 1447 864 1511 simulatione
886 1468 997 1530 paoem
1018 1446 1138 1510 volunt.
1169 1447 1199 1509 2.
1216 1445 1276 1509 Di·

102 1551 141 1614 cit
164 1551 248 1614 enim
273 1550 407 1614 alieubi:
444 1553 593 1632 Populus
613 1554 666 1615 lrr'e
690 1555 791 1616 lobiis
820 1572 873 1616 me
894 1555 1057 1631 honorat,
1087 1570 1145 1615 cor
1167 1558 1277 1615 autern

102 1673 212 1719 eorum
232 1659 330 1737 lonae
345 1657 441 1719 abest
462 1675 483 1718 o
498 1674 559 1719 rue.
606 1656 636 1719 3.
661 1656 704 1720 ut
720 1678 846 1720 rursus:
875 1658 939 1721 Ore
959 1676 1020 1720 auo
1044 1657 1278 1720 benedicebant

103 1768 132 1822 et
154 1763 255 1824 eorde
269 1779 330 1824 ouo
346 1761 596 1824 maledicebant.
630 1761 659 1823 4.
684 1761 851 1825 strumus
867 1760 961 1825 dicit:
986 1763 1188 1824 Dileeerurit
1204 1780 1276 1825 erem
1292 1787 1316 1823 ιο

102 1883 157 1927 ore
179 1883 239 1928 ruo
264 1873 297 1929 et
319 1867 434 1943 linquo
456 1884 520 1927 oua
542 1871 674 1929 mentiti
694 1873 773 1929 erent
795 1871 845 1930 ei:
866 1885 925 1929 eor
947 1874 1057 1929 autera
1074 1884 1188 1929 eorum
1212 1886 1278 1930 uon

102 1977 224 2033 rectum
256 1988 329 2032 eum
353 1989 410 2057 eo,
441 1989 501 2033 nec
529 1972 647 2048 fideles
668 1972 774 2034 loom
800 1979 879 2034 sunl
900 1976 936 2033 in
965 1978 1163 2033 leataniento
1195 1976 1275 2035 eius.

103 2073 127 2135 5.
153 2077 337 2156 Propterea
353 2082 444 2137 niirto
457 2075 544 2151 fiant
565 2075 655 2137 lobio
671 2076 800 2155 dolosa,
823 2095 907 2156 quoe
923 2078 1101 2154 loquuntur
1117 2076 1278 2138 aduersus

103 2183 221 2241 iustum
245 2184 475 2258 iniquitatum
506 2179 691 2242 etiterum:
727 2181 909 2260 Disperelot
937 2180 1090 2242 ruminae
1120 2185 1277 2243 renirereo

103 2284 191 2347 labio
202 2285 334 2363 doloro,
347 2285 494 2362 linquam
506 2288 761 2364 rnopm'loquom,
774 2304 842 2364 eoa,
854 2290 911 2365 qui
921 2286 1097 2348 dieemnt:
1113 2287 1276 2363 Linpuam
1290 2301 1315 2339 1⁶

102 2396 251 2451 nostrum
282 2389 583 2468 rnapm'fieabimae,
614 2390 705 2452 labio
735 2397 852 2453 uoetro
884 2390 974 2471 τιμαὶ
994 2408 1055 2452 noe
1077 2397 1172 2467 aranu
1204 2394 1279 2470 quie

101 2501 216 2555 noster
237 2493 391 2556 doniinue
416 2497 492 2555 eat?
512 2493 540 2556 6.
566 2495 709 2574 Propter
730 2500 902 2558 niieeriom
917 2500 1050 2575 inopum
1074 2501 1107 2557 el
1119 2497 1277 2573 petatium

98 2614 283 2678 pauperum
306 2616 392 2660 arene
414 2615 615 2676 eeaurpom,
638 2599 720 2660 dicit
741 2599 912 2677 dominus;
938 2617 1062 2679 ponam
1086 2619 1142 2662 eos
1164 2605 1200 2663 in
1223 2619 1277 2663 aa·

101 2701 203 2765 lutari
209 2723 222 2780 ;
246 2702 274 2763 7.
300 2702 502 2779 confidenter
524 2720 622 2780 opum
644 2721 717 2765 orne
743 2722 790 2766 eo.

183 2805 270 2870 XVI.
296 2805 440 2870 Christus
470 2807 554 2870 enim
582 2828 690 2871 eorum
714 2812 781 2886 est,
816 2807 870 2890 qui
892 2806 1055 2871 humiliter
1086 2808 1123 2871 de
1147 2829 1180 2871 se
1203 2830 1273 2872 sen·
1288 2830 1314 2868 so

98 2911 189 2987 liunt,
214 2932 278 2974 uon
301 2932 418 2985 eorum,
444 2910 497 2994 qui
513 2932 609 2994 supra
631 2932 761 2994 gregem
776 2911 842 2975 eius
866 2932 933 2975 sese
949 2912 1093 2975 effeuml.
1129 2913 1158 2975 2.
1177 2910 1275 2996 Scep·

95 3015 181 3079 trum
211 3015 387 3079 maiestatis
422 3014 487 3091 dei,
524 3015 669 3079 domiuus
692 3014 780 3079 Iesus
804 3014 964 3092 Christus,
995 3037 1058 3079 uon
1090 3016 1176 3080 venit
1205 3038 1276 3080 eum

93 3114 249 3183 iaetantia
272 3118 438 3202 superbiae
462 3123 494 3182 et
517 3119 736 3204 arrogantiae,
770 3121 913 3204 quamvis
940 3121 1093 3204 potuerit,
1127 3122 1180 3185 sed
1204 3144 1276 3185 oum

92 3219 287 3301 humilitate,
310 3230 406 3309 prout
422 3224 552 3306 spiritus
568 3228 695 3288 sanetus
719 3225 757 3288 de
772 3245 809 3287 eo
825 3224 951 3288 loeutus
971 3229 1027 3289 est.
1074 3224 1161 3288 Dicit
1177 3225 1274 3288 enim:

92 3327 124 3392 3.
151 3332 302 3408 Domine,
326 3334 400 3409 quie
421 3331 565 3392 credidit
587 3336 702 3392 auritio
725 3334 867 3393 nostro?
895 3331 938 3393 Ile
959 3331 1127 3393 brachium
1151 3331 1277 3393 dorium·
1290 3346 1316 3385 u

91 3439 150 3496 eui
180 3436 362 3496 revelatum
396 3438 473 3497 eat?
500 3436 775 3498 Adnunli'ooe‘mue
803 3454 916 3498 corum
949 3440 1040 3515 ipso:
1073 3440 1171 3514 orroei
1194 3454 1275 3515 par·

90 3540 195 3602 melus
218 3546 280 3617 eat,
301 3542 388 3601 eleut
403 3539 506 3600 roella
527 3543 562 3601 in
586 3547 679 3601 terro
694 3543 824 3601 sitienti
832 3559 845 3616 ;
868 3557 932 3601 non
956 3547 1007 3602 eal
1022 3544 1150 3619 species
1173 3544 1205 3602 el
1220 3558 1275 3603 ue·

167 3735 247 3788 2Ρε.
267 3733 308 3798 36,
328 3736 438 3791 35-37.
466 3766 501 3774 -
528 3735 614 3790 9Ies.
632 3736 674 3797 29,
696 3735 741 3796 13;
761 3736 847 3792 Marc.
866 3739 889 3799 7,
908 3737 932 3790 6.
961 3767 994 3775 -
1024 3736 1056 3790 10
1075 3735 1117 3788 Ps.
1138 3736 1179 3797 61,
1199 3736 1222 3788 5.
1242 3766 1276 3774 -

95 3823 130 3875 12
150 3822 194 3875 Ps.
214 3824 256 3885 77,
275 3823 316 3877 36.
337 3823 379 3876 37.
408 3853 441 3862 -
472 3823 504 3877 14
521 3823 567 3878 Ps.
586 3823 626 3887 30,
649 3823 688 3877 19.
716 3854 751 3862 —
779 3823 811 3877 16
829 3823 873 3876 Ps.
895 3825 935 3885 11,
954 3824 1030 3877 4-6.
1050 3855 1085 3862 —
1109 3824 1142 3877 27
1162 3822 1213 3876 les.
1233 3823 1274 3883 53,

96 3911 191 3965 1-12,

132 4074 258 4138 5-1171,
279 4075 300 4127 1.
329 4073 415 4127 Glem.
434 4073 476 4128 Al.
506 4074 606 4129 Strom.
626 4073 671 4137 Ι7,
735 4072 806 4138 XVI,
827 4074 849 4127 1.
869 4072 1009 4140 ποίμνιον]
1030 4070 1071 4125 Ol.
1084 4071 1127 4134 44,
1140 4073 1171 4133 3;
1190 4072 1231 4133 54,
1245 4073 1275 4131 2;

96 4161 121 4223 6,
136 4162 223 4216 3233
241 4178 267 4230 p.
279 4161 330 4214 577
342 4177 383 4227 sq.
404 4191 437 4201 --
456 4159 671 4233 ἐγκατάλειμμα]
699 4162 741 4223 57,
761 4162 792 4222 2;
819 4162 881 4214 Act.
907 4159 956 4222 20,
981 4158 1022 4212 28.
1050 4158 1097 4221 29;
1127 4158 1232 4212 IPetr.
1250 4159 1274 4220 5,

96 4269 133 4296 =
150 4248 266 4318 posteri,
286 4249 321 4301 cf.
341 4247 414 4302 Test.
434 4248 486 4302 XII
502 4249 574 4316 potr.
595 4249 628 4309 Il,
647 4249 671 4302 6.
700 4248 723 4301 2.
743 4247 768 4300 3.

132 4333 190 4399 XV,
211 4335 286 4390 1-2.
323 4334 413 4389 Nioon
442 4335 517 4388 Mon.
546 4334 564 4386 l.
585 4351 606 4387 c.
636 4336 670 4388 of.
734 4335 758 4387 2.
778 4333 965 4401 Hieronymus
990 4331 1207 4396 1n1e0.52,13
1232 4333 1273 4387 ed.

102 4420 139 4485 14,
161 4427 174 4478 1
195 4424 252 4477 not.
699 4419 817 4474 Vallars.
838 4419 884 4482 IV,
897 4419 949 4473 612
966 4420 1013 4489 (-
1026 4422 1273 4494 ταπεινοφρονῶν).

135 4511 156 4564 7.
175 4507 205 4567 ἐν
222 4508 308 4584 αὐτῷ]
329 4525 366 4562 so.
386 4517 425 4583 τῷ
443 4517 552 4584 πτωχῷ.
573 4508 671 4578 Singu·
699 4538 733 4547 -
752 4505 803 4564 οὐκ
820 4505 916 4576 ἦλθεν]
946 4506 987 4561 ef.
1007 4505 1079 4561 Phil,
1098 4508 1127 4570 2,
1147 4507 1170 4560 6.
1192 4509 1221 4567 7;
1249 4505 1275 4558 II

103 4594 165 4650 lon's
183 4596 329 4652 collective
348 4612 400 4665 pro
417 4594 527 4664 plurali.
701 4595 763 4648 Gor.
782 4594 807 4656 8,
826 4594 850 4647 9.
