2834 5018
389 731 527 787 PAPIAE
546 731 772 789 FRAGMENTA
790 735 898 799 X—-Xl,
916 737 941 790 2.
1185 743 1248 807 367

638 914 677 978 X.

159 1100 165 1114 .
192 1100 199 1114 .
224 1099 231 1114 .
258 1100 264 1114 .
290 1073 398 1116 revera
420 1073 522 1135 neque
546 1051 679 1137 Papiam
703 1053 888 1137 episcopum
910 1052 1092 1138 Hierapolis
1115 1060 1147 1119 et
1162 1079 1246 1120 mar·

67 1159 172 1239 tyrem
194 1177 296 1239 neque
312 1155 478 1222 Irenaeum
499 1162 644 1222 sanctum
658 1156 805 1242 Lugduni
829 1157 1012 1242 episcopum
1035 1156 1090 1240 (sc.
1108 1160 1248 1226 admittit

69 1258 275 1344 Stephanus),
301 1262 418 1346 quippe
442 1263 496 1347 qui
511 1263 648 1327 fructum
672 1263 815 1327 ciborum
832 1264 1028 1345 quorundam
1050 1264 1247 1329 sensibilium

68 1386 138 1428 esse
161 1365 266 1430 dicant
288 1388 422 1451 regnum
445 1367 613 1431 caelorum.
1260 1386 1272 1422 ⁶

627 1541 682 1606 XI.

159 1682 187 1744 1.
211 1680 329 1765 Papias
352 1682 520 1766 episcopus
544 1682 741 1767 Hierapolis,
775 1682 830 1767 qui
858 1683 983 1747 auditor
1005 1681 1132 1748 loannis
1154 1681 1247 1746 theo·

67 1785 135 1869 logi
157 1785 235 1863 fuit,
268 1785 439 1870 Polycarpi
472 1792 578 1852 autem
610 1787 745 1864 amicus,
781 1787 919 1872 quinque
948 1787 1046 1851 libros
1069 1808 1247 1851 sermonum

68 1890 189 1954 domini
211 1891 346 1975 scripsit,
370 1891 535 1976 inquibus
559 1891 827 1956 enumerationem
841 1890 1056 1975 apostolorum
1078 1891 1247 1955 instituens

67 1998 143 2079 post
165 1994 297 2059 Petrum
321 2000 353 2060 et
374 1995 533 2075 loannem,
557 1995 744 2081 Philippum
767 2000 799 2060 et
814 1996 970 2061 Thomam
993 2001 1025 2060 et
1047 1996 1285 2060 Matthaeum1⁰

66 2100 152 2163 inter
175 2099 345 2184 discipulos
362 2087 482 2165 domini
504 2100 761 2165 commemoravit
776 2099 971 2165 Aristionem
986 2106 1081 2185 atque
1095 2099 1246 2164 Ioannem

67 2203 213 2282 alterum,
238 2227 332 2289 quem
348 2206 444 2270 etiam
466 2206 687 2289 presbyterum
702 2206 836 2280 vocarit,
859 2205 906 2269 ita
920 2209 957 2269 ut
979 2205 1107 2291 quidam
1121 2209 1245 2287 putent,

65 2309 163 2373 huius
193 2309 320 2375 Ioannis
352 2331 420 2374 esse
454 2311 531 2374 duas
560 2309 713 2394 epistulas
745 2332 859 2394 parvas
891 2314 923 2374 et
950 2308 1139 2385 catholicas,
1165 2329 1246 2392 quae

67 2415 126 2478 sub
156 2415 282 2478 nominc
313 2414 441 2479 Ioamris
476 2414 754 2491 circumferuntur,
790 2414 940 2499 quoniam
969 2417 1088 2477 veteres
1110 2413 1247 2496 primam

66 2519 168 2584 solam
184 2520 364 2584 admittunt.
411 2519 569 2584 Nonnulli
585 2524 691 2584 autem
714 2519 811 2583 etiam
826 2517 1046 2602 Apocalypsin
1068 2516 1163 2580 huius
1178 2531 1285 2580 esss1⁶

66 2629 207 2689 errantes
230 2629 432 2709 putaverunt.
479 2625 596 2708 Papias
618 2646 692 2688 vero
717 2624 755 2688 de
777 2623 919 2687 millenio
942 2621 1081 2699 fallitur,
1112 2642 1246 2706 eumque

66 2749 202 2810 sequens
226 2729 322 2792 etiam
344 2728 502 2792 Irenaeus.
549 2730 579 2791 2.
604 2728 721 2812 Papias
744 2727 936 2791 insecundo
968 2726 1049 2791 libro
1074 2726 1168 2803 dicit,
1192 2724 1245 2789 Io·

67 2853 182 2896 aunem
210 2831 397 2916 theologum
419 2838 451 2897 et
473 2833 624 2898 Iacobum
654 2834 720 2897 eius
752 2832 885 2896 fratrem
909 2854 928 2894 a
949 2831 1072 2896 Iudaeis
1094 2830 1246 2895 interfec-

66 2943 117 3001 tos
150 2958 228 3001 esse.
274 2936 390 3021 Papias
423 2944 686 3003 commemoratus
717 2937 875 3013 narravit,
911 2936 1001 3020 quasi
1032 2936 1247 3018 accepisseta

66 3040 195 3105 filiabus
211 3041 363 3126 Philippi,
380 3041 568 3119 Barsabam,
593 3043 647 3127 qui
670 3045 701 3105 et
716 3041 822 3105 Iustus
844 3045 985 3116 vocatur,
1009 3040 1048 3103 ab
1064 3038 1244 3103 infidelibus
1258 3055 1284 3094 ²⁰

66 3146 237 3228 probatum
261 3166 380 3209 veneno
404 3146 531 3230 viperae
560 3146 675 3209 hausto
698 3146 824 3209 nomine
847 3144 966 3209 Christi
995 3143 1155 3227 integrum
1178 3164 1245 3206 ser·

66 3254 176 3314 vatum
200 3271 277 3312 esse.
324 3248 437 3315 Refert
459 3251 557 3314 etiam
578 3250 643 3314 alia
664 3250 818 3315 miracula
841 3254 872 3313 et
892 3248 1088 3333 praesertim,
1113 3252 1246 3311 matrem

66 3387 195 3440 Ioannes.
231 3385 261 3439 Si
279 3384 382 3454 Papias
400 3384 540 3449 Iacobum,
560 3404 644 3454 quern
656 3396 659 3494 y
670 3386 789 3440 Ioannes
802 3383 954 3454 apostolus,
974 3383 1023 3451 qui
1035 3383 1122 3436 etiam
1139 3383 1168 3436 in
1182 3399 1245 3436 oon-

67 3474 95 3526 ei
114 3472 251 3533 adiunxit,
272 3472 354 3526 huius
368 3473 485 3538 fratrem
504 3476 643 3527 nominas·
656 3500 659 3519 ·
671 3472 737 3526 cilio
757 3471 949 3541 apostolorum
968 3488 991 3524 a
1005 3471 1039 3523 52
1058 3469 1163 3531 aderat,
1180 3471 1246 3536 post

66 3564 119 3623 set,
139 3551 365 3615 sanedeloanne
376 3562 506 3630 apostolo
517 3561 643 3614 dixisset.
671 3560 788 3614 fratrem
807 3576 831 3613 a.
849 3558 884 3613 43
903 3559 947 3612 vel
965 3559 1000 3611 44
1017 3560 1158 3609 mortuum
1171 3572 1244 3608 com·

66 3649 165 3701 Verba
183 3650 278 3701 autem
297 3646 313 3705 d
331 3647 451 3720 ἀδελφὸς
462 3648 548 3705 αὐτοῦ
566 3647 643 3700 haud
670 3648 866 3701 memorandus
889 3646 997 3699 fuisset.
1034 3643 1075 3697 Cf.
1095 3643 1245 3710 Fragmen-

67 3735 153 3789 dubie
166 3735 258 3788 eidem
267 3735 363 3787 manui
376 3735 643 3796 attribuendasunt‚
670 3739 730 3789 turn
754 3734 820 3795 Xll;
856 3732 948 3795 Zahn,
976 3732 1172 3800 Foracbunpen
1198 3728 1244 3791 Vl,

67 3821 177 3880 ouiusd
196 3823 394 3893 tsoldyocest.
431 3821 485 3875 Pro
505 3822 583 3875 certo
595 3821 644 3875 ha
674 3822 818 3876 147-151.
847 3852 882 3860 -
914 3817 953 3887 ὼς
979 3816 1148 3891 παραλαβὼν
1174 3817 1244 3886 κτλ]

66 3908 128 3964 beri
147 3909 250 3978 potest,
269 3907 388 3978 Papiam
407 3910 435 3963 id
455 3909 547 3963 solnm
559 3909 644 3978 scrip·
671 3909 748 3963 Haec
766 3908 904 3962 miracula
921 3907 1008 3961 etiam
1027 3905 1057 3958 in
1074 3903 1245 3973 Fragmenta

67 3998 152 4050 sisse:
181 3995 312 4066 Ἰωάννης
344 4000 390 4052 καὶ
426 3995 559 4070 Ἰάκωβος
590 3994 644 4053 cao
671 3996 704 4059 ΙΙ,
718 3998 734 4049 9
748 3997 1009 4049 commemorantur.
1029 3990 1166 4046 Eusebius
1180 4005 1245 4043 vero

65 4085 211 4141 Ἰουδαίων
229 4080 414 4154 ἀνῃρέθησαν,
433 4087 462 4137 et
481 4083 530 4149 qui
549 4082 580 4135 hi
592 4083 644 4136 viri
671 4099 728 4136 non
747 4084 842 4144 refert,
862 4098 919 4149 qua
936 4078 1084 4133 occasione
1104 4078 1172 4131 data
1191 4081 1245 4143 (do-

67 4189 85 4223 a
97 4170 210 4224 ludaeis
223 4168 369 4223 interfecti
383 4169 447 4229 sint.
466 4170 513 4223 vix
527 4170 643 4224 dubium
656 4210 658 4215 -
669 4171 854 4239 κιμαζόμενος
871 4166 894 4223 ὓ.
909 4189 932 4224 τ.
947 4166 985 4235 ἀ.)
1005 4166 1144 4219 Barnabas
1163 4163 1245 4217 mira·

67 4262 118 4311 est.
155 4256 235 4311 Alter
254 4260 297 4310 est
317 4254 435 4309 loannes
453 4256 588 4326 baptista,
608 4257 643 4310 ab
672 4255 764 4311 culum
791 4254 907 4317 feeerit,
940 4270 1032 4320 neque
1058 4251 1200 4306 hominem
1229 4267 1247 4304 a

66 4344 179 4398 Herode
198 4344 305 4412 Antipa
322 4341 492 4406 decollatus,
512 4343 584 4398 alter
601 4344 642 4397 Ia
670 4343 788 4397 mortuis
807 4340 1006 4395 resuscitatum
1022 4338 1157 4393 nominat.
1183 4337 1244 4390 Act

66 4432 155 4485 cobus
174 4431 328 4499 apostolus,
350 4431 424 4484 filius
444 4430 587 4494 Zebedaei,
607 4431 644 4484 ab
673 4432 737 4493 13‚1
761 4427 1017 4500 ΜαναὴνἭρὼδου
1028 4435 1079 4482 τοῦ
1092 4424 1246 4498 τετράρχου

65 4517 180 4572 Herode
198 4519 324 4588 Agrippa
342 4517 354 4570 I
374 4518 566 4586 interemptus.
592 4517 643 4570 Pa·
670 4517 828 4589 σύντροφος
845 4517 1093 4575 commemoratur,
1112 4515 1142 4566 et
1161 4528 1246 4579 quae·

64 4605 131 4676 pias
149 4621 179 4658 se
200 4604 235 4659 de
253 4605 301 4658 illo
321 4604 400 4671 loqui
424 4604 509 4658 etiam
528 4620 561 4657 eo
579 4621 643 4672 pro·
671 4619 732 4657 rere
749 4601 823 4664 licet,
842 4618 912 4653 num
929 4600 977 4653 hic
988 4599 1064 4654 idern
1082 4599 1169 4654 faerit
1181 4616 1246 4653 cum

64 4693 116 4758 dit,
130 4692 397 4760 quodeumlacobo
411 4690 567 4760 anteponit,
581 4707 644 4744 oum
671 4688 829 4751 Manaimo,
857 4687 893 4741 de
912 4703 968 4753 quo
986 4685 1091 4756 Papias
1115 4686 1193 4741 dicit.
1212 4717 1247 4725 —
