2834 5018
172 321 368 389 CXXXVIII
610 315 895 372 raoaxcourua

172 517 269 560 annos
292 495 447 560 crucietur
470 491 510 576 (c.
536 497 564 559 4.
590 495 633 576 5).
658 532 698 540 —
722 495 801 559 Post
822 515 941 579 paucos
965 495 1031 560 dies
1054 494 1143 574 (Sim.
1159 494 1234 578 VII)
1258 496 1344 560 Her·

170 623 239 665 mas
261 600 346 663 videt
359 604 520 683 pastorem
542 601 575 665 in
597 600 706 665 eodem
719 620 832 682 campo
855 589 1020 683 rogatque,
1037 604 1073 664 ut
1095 600 1245 685 angelum
1264 623 1343 683 poe·

169 727 230 769 nae
251 705 359 770 iubeat
381 727 398 769 e
421 706 513 770 domo
536 729 594 770 sua
625 705 777 770 recedere.
824 702 939 768 Pastor
970 709 1075 768 autem
1098 704 1189 781 dicit,
1213 709 1346 789 propter

170 813 300 894 peccata
323 810 434 874 domus
463 831 538 875 suae
560 809 674 894 angelo
695 808 834 893 glorioso
864 808 991 872 iubente
1014 829 1086 871 eum
1109 808 1256 886 cruciari,
1288 809 1344 872 sed

170 914 321 998 exiguum
342 915 446 979 solum
468 920 602 998 tempus.
637 951 677 958 -
707 913 829 979 Deinde
853 911 942 994 (Sim.
959 910 1050 990 VIII)
1072 916 1182 996 pastor
1204 913 1344 977 Hermae

169 1019 309 1082 ostendit
330 1018 457 1083 salicem
480 1039 637 1102 magnam,
662 1018 721 1082 sub
744 1018 832 1082 cuius
856 1018 969 1081 umbra
992 1022 1082 1081 erant
1104 1039 1212 1083 omnes
1225 1019 1342 1083 vocati.

169 1123 315 1207 Angelus
345 1128 450 1187 autem
472 1123 601 1187 Domini
632 1122 789 1207 gloriosus
814 1122 965 1186 caedebat
987 1120 1070 1185 falce
1099 1142 1217 1206 magna
1237 1144 1343 1186 ramos

170 1227 328 1311 dabatque
351 1228 486 1312 singulis
501 1228 652 1312 virgulas.
698 1228 871 1311 Postquam
894 1248 1002 1291 omnes
1022 1232 1218 1311 accepenmt,
1242 1249 1342 1313 ange-

168 1330 218 1394 lus
250 1332 356 1415 virgas
378 1330 505 1414 repetiit
534 1331 818 1414 consideravitque,
849 1331 1010 1395 inveniens
1041 1331 1191 1395 tredecim
1218 1332 1344 1396 diversa

169 1455 286 1519 genera
308 1433 347 1514 (1.
367 1434 408 1514 1),
433 1438 464 1498 11
487 1455 557 1510 eos,
592 1434 646 1518 qui
669 1435 775 1518 virgas
803 1433 918 1499 virides
941 1439 973 1499 11
995 1434 1175 1499 fructiferas
1196 1436 1342 1500 reddide-

169 1545 252 1617 runt,
276 1540 396 1604 dImisit
417 1540 451 1603 in
480 1540 593 1603 turrim
617 1538 829 1621 (1.2,1-4),
854 1543 992 1617 ceteros,
1027 1539 1082 1624 qui
1107 1541 1213 1624 virgas
1236 1539 1342 1603 aridas

168 1643 345 1724 habebant,
378 1644 510 1709 tradidit
539 1644 661 1728 pastori
682 1643 716 1708 in
739 1666 844 1708 muros
875 1645 1054 1709 mittendos.
1099 1645 1214 1709 Pastor
1236 1649 1343 1708 autem

168 1749 274 1834 virgas
298 1771 404 1814 eorum
426 1749 594 1833 plantavit,
618 1769 757 1832 sperans,
783 1748 850 1812 fore
867 1753 903 1812 ut
925 1749 1094 1814 nonnullae
1109 1748 1341 1825 reviviscerent,

163 1858 201 1917 >et
223 1855 302 1919 abiit
324 1854 363 1938 (1.
380 1856 411 1933 2,
429 1852 537 1932 5-9),
551 1852 698 1916 ¹Hermae
729 1850 968 1916 similitudinem
997 1851 1158 1936 explicans
1187 1856 1220 1915 et
1242 1872 1341 1935 ange·

167 1956 233 2021 lum
264 1958 438 2042 gloriosum
468 1954 655 2021 Michaelem
687 1955 849 2019 declarans
873 1954 973 2037 (1.3).
1019 1955 1141 2019 Paucos
1171 1960 1245 2039 post
1275 1956 1342 2021 dies

167 2083 308 2126 reversus
332 2063 437 2145 virgas
454 2061 661 2125 consideravit
684 2058 723 2142 (c.
740 2059 850 2140 4-5),
874 2066 906 2124 11
929 2082 1001 2125 cum
1022 2081 1129 2125 omnes
1151 2053 1343 2143 explicasset

169 2166 207 2244 (1.
226 2162 356 2246 6-10),
379 2165 515 2229 Hermae
537 2164 705 2241 mandavit,
729 2168 765 2228 ut
780 2186 888 2228 omnes
910 2167 951 2228 ad
972 2165 1199 2249 paenitentiam
1222 2164 1341 2229 adhor-

167 2273 288 2334 taretur
311 2268 349 2352 (c.
368 2266 432 2349 11).
458 2303 499 2312 -
524 2268 584 2344 Qui
607 2290 678 2332 cum
693 2268 845 2333 Mandata
860 2274 893 2333 et
908 2268 1134 2334 Similitudines
1151 2269 1340 2353 scripsisset,

168 2378 277 2458 pastor
299 2373 384 2437 venit
407 2370 496 2453 (Sim.
521 2369 589 2453 IX),
614 2378 650 2436 ut
672 2373 848 2437 accuratius
871 2373 900 2436 ei
923 2372 1115 2455 explanaret,
1140 2394 1220 2455 quae
1243 2374 1340 2457 spiri·

166 2483 219 2542 tus
242 2480 370 2541 sanctus
393 2477 552 2561 infigura
574 2478 736 2542 Ecclesiae
758 2479 820 2562 ipsi
842 2479 973 2557 dixerat,
997 2479 1113 2555 diosna,
1136 2482 1341 2563 proptereaa

167 2581 306 2666 glorioso
329 2581 442 2668 angelo
465 2604 499 2646 se
521 2583 562 2646 ad
584 2605 656 2647 eum
677 2584 809 2647 missum
832 2605 917 2663 esse,
949 2587 985 2648 ut
1007 2583 1112 2646 omnia
1141 2582 1339 2646 1111111111-

167 2686 269 2763 deret,
302 2691 335 2750 et
357 2686 488 2751 adduxit
510 2708 582 2751 eum
604 2686 637 2750 in
659 2685 829 2751 Arcadiam
857 2687 1055 2770 ostenditque
1077 2707 1223 2769 campum
1245 2707 1340 2769 mag·

165 2813 250 2869 num,
275 2791 500 2856 circumdatum
523 2791 687 2855 duodecim
709 2790 868 2855 montibus
892 2790 931 2873 (c.
955 2789 996 2872 1).
1042 2790 1147 2855 Medio
1169 2791 1203 2853 in
1225 2810 1340 2872 campo

166 2900 234 2959 erat
255 2900 346 2980 petra
367 2918 485 2981 magna
507 2899 666 2972 etvetus,
696 2916 811 2960 novam
833 2902 960 2979 portam
982 2897 1112 2969 habens,
1137 2895 1220 2960 circa
1242 2917 1341 2978 quam

166 3000 295 3065 stabant
318 3001 480 3065 duodecim
502 3000 639 3084 virgines
663 2998 701 3082 (1.
719 2998 763 3081 2).
812 2987 975 3065 Venerunt
996 3004 1101 3064 autem
1124 3022 1179 3065 sex
1200 2998 1259 3062 riri
1282 3020 1339 3063 ex-

166 3102 242 3166 celsi
263 3104 402 3167 etmulti
419 3103 483 3181 alii,
508 3108 539 3168 et
560 3103 607 3167 illi
630 3103 688 3167 hos
703 3104 816 3168 turrim
838 3126 935 3188 supra
950 3109 1074 3188 petram
1096 3108 1128 3168 ct
1150 3125 1246 3186 supra
1260 3124 1339 3185 por·

165 3210 232 3271 tam
266 3206 429 3272 aedificare
462 3208 637 3283 iusserunt;
671 3208 849 3292 virginibus
881 3209 1125 3283 mandaverunt,
1160 3210 1196 3271 ut
1228 3227 1338 3273 omnes

165 3309 286 3394 lapides
308 3333 365 3395 per
386 3316 513 3396 portam
536 3318 699 3395 portarent
723 3311 761 3395 (1.
778 3313 822 3394 3).
857 3313 1093 3377 Aedificabatur
1107 3312 1205 3395 igitur
1228 3312 1336 3389 tumis,

166 3419 198 3478 11
219 3415 341 3498 lapides
357 3417 571 3481 afferebantur
593 3438 664 3480 cum
679 3418 717 3481 de
731 3418 889 3501 profundo
905 3422 974 3480 tum
989 3418 1027 3481 de
1042 3416 1210 3480 montibus.
1240 3414 1338 3480 Post-

166 3540 260 3603 quam
282 3520 316 3584 in
338 3524 497 3584 structura
518 3521 615 3605 positi
637 3525 719 3598 sunt,
744 3542 850 3586 omnes
875 3522 998 3586 candidi
1014 3522 1093 3585 facti
1114 3523 1188 3585 sunt
1209 3526 1339 3604 praeter

164 3625 341 3702 nonnullos,
367 3625 421 3709 qui
443 3646 544 3709 neque
566 3647 623 3709 per
644 3628 771 3708 portam
793 3624 884 3689 allati
898 3647 999 3710 neque
1023 3647 1042 3688 a
1062 3624 1238 3708 virginibus
1260 3647 1337 3708 por·

164 3730 242 3792 recti
264 3734 353 3793 erant
376 3729 416 3812 (1.
440 3728 483 3811 4).
528 3728 634 3793 Finito
665 3729 715 3792 die
745 3728 801 3792 illo
825 3728 983 3792 desierunt
1010 3727 1187 3805 aedificare,
1222 3750 1337 3811 quam-

165 3853 261 3914 quam
283 3833 379 3897 turris
407 3838 562 3898 nouerat
592 3836 823 3910 consummata,
858 3836 890 3896 11
911 3852 1018 3895 omnes
1041 3835 1168 3915 praeter
1195 3831 1337 3914 virgines

41 4021 45 4029 ἱ
164 3940 366 4000 11111111111.
412 3937 490 4000 Post
519 3958 637 4021 paucos
667 3937 732 4001 dies
763 3958 833 4000 cum
864 3941 974 4020 pastor
1006 3939 1038 3999 et
1060 3935 1195 4000 Hermas
1219 3939 1338 4003 reversi

164 4043 268 4102 esseut
291 4038 329 4122 (1.
347 4038 389 4121 5),
414 4042 499 4105 venit
520 4042 568 4104 vir
590 4041 741 4106 excelsior
762 4040 851 4114 turri,
875 4039 1085 4104 circumdatus
1101 4062 1218 4124 magna
1240 4043 1359 4107 turba

164 4142 310 4221 virorum,
334 4149 367 4208 11
388 4145 594 4209 consideravit
609 4146 729 4209 turrim.
775 4144 919 4228 lapideo,
944 4144 998 4228 qui
1013 4166 1076 4208 non
1100 4144 1224 4208 candidi
1243 4152 1336 4211 erant

163 4267 265 4331 neque
279 4248 404 4333 integri,
430 4248 547 4313 auferri
568 4250 660 4314 iussit
683 4253 715 4314 11
729 4249 808 4314 alios
832 4251 863 4312 et
887 4249 1014 4332 quidem
1028 4249 1066 4312 de
1090 4270 1201 4332 campo
1216 4250 1333 4314 afferri.
