2834 5018
167 304 271 371 Lym
610 300 892 358 raouaeouaua

168 479 325 546 Chronico
349 481 474 564 quidem
496 480 683 562 martyrium
706 480 746 544 ad
769 501 886 543 annum
902 478 1031 543 Traiani
1051 502 1170 546 nonum
1186 481 1341 568 adiungit,

168 607 206 650 eo
230 590 337 649 autem
359 586 461 661 modo,
485 590 522 648 ut
544 585 772 649 accuratiorem
794 584 947 668 temporis
967 585 1114 649 notitiam
1130 586 1191 651 sibi
1207 580 1343 653 defuisse

168 691 246 755 satis
270 690 417 755 distincte
438 689 562 773 prodat.
610 688 697 765 Quae
721 711 793 754 cum
815 689 862 753 ita
885 689 958 766 sint,
982 689 1015 753 id
1030 689 1132 755 solum
1148 696 1269 757 certum
1284 692 1343 757 ha·

167 797 236 860 beri
258 798 374 880 potest,
400 794 560 878 Ignatium
585 793 722 858 Traiano
744 799 899 877 regnante
920 816 1050 879 passum
1070 817 1147 861 esse.
1195 795 1344 862 Conicere

167 923 241 965 vero
265 901 348 977 licet,
374 899 562 982 martyrium
583 898 717 982 imperio
739 920 841 984 neque
856 900 985 964 ineunte
1000 922 1102 986 neque
1121 907 1264 980 exeunte,
1290 902 1344 966 sed

167 1026 205 1070 eo
229 1005 296 1069 fere
319 1010 462 1089 tempore
484 1002 607 1068 factum
630 1024 707 1079 esse,
733 1004 772 1067 ad
788 1004 872 1089 quod
887 1003 1045 1069 Eusebius
1060 1010 1194 1071 mortem
1210 1006 1342 1071 refert¹.

255 1109 304 1174 De
335 1109 446 1172 itinere
476 1107 665 1190 Martyrium
693 1104 909 1173 colbertinum
934 1107 1026 1191 (3,1)
1057 1111 1150 1187 dicit,
1182 1110 1345 1195 Ignatium

168 1214 312 1280 Seleucia
345 1212 512 1296 Smyrnam
542 1213 616 1276 navi
643 1216 768 1277 vectum
796 1234 874 1277 esse.
929 1212 1096 1297 Epistulae
1129 1220 1235 1281 autem
1267 1237 1344 1300 pro·

168 1321 255 1396 dunt,
279 1324 364 1384 terra
393 1339 464 1382 eum
486 1318 517 1381 iu
548 1319 660 1382 urbem
687 1317 776 1381 illam
799 1318 997 1401 pervenisse,
1030 1324 1063 1384 et
1084 1319 1117 1385 id
1146 1324 1272 1384 tantum
1293 1341 1344 1385 re·

168 1430 278 1509 spectu
302 1423 392 1486 Rom.
417 1422 482 1498 5,l
517 1421 749 1485 concedendum
778 1424 842 1498 est,
876 1420 1020 1487 Seleucia
1050 1424 1084 1487 in
1116 1422 1261 1489 Ciliciam
1291 1429 1345 1488 aut

167 1528 390 1614 Pamphyliam
422 1547 493 1590 eum
523 1525 632 1590 forsan
660 1525 834 1609 navigasse.
881 1526 971 1591 Rom.
997 1528 1064 1604 9,3
1088 1528 1172 1592 enim
1199 1528 1344 1614 Ignatius

168 1634 371 1699 ecclesiarum
392 1631 549 1707 meminit,
580 1650 660 1714 quae
682 1630 716 1694 in
738 1631 862 1695 nomine
886 1631 958 1697 Iesu
981 1632 1098 1697 Christi
1120 1654 1193 1698 eum
1214 1655 1344 1718 recepe·

168 1745 241 1804 runt
264 1744 296 1804 et
318 1739 357 1802 in
389 1736 577 1822 singulas
612 1734 731 1799 urbes
765 1756 852 1799 eum
884 1743 1213 1820 praecesserunt.
1261 1737 1344 1821 Eph.

168 1844 234 1922 9,1
259 1843 490 1908 haereticorum
520 1840 713 1905 mentionem
735 1839 828 1917 facit,
863 1842 917 1926 qui
939 1841 1068 1926 Epheso
1096 1843 1261 1907 venientes
1283 1843 1345 1927 ipsi

168 1953 381 2014 occurrerunt.
428 1944 684 2029 Philadelphiam
700 1966 771 2009 eum
787 1946 959 2023 transiisse,
984 1968 1001 2010 e
1023 1946 1168 2029 pluribus
1190 1947 1346 2030 epistulae

170 2055 209 2118 ad
233 2053 355 2117 Philad.
388 2051 467 2114 locis
490 2050 602 2113 elucet.
648 2049 697 2113 De
720 2051 870 2134 episcopo
902 2051 1034 2116 enimc.
1062 2054 1078 2115 1
1103 2072 1141 2116 eo
1170 2052 1266 2116 modo
1296 2052 1345 2116 lo·

169 2160 290 2243 quitur,
322 2160 358 2220 ut
380 2159 555 2219 statuamus
578 2158 739 2237 oporteat,
773 2155 878 2239 ipsum
901 2176 973 2219 eum
1002 2155 1117 2220 vidisse
1140 2177 1212 2221 cum
1245 2177 1346 2241 eoque

167 2267 327 2327 versatum
350 2281 427 2325 esse.
472 2258 594 2323 Deinde
618 2258 701 2335 dicit,
726 2280 793 2323 sese
814 2259 936 2324 nullam
960 2259 1045 2344 apud
1060 2260 1346 2344 Philadelphenses

168 2366 353 2430 divisionem
383 2363 539 2428 invenisse
563 2361 606 2443 (3,
626 2361 657 2442 1)
682 2366 713 2426 et
736 2384 810 2427 voce
843 2384 960 2446 magna
982 2386 1037 2428 eos
1060 2366 1279 2443 admonuisse,
1312 2370 1347 2429 ut

168 2471 316 2554 episcopo
340 2473 372 2533 et
401 2467 599 2551 presbyterio
629 2467 812 2531 oboedirent
835 2467 877 2550 (7,
904 2466 945 2550 1).
990 2469 1235 2555 Philadelphiae
1266 2491 1345 2555 quo·

169 2596 229 2659 que
252 2596 325 2638 cum
353 2572 521 2637 haereticis
544 2571 724 2636 convenisse
756 2571 895 2648 ridetur,
929 2573 983 2653 qui
1006 2573 1091 2658 Eph.
1115 2574 1181 2652 9,1
1208 2596 1346 2639 comme·

168 2684 340 2743 morantur.
386 2677 550 2761 Ephesum
572 2682 678 2740 autem
701 2681 733 2740 et
749 2673 945 2760 Magnesiam
968 2683 1000 2742 et
1024 2679 1147 2744 Tralles
1170 2700 1234 2743 non
1249 2680 1346 2744 venit.

167 2782 329 2848 Ecclesiae
353 2782 436 2846 enim
458 2782 533 2845 illae
556 2781 585 2844 ei
606 2803 669 2846 non
691 2782 790 2865 ipsae,
815 2782 870 2845 sed
892 2802 950 2865 per
972 2803 1027 2847 eos
1049 2787 1175 2847 tantum
1199 2783 1347 2868 cognitae

168 2891 250 2963 sunt,
275 2907 353 2971 quos
384 2907 455 2950 eum
486 2885 679 2949 salutaturae
703 2884 870 2967 Smyrnam
899 2887 1060 2951 miserunt.
1108 2886 1179 2964 Qua
1201 2888 1235 2952 in
1268 2889 1347 2953 urbe

169 2991 363 3076 aliquamdiu
386 2993 597 3055 commoratus
612 2989 764 3072 epistulas
788 2990 827 3052 ad
846 2989 1012 3072 Ephesios,
1030 2989 1226 3074 Magnesios,
1252 2992 1346 3057 Tral-

167 3097 278 3174 lianos,
302 3095 462 3160 Romanos
486 3093 680 3176 conscripsit.
727 3091 806 3157 Cum
829 3092 984 3157 Troadem
1006 3099 1172 3180 pergeret,
1197 3096 1254 3160 ubi
1277 3097 1347 3180 epi·

168 3201 269 3266 stulas
302 3201 342 3264 ad
371 3197 673 3282 Philadelphenses,
711 3196 915 3280 Smyrnaaos‚
947 3197 1158 3282 Polycarpum
1192 3200 1347 3274 exaravit,

169 3305 330 3380 Burrhus,
356 3304 504 3367 diaconus
527 3301 740 3386 Ephesiorum
771 3322 843 3364 eum
866 3301 1033 3365 comitatus
1056 3307 1104 3365 est
1128 3301 1225 3385 (Eph.
1251 3305 1281 3379 2,
1309 3305 1347 3379 13

168 3409 416 3483 Philad.11,2;
442 3405 565 3489 Smym.
585 3404 693 3487 12,1),
718 3409 750 3469 et
772 3426 844 3469 cum
866 3404 899 3467 in
921 3404 1032 3468 urbem
1054 3405 1265 3487 pervenisset,
1291 3407 1348 3471 ad·

168 3516 321 3579 venerunt
343 3511 451 3576 Rbeus
475 3508 668 3595 Agathopus
691 3508 789 3592 Syrus
813 3511 845 3572 et
859 3507 953 3572 Philo
978 3509 1127 3573 diaconus
1144 3509 1237 3575 Cilix.
1274 3511 1349 3577 Non

169 3618 251 3682 enim
275 3617 315 3681 ab
338 3615 429 3679 initio
451 3614 486 3678 hi
508 3612 567 3677 viri
590 3635 662 3676 eum
686 3611 844 3688 comitati,
876 3612 930 3675 sed
953 3613 1054 3677 secuti
1076 3618 1151 3678 sunt
1174 3613 1288 3699 idque,
1313 3620 1349 3680 ut

238 3818 437 3874 lAccuratius
464 3818 499 3872 de
518 3820 644 3887 tempore
669 3817 797 3885 martyrii
824 3816 956 3871 disseruit
976 3817 1140 3887 Lightfoot,
1171 3821 1197 3873 S.
1218 3821 1349 3891 Ignatius

167 3909 246 3977 (pars
264 3906 290 3960 Il
309 3905 415 3975 operis:
446 3906 502 3960 The
525 3907 662 3974 Apostolic
687 3904 814 3972 Fatbera)
833 3905 866 3968 lI,
887 3905 906 3967 l,
925 3905 1073 3960 aaa-470.
1111 3905 1265 3972 Harnaclr‚
1295 3909 1350 3963 Die

168 3994 229 4047 Zeit
246 3993 290 4047 des
309 3993 433 4062 lprratr'us
453 3992 536 4054 1878,
561 3991 681 4061 probare
701 3992 817 4045 conatus
836 3994 886 4055 est,
905 3990 1049 4060 Ignatium
1068 3993 1188 4063 imperio
1208 3993 1350 4049 Hadriani

169 4082 287 4134 exeunte
304 4079 349 4132 vel
368 4080 511 4134 Antonino
541 4079 592 4133 Pio
620 4078 791 4146 imperatore
819 4093 934 4145 passum
953 4093 1030 4141 csse,
1060 4079 1111 4132 sed
1129 4080 1160 4133 in
1177 4080 1268 4136 libro:
1298 4082 1349 4136 Ge·

167 4167 282 4222 sebicbte
301 4167 347 4221 der
365 4167 573 4223 altcbrratle'ctcn
591 4164 745 4219 momatur
760 4163 819 4225 11‚1
837 4163 935 4233 (1897),
955 4165 1094 4221 aar-406
1114 4167 1289 4222 sententiam
1308 4185 1349 4223 re-

168 4253 287 4307 vocarit.
