2834 5018
122 311 225 377 LXIV
569 308 852 364 PROLEGOMENA.

122 486 317 559 nominibus,
350 485 545 551 inscribit:
579 489 721 551 Sonclue
743 492 896 567 Ipnolioe
924 494 959 551 in
981 509 1049 552 uno
1077 493 1296 570 epistularum

121 611 258 656 errorum
283 594 329 655 od
348 598 614 656 oneratissimum
637 598 796 671 ntroinem
816 595 950 671 fervide
971 603 1070 673 ropot
1089 596 1238 674 eundern,
1260 603 1297 657 ul

118 716 181 778 pro
205 700 432 760 consolatione
447 706 480 760 et
501 699 748 775 confortatione
770 704 824 761 1111·
840 707 873 761 el
890 701 1040 780 plurium
1056 702 1295 781 neophytorum

122 803 276 881 diproetnr
290 808 403 865 uenire
426 804 472 865 od
484 822 531 881 re,
553 822 655 885 neque
671 802 802 866 dubium
819 808 875 879 est,
897 825 969 867 eum
984 802 1154 886 epistulam
1170 803 1294 888 legisse,

122 928 160 970 ex
183 929 245 990 qna
267 907 363 969 etiem
378 905 475 969 verba
497 905 650 969 nonnulla
665 905 824 990 allegavit.
871 905 950 971 Cum
966 908 1120 990 epistulae
1136 909 1295 972 veteribus

120 1011 215 1095 plane
238 1012 349 1094 ignote
372 1011 436 1074 sint
459 1031 516 1074 nec
538 1010 600 1074 nisi
622 1010 720 1074 latine
744 1015 869 1076 exstent
890 1034 948 1077 nec
965 1011 1179 1076 Graecismum
1202 1014 1293 1077 redo·

120 1116 217 1193 leant,
241 1137 341 1199 paene
363 1136 471 1179 ornnes
495 1115 712 1191 consentiunt,
738 1137 790 1180 eas
813 1117 917 1181 medio
941 1139 1017 1181 aevo
1041 1140 1060 1180 a
1082 1117 1194 1180 Latino
1219 1139 1293 1181 con·

121 1221 255 1302 scriptas
278 1240 355 1283 esse.
402 1217 571 1284 Contendit
594 1221 720 1304 quidem
742 1221 862 1297 Menas,
887 1222 1052 1306 episcopus
1075 1223 1163 1288 urbis
1180 1221 1294 1287 Arme-

120 1326 192 1389 niae
215 1325 344 1388 maioris
360 1323 558 1408 Bagrevand,
583 1347 616 1389 se
632 1326 794 1409 exemplar
818 1349 966 1411 graecum
982 1327 1086 1410 idque,
1111 1332 1146 1391 ut
1161 1326 1295 1411 Katergi

120 1429 341 1493 Mechitarista
364 1428 479 1504 addit¹,
504 1429 588 1511 typis
612 1429 731 1492 editum
747 1430 870 1505 vidisse,
896 1431 980 1515 quod
1000 1436 1127 1514 praeter
1148 1453 1203 1495 sen
1226 1433 1294 1515 epi-

121 1534 220 1598 stulas
243 1533 361 1618 Ignatii
390 1533 600 1616 interpolatas
622 1533 694 1597 illas
727 1538 792 1598 tres
822 1536 1004 1599 contineret.
1052 1534 1113 1599 Sed
1146 1536 1295 1618 quamdiu

119 1661 183 1702 non
213 1637 267 1702 alii
296 1641 392 1701 testes
421 1637 553 1721 originis
585 1637 791 1720 epistularum
824 1662 956 1724 graecae
991 1640 1121 1723 produci
1151 1644 1293 1722 possunt,

120 1743 186 1807 eins
208 1743 312 1807 verbis
335 1743 387 1806 vix
409 1743 487 1807 fides
510 1743 655 1806 habenda
678 1748 734 1807 est.

207 1846 323 1911 Tribus
356 1847 445 1910 annis
478 1852 552 1930 post
588 1846 758 1911 editionem
789 1847 916 1911 illarum
951 1848 1159 1931 epistularum
1193 1848 1295 1913 Faber

121 1952 319 2038 stapulensis
336 1952 510 2015 versionem
533 1951 739 2034 epistularum
755 1952 899 2016 undecim
924 1951 1056 2034 (scilicet
1073 1974 1190 2028 earum,
1217 1975 1295 2037 quas

119 2059 258 2122 recensio
279 2056 405 2140 longior
429 2056 646 2139 amplectitur,
671 2056 814 2139 epistulis
838 2057 956 2141 ignatii
980 2062 1012 2121 et
1034 2056 1155 2122 Mariae
1180 2056 1294 2123 Cesso·

119 2162 236 2226 bolitae
271 2160 388 2225 mutuis
423 2158 574 2244 exceptis)
607 2160 739 2225 latinam
773 2161 949 2245 publicavit
964 2159 986 2224 ².
1044 2160 1295 2247 Symphorianns

119 2265 324 2349 Champerius
347 2266 380 2330 in
404 2266 548 2343 editione,
573 2288 669 2348 quam
692 2289 719 2329 a.
739 2267 822 2331 1536
845 2266 999 2350 paravit³,
1024 2272 1151 2351 praeter
1171 2269 1293 2352 epistu-

118 2371 181 2435 lnm
205 2371 245 2434 ad
268 2370 403 2434 Mariam
419 2369 650 2434 Cassobolitam
672 2370 790 2456 Ignatii
813 2371 964 2454 epistulas
989 2373 1028 2436 ad
1049 2372 1201 2437 loannem
1223 2396 1294 2436 mu·

118 2480 252 2558 tuasque
268 2475 405 2539 eiusdem
423 2479 454 2538 et
476 2476 588 2540 beatae
604 2475 725 2539 Mariae
737 2476 870 2560 virginis
887 2477 1039 2560 epistulas
1064 2478 1187 2554 adiecit,
1205 2499 1293 2541 eum-

118 2603 178 2665 que
201 2580 300 2643 secuti
324 2579 379 2643 alii
402 2601 527 2664 quoquc
550 2579 607 2643 has
623 2602 687 2643 una
709 2603 780 2644 cum
803 2580 868 2644 illis
885 2582 1058 2645 ediderunt.
1105 2580 1296 2645 Habuerunt

117 2707 170 2749 eas
194 2684 356 2769 genuinas,
387 2684 532 2767 idemque
559 2689 628 2747 tum
650 2686 803 2768 temporis
837 2707 945 2750 omnes
969 2686 1124 2751 Catholici
1157 2686 1294 2750 sensisse

116 2789 270 2865 videntur,
295 2810 320 2851 e.
346 2810 376 2873 g.
401 2788 528 2852 Marcus
553 2788 708 2865 Michael,
733 2791 898 2873 presbyter
921 2788 1131 2861 Cortonensis,
1156 2791 1189 2853 in
1212 2789 1294 2854 libro

117 2894 155 2957 de
176 2893 251 2956 viris
274 2891 483 2957 illustribus⁴.
530 2891 625 2956 Brevi
647 2898 752 2957 autem
776 2895 934 2958 sententia
956 2899 1080 2958 mutata
1102 2898 1159 2957 est.
1200 2891 1294 2957 Anno

118 2999 200 3061 1557
224 2997 413 3061 Valentinus
437 2996 601 3080 Hartung,
634 2997 710 3061 Frid
732 3000 797 3063 sive
819 2999 940 3063 Paceus
971 2997 1151 3082 appellatus
1162 2997 1185 3074 ⁶,
1211 3002 1244 3061 et
1266 3020 1292 3060 n.

118 3102 201 3166 1560
234 3101 377 3166 Andreas
413 3100 548 3165 (1011101θ
581 3107 702 3166 textum
735 3104 925 3167 recensionis
956 3102 1109 3186 longioris
1142 3122 1293 3185 graecum

115 3343 142 3394 p.
162 3324 220 3379 316.

185 3412 201 3465 2
220 3410 349 3480 Dionysii
374 3411 493 3466 Celestis
521 3412 680 3467 hierarchia
698 3453 703 3465 .
719 3454 745 3466 ..
764 3414 872 3483 Ignacii
892 3411 1023 3466 undecim
1046 3410 1175 3480 epistole.
1213 3409 1293 3478 Poly-

116 3498 194 3567 carpi
221 3499 343 3569 epistola
370 3516 434 3553 una.
471 3501 588 3554 Parisiis
609 3501 682 3556 1498.
721 3500 830 3555 Recuss
858 3500 1032 3570 Argentinae
1062 3496 1145 3559 1502;
1175 3497 1293 3551 Parisiis

117 3587 183 3640 1515
202 3588 256 3640 etc.

185 3675 200 3726 3
219 3672 347 3741 Dionysii
366 3672 546 3727 Carthusiani
571 3692 655 3744 super
677 3691 773 3729 omnes
792 3674 818 3728 S.
838 3673 968 3741 Dionysii
987 3672 1178 3743 Areopagitae
1206 3672 1293 3727 libros

115 3759 323 3814 commentaria.
361 3760 495 3814 Coloniae
517 3761 583 3816 1536
602 3761 649 3815 fol.
669 3761 719 3816 357
740 3778 799 3829 sqq.

183 3847 261 3901 401.
282 3846 466 3915 Champerius
484 3848 502 3900 1.
523 3865 545 3901 c.
565 3847 614 3903 fol.
633 3847 691 3902 358.

185 3934 300 3986 5Beati
325 3933 400 3986 inter
427 3936 541 3988 sanctos
561 3934 667 3990 Christi
695 3933 843 3988 defunctos
871 3932 1082 4002 hieromartyris
1112 3934 1220 4003 Ignatii
1240 3941 1292 3990 etc.

113 4020 257 4087 opuscula,
277 4036 349 4086 quse
368 4020 482 4089 quidem
500 4022 619 4084 exstant,
640 4020 746 4081 omnia,
765 4018 850 4085 idque
869 4023 944 4074 certe
962 4020 991 4073 in
1010 4020 1149 4090 originali,
1181 4037 1241 4089 qua
1258 4021 1293 4076 ab

113 4106 176 4175 ipso
195 4108 316 4176 primum
335 4108 493 4177 perscripta
512 4111 583 4165 eunt
604 4110 703 4176 lingua
721 4124 830 4176 graecu.
869 4106 1014 4177 Dillingse
1035 4109 1108 4162 1557.

183 4193 322 4263 blgnatii
340 4194 496 4248 beatissimi
523 4194 654 4262 martyris
674 4197 702 4246 et
730 4193 936 4262 archiepiscopi
960 4194 1130 4248 Antiocheni
1155 4197 1293 4265 epistolae

114 4279 270 4335 duodecim.
307 4280 411 4336 Ioanne
438 4281 582 4334 Brunnero
602 4279 737 4349 'ligurino
767 4279 930 4350 interprete.
966 4281 1042 4334 Inest
1068 4281 1099 4332 in
1126 4283 1295 4340 collectione
