2834 5018
424 718 474 772 AD
493 716 669 772 EPHESIOS
687 718 720 781 V,
739 718 864 782 2-vl11‚
886 719 907 771 1.
1190 725 1254 788 219

74 899 248 964 ecclesiae?
281 901 310 964 3.
336 898 397 976 Qui
418 900 519 985 igitur
541 900 574 963 in
598 902 786 963 conventum
808 920 871 963 non
901 899 1005 977 venit,
1037 898 1091 964 hic
1112 899 1177 962 iam
1200 921 1254 962 00-

73 1005 183 1089 perbia
206 1004 308 1069 elatus
338 1008 386 1068 est
410 1008 441 1068 et
464 1005 604 1088 seipsum
628 1004 785 1088 separavit
819 1008 914 1087 atque
936 1004 1097 1068 iudicavit.
1144 1003 1253 1087 Serip-

73 1115 140 1174 tum
164 1115 213 1173 est
235 1109 334 1173 enim:
371 1110 532 1190 Superbia
561 1112 643 1173 deus
665 1116 804 1174 resistit.
851 1108 1039 1174 Studeamus
1061 1109 1162 1193 igitur
1183 1109 1253 1192 epi·

73 1236 170 1298 scopo
193 1235 257 1277 non
280 1214 434 1289 resistere,
459 1219 495 1277 ut
518 1215 615 1278 simus
639 1215 774 1278 subiecti
797 1217 864 1279 deo.

160 1317 216 1382 VI.
241 1319 284 1382 Et
308 1318 459 1402 quamdiu
483 1319 553 1401 quis
569 1319 754 1402 episcopum
777 1324 935 1385 tacentem
949 1321 1044 1398 videt,
1068 1326 1160 1385 tanto
1183 1337 1279 1383 ma-⁶

73 1424 122 1508 gis
145 1445 217 1487 eum
240 1428 437 1498 revereatur;
471 1444 700 1506 quemcumque
724 1425 808 1489 enim
830 1426 1061 1509 paterfamilias
1090 1426 1190 1490 mittit
1213 1425 1253 1489 ad

73 1528 312 1613 gubernandam
343 1527 499 1592 familiam
531 1551 636 1604 suam,
668 1529 752 1592 hunc
783 1530 829 1593 ita
861 1531 1003 1614 accipere
1034 1533 1183 1596 debemus
1217 1533 1254 1592 ut

71 1633 162 1696 illum
178 1634 292 1715 ipsum,
318 1632 371 1716 qui
389 1631 498 1695 mittit.
545 1631 752 1696 Manifestum
767 1633 866 1717 igItur
881 1640 938 1711 est,
964 1637 1049 1725 quod
1070 1637 1253 1720 episcopum

72 1736 229 1819 respicere
252 1739 398 1818 oporteat
419 1739 455 1798 ut
478 1735 582 1818 ipsum
599 1735 767 1799 dominum.
815 1737 844 1799 2.
868 1738 912 1802 Et
933 1739 1001 1821 ipse
1025 1740 1150 1824 quidem
1168 1739 1251 1804 One-

72 1840 171 1903 simus
195 1861 291 1922 supra
321 1840 451 1903 modum
473 1840 583 1903 laudat
611 1844 750 1903 vestrum
778 1841 940 1907 decentem
972 1844 1175 1926 divinumque
1199 1865 1250 1907 or·
1267 1860 1291 1896 1⁰

73 1945 196 2021 dinem,
232 1945 316 2028 quod
347 1967 455 2009 omnes
478 1946 649 2009 secundum
671 1945 838 2009 veritatem
860 1947 976 2010 vivatis
1009 1952 1041 2011 et
1063 1949 1149 2031 quod
1171 1947 1254 2012 inter

70 2070 128 2113 vos
151 2048 259 2113 nullus
282 2049 323 2112 sit
346 2050 470 2112 haeresi
484 2049 591 2125 1000ος
615 2050 670 2113 sed
693 2071 795 2133 neque
808 2050 924 2115 auditis
948 2051 1087 2135 aliquem
1105 2050 1251 2134 amplius,

73 2157 99 2220 si
124 2157 252 2240 quidem
274 2156 361 2220 Iesus
385 2155 529 2221 Christus
552 2179 585 2221 re
606 2179 681 2221 vera
705 2159 823 2222 advos
847 2157 996 2241 loquitur.

160 2258 231 2322 VII.
258 2258 367 2325 Solent
400 2262 483 2328 enim
505 2261 651 2326 nonnulli
680 2263 765 2327 malo
795 2263 869 2327 dolo
899 2283 1013 2326 nomen
1041 2261 1167 2344 quidem
1190 2261 1251 2324 cir-

72 2365 237 2442 cumferre,
256 2365 319 2429 alia
342 2368 497 2451 quaedam
512 2372 677 2450 patrantes
699 2367 831 2453 indigna
847 2369 921 2442 010ος
947 2388 1026 2450 quos
1049 2369 1175 2450 oportet
1193 2378 1292 2429 0001δ

71 2476 107 2534 ut
131 2470 217 2534 feras
234 2471 361 2534 evitare.
408 2470 490 2535 Sunt
505 2471 588 2534 enirn
612 2494 704 2536 canes
720 2473 832 2549 rabidi,
856 2471 940 2537 clam
954 2472 1148 2545 mordentes;
1174 2491 1252 2554 quos

71 2597 90 2637 a
113 2575 204 2639 vobis
235 2575 328 2639 vitari
350 2579 475 2659 oportet
504 2580 540 2638 ut
562 2577 673 2641 morbo
706 2576 876 2641 difficulter
898 2575 1032 2641 curabili
1060 2575 1250 2639 laborantes.

70 2681 100 2742 2.
126 2678 268 2742 Medicus
292 2682 397 2742 autem
419 2702 500 2744 0000
524 2685 581 2753 001,
606 2686 637 2745 01
661 2682 796 2745 carnalis
820 2687 851 2746 et
867 2681 1054 2766 spiritualis,
1079 2681 1204 2764 genitus
1221 2682 1252 2742 et

69 2784 250 2869 ingenitus,
281 2784 429 2847 incarne
461 2786 614 2849 exsistens
639 2786 731 2863 dena,
764 2787 798 2850 in
820 2790 921 2850 morte
948 2772 1014 2849 vita
1036 2806 1128 2861 vera,
1159 2788 1253 2847 etex

69 2888 175 2953 Maria
198 2893 230 2951 et
252 2909 291 2950 ex
315 2888 389 2966 deo,
423 2887 560 2970 primum
583 2890 743 2970 passibilis
767 2896 799 2955 et
821 2896 897 2955 tunc
919 2889 1136 2974 impassibilis,
1162 2887 1249 2952 lesus
1266 2899 1291 2938 2⁰

70 2991 217 3057 Christus
241 2993 385 3056 dominus
408 2996 525 3055 noster.

158 3095 245 3160 VIII.
275 3096 325 3160 Ne
357 3097 427 3180 quis
456 3097 556 3180 igitur
586 3120 641 3162 vos
673 3100 816 3176 seducat,
849 3099 930 3162 01001
959 3119 1018 3163 000
1047 3096 1250 3172 seducimin13

141 3252 157 3305 3
176 3249 257 3303 Prov.
278 3252 301 3313 3,
322 3250 370 3314 34;
390 3252 444 3304 Iac.
463 3254 487 3313 4,
507 3252 538 3314 6;
558 3252 571 3304 I
588 3253 662 3306 Petr.
683 3254 706 3316 5,
727 3255 750 3306 5.

71 3371 135 3425 fidit
154 3372 213 3441 Igu.
234 3373 380 3442 Ephesios,
400 3375 424 3426 si
443 3375 556 3441 quidem
570 3375 766 3430 Chri-'dotet
793 3374 938 3444 Dialog.l
965 3374 1007 3427 ed.
1028 3372 1123 3443 Migne
1142 3373 1188 3436 IV,
1208 3372 1250 3426 83.

70 3461 147 3512 stum
165 3475 217 3528 per
236 3461 388 3529 apostolos,
409 3461 565 3530 episcopos,
586 3462 648 3515 doc·
661 3500 663 3507 -
676 3463 804 3518 Gelasius
823 3461 864 3514 De
883 3460 992 3515 duabus
1010 3462 1040 3514 in
1053 3460 1117 3513 Chr.
1136 3460 1246 3514 naturis

70 3548 149 3600 tores
169 3547 313 3613 quoslibet
330 3549 393 3617 pios
420 3549 582 3615 loquentem
601 3566 648 3602 au·
661 3510 664 3597 l
676 3549 793 3619 (Magna
814 3547 881 3602 bibl
908 3552 981 3618 patr.
1001 3547 1088 3602 Paris.
1110 3547 1184 3601 1654.
1203 3546 1250 3600 IV.

69 3633 152 3687 diant
172 3649 324 3700 veramque
343 3634 402 3688 eius
421 3633 564 3702 loquelam
586 3653 648 3704 per·
676 3637 695 3698 1,
713 3635 786 3702 423).
807 3634 925 3690 Severus
943 3634 1073 3689 Antiooh.
1085 3635 1178 3689 Curet.
1190 3635 1250 3693 218,

70 3720 200 3789 ceperint
218 3720 264 3789 (ci.
287 3723 326 3783 15,
346 3722 390 3789 2),
419 3723 506 3776 alieni
524 3723 648 3777 doctoris
676 3721 733 3776 249.
752 3723 862 3792 Fragm.
882 3740 935 3790 syr.
954 3722 1046 3775 Curet.
1065 3721 1104 3774 ib.
1130 3751 1163 3759 -
1191 3739 1251 3791 γεν-

70 3823 106 3860 00
135 3806 271 3861 andiendi
298 3808 429 3874 quidem,
459 3810 561 3862 nedum
580 3811 648 3863 reci·
676 3810 757 3879 νητὸς
775 3831 800 3866 κ.
820 3808 922 3881 dyiva]
947 3808 1065 3863 Genitus
1084 3807 1119 3859 ab
1138 3806 1250 3877 Ignatio

68 3893 167 3964 piendi
186 3894 302 3963 cupidos
322 3911 382 3948 esse
401 3894 509 3964 (Zahnl.
660 3895 805 3959 ;Christus
817 3900 941 3957 vocatur,
961 3896 1099 3962 quatenns
1115 3910 1148 3947 ex
1161 3894 1252 3946 Maria

103 3980 165 4045 VII,
187 3984 208 4036 1.
228 3980 324 4035 Ioann.
344 3982 423 4035 Dam.
440 3983 465 4036 S.
480 3984 510 4037 P.
524 3982 648 4049 Lequien
661 3962 663 4059 t
675 3982 786 4050 virgine
806 3999 858 4051 per
875 3982 1010 4035 virtutem
1028 3984 1057 4035 et
1074 3982 1251 4034 voluntatem

66 4066 101 4125 11.
124 4069 191 4130 7723
220 4067 300 4129 Holl,
329 4068 490 4138 Fraprneatc
507 4087 534 4138 p.
555 4070 594 4124 18.
614 4069 728 4159 -lDei
747 4086 859 4123 carnem
878 4068 998 4137 sumpsit
1016 4066 1084 4133 (Sm
1106 4068 1127 4127 1,
1149 4066 1190 4135 1);
1210 4066 1251 4119 10·

66 4151 170 4225 ὄνομα]
199 4155 240 4208 ef.
261 4157 290 4216 3,
312 4156 333 4207 1.
362 4187 397 4194 —
423 4152 462 4222 ὼς
481 4155 575 4228 θηρία]
605 4155 789 4223 Cf.2genitus
809 4157 921 4218 autem,
950 4156 1089 4220 quatenus
1113 4154 1189 4207 Deus
1208 4157 1252 4208 est

66 4241 179 4311 Smyrn.
198 4242 223 4304 4,
245 4243 274 4304 1;
306 4240 370 4294 Eua.
390 4241 423 4294 Η.
443 4241 472 4295 Ε.
493 4243 539 4303 IV,
561 4244 602 4306 24,
624 4220 859 4296 oleumcum
885 4244 966 4310 patre
984 4243 1050 4294 ante
1074 4239 1251 4293 000001000-

65 4360 102 4370 -
120 4328 316 4401 φυλάσσεσθαι
335 4329 405 4397 κτλ]
431 4330 447 4382 1.
469 4346 491 4383 0.
512 4328 752 4383 haeretici'sistit
779 4327 883 4396 (Polyc.
902 4328 925 4391 3,
945 4329 980 4394 2).
1024 4325 1159 4380 Similiter
1186 4327 1251 4380 Ter-

66 4434 132 4471 cum
152 4416 200 4469 vix
214 4416 372 4485 corrigendi
386 4416 450 4479 sint,
469 4415 648 4482 relinquendi
661 4458 663 4469 .
675 4415 812 4469 tullianus
831 4413 872 4468 De
892 4429 974 4467 carne
994 4413 1100 4467 Christi
1119 4430 1142 4467 c.
1156 4416 1179 4467 5.
1199 4413 1250 4468 Re-

65 4506 133 4558 0001
152 4503 203 4556 001
223 4506 252 4557 01
271 4520 420 4572 corporum
439 4506 468 4557 et
492 4503 649 4556 animarum
675 4504 784 4556 ferente
803 4500 957 4571 Hippolyto
976 4499 1070 4554 Refut
1090 4500 1136 4563 IX,
1157 4500 1189 4555 10
1208 4502 1250 4554 ed.

63 4590 179 4645 medico
201 4589 324 4644 Christo.
677 4589 807 4643 Duncker
823 4605 851 4657 p.
869 4587 922 4642 448
947 4585 1081 4642 Noetiani
1109 4587 1196 4643 etiam
1216 4587 1251 4642 de

99 4679 125 4733 2
145 4676 253 4732 Athon.
272 4676 315 4729 De
334 4675 431 4743 synod.
450 4691 473 4727 c.
493 4674 536 4727 47.
561 4674 648 4729 Theo·
660 4638 663 4740 t
676 4673 734 4730 Deo
754 4676 794 4729 sic
813 4674 1012 4742 loquebantur.
