2834 5018
214 323 275 388 130
679 318 692 371 1
712 315 917 373 οιιιιοιννιε

210 496 302 569 αὐτὸς
334 494 384 557 διὰ
407 501 461 557 τοῦ
492 491 666 575 πνεύματος
695 501 750 556 τοῦ
782 491 872 576 ἁγίου
904 495 1002 569 οὓτως
1033 493 1257 576 προσκαλεῖται
1286 491 1382 577 ἡμᾶς·

210 599 320 680 Δεῦτε,
343 600 455 678 τέκνα,
471 597 640 662 ἀκούσατέ
654 619 732 677 μου,
756 599 866 681 φόβον
882 600 1000 683 κυρίου
1016 596 1141 678 διδάξω
1157 603 1254 679 ὑμᾶς.
1284 601 1313 663 2.
1337 602 1383 678 τίς

211 705 303 768 ἐστιν
318 701 539 789 άνθρωποςὸ
562 700 680 766 θὲλων
696 701 799 785 ζωιΙν,
822 701 967 783 ἀγαπῶν
982 704 1110 787 ἡμέρας
1132 703 1217 767 ἰδεῖν
1237 702 1369 786 ἀγαθάς
1374 727 1384 780 ,·

211 812 241 876 3.
265 815 401 873 παῦσον
431 810 494 891 τὴν
518 805 679 890 γλῶσσάν
711 827 774 870 σου
797 806 866 869 άπὸ
890 814 1011 885 κακοῦ,
1041 809 1098 871 καί
1121 808 1216 891 χείλη
1240 830 1304 872 σου
1327 815 1383 871 τοῦ

183 938 196 976 ι
208 915 256 997 μὴ
279 912 424 996 λαλῆσαι
448 912 559 976 δόλον.
605 915 634 976 4.
659 910 816 975 ἔκκλινον
838 912 907 974 άπὸ
931 919 1038 976 κακοῦ
1062 915 1118 977 καί
1141 917 1290 997 ποίησον
1305 915 1383 996 άγα·

209 1018 286 1083 θδν.
335 1021 363 1083 5.
389 1018 537 1101 ζήτησον
571 1019 710 1102 εἰρήνην
739 1017 795 1079 καί
828 1014 953 1094 δίωξον
983 1019 1099 1100 αὐτην,
1146 1018 1176 1082 6.
1210 1017 1384 1101 ὀφθαλμοὶ

210 1126 328 1208 κυρίου
351 1122 407 1186 ἐπί
423 1120 582 1201 δικαίους,
606 1121 662 1183 καί
679 1121 749 1184 ὦτα
764 1123 869 1184 αὐτοῦ
892 1121 977 1205 πρὸς
993 1119 1110 1204 δέησιν
1125 1125 1254 1187 αὐτῶν·
1280 1126 1383 1209 πρόσ·

210 1248 309 1293 ωπον
343 1226 380 1290 δὲ
409 1228 527 1310 κυρίου
560 1225 616 1288 ἐπί
648 1231 830 1303 ποιοῦντας
860 1225 966 1303 κακά,
999 1232 1060 1288 τοῦ
1083 1224 1326 1312 ἐξολεθρεῦοαι
1348 1228 1383 1290 ἐκ

211 1339 270 1418 γῆς
300 1333 337 1396 τό
368 1331 592 1413 μνημόσυνον
621 1331 745 1392 αὐτῶν.
793 1330 821 1392 7.
845 1327 1027 1414 ἐκέκραξεν
1056 1332 1075 1394 δ
1105 1331 1249 1413 δίκαιος,
1279 1335 1336 1397 καί
1366 1335 1383 1397 δ

172 1460 196 1497 ιο
210 1441 324 1522 κύριος
347 1437 546 1518 είσὴκουσεν
577 1435 682 1496 αὐτοῦ
705 1433 760 1496 καί
784 1432 821 1495 ἐκ
854 1438 978 1497 πασῶν
1000 1439 1070 1498 τῶν
1096 1433 1258 1515 θλίψεων
1282 1441 1383 1502 αὐτοῦ

210 1541 353 1626 ἐρύσατο
381 1540 496 1603 αὐτόν.
543 1539 569 1602 8.
595 1535 720 1599 πολλαί
752 1539 786 1600 al
820 1535 959 1617 θλίψεις
993 1546 1053 1603 τοῦ
1086 1538 1234 1619 δικαίου,
1269 1544 1326 1606 καί
1348 1543 1383 1606 ἐκ

209 1651 333 1710 πασῶν
365 1646 479 1707 αὐτῶν
510 1644 646 1726 ῥύσεται
673 1641 778 1704 αὐτὸν
808 1641 826 1703 ὁ
851 1644 974 1725 κύριος.
1021 1644 1050 1707 9.
1076 1640 1155 1705 εἶτα·
1191 1644 1328 1710 Πολλοί
1351 1649 1383 1710 al

208 1751 367 1831 μάστιγες
389 1754 449 1811 τοῦ
465 1743 680 1831 άμαρτωλοῦ,
704 1747 783 1825 τοὺς
807 1744 844 1808 δὲ
860 1745 1061 1827 ἐλπίζοντας
1077 1749 1133 1811 ἐπί
1155 1753 1277 1835 κύριον
1292 1750 1382 1831 ἔλεος

209 1852 385 1918 κυκλώσει.

169 1974 195 2012 ιι
296 1958 413 2023 XXIII.
450 1953 487 2016 ‘O
522 1952 687 2036 οἰκτίρμων
716 1955 799 2016 κατὰ
832 1954 935 2016 πάντα
968 1955 1021 2016 καί
1056 1956 1250 2039 εὐεργετικὸς
1284 1961 1383 2041 πατὴρ

208 2064 273 2146 ἔχει
297 2061 464 2144 σπλάγχνα
488 2058 537 2121 ἐπί
552 2061 625 2133 τοὺς
648 2057 859 2143 φοβουμένους
887 2057 990 2136 αὐτόν,
1014 2057 1113 2139 ἠπίως
1134 2081 1169 2122 τε
1192 2062 1246 2123 καί
1271 2083 1382 2146 προση-

208 2176 268 2241 νῶς
290 2167 345 2239 τὰς
373 2163 502 2246 χάριτας
531 2164 626 2225 αὐτοῦ
650 2163 792 2226 ἀποδιδοῖ
813 2171 877 2236 τοῖς
906 2163 1165 2246 προσερχομένας
1189 2167 1276 2249 αὐτῷ
1300 2167 1383 2251 ἁπλῇ

207 2269 336 2353 διανοίᾳ.
382 2272 412 2334 2.
436 2268 483 2331 διὸ
506 2269 548 2350 μὴ
570 2267 765 2350 διψυχῶμεν,
796 2267 874 2351 μηδὲ
909 2264 1150 2350 ἰνδαλλὲσθωὴ
1178 2269 1265 2354 ψυχὴ
1296 2270 1382 2354 ἡμῶν

209 2375 257 2438 ἐπί
281 2383 347 2448 ταῖς
377 2370 643 2456 ὑπερβαλλούσαις
666 2373 719 2434 καί
749 2370 882 2448 ἐνδόξοις
913 2371 1042 2452 δωρεαῖς
1072 2373 1177 2435 αὐτοῦ.
1224 2378 1254 2441 3.
1279 2375 1382 2458 πόρρω

169 2496 195 2534 2⁰
208 2479 352 2566 γενέσθω
376 2475 431 2558 ἀφ’
453 2476 541 2559 ἡμῶν
563 2474 584 2558 ἡ
606 2477 710 2560 γραφὴ
726 2477 815 2559 αὕτη,
838 2478 917 2538 δπου
933 2473 1029 2559 λέγει·
1058 2476 1279 2564 Ταλαίπωροί
1299 2483 1383 2545 είσιν

208 2589 239 2650 οί
262 2585 409 2665 δίψυχοι,
433 2585 464 2646 οί
480 2581 693 2662 διστάζοντες
715 2587 756 2667 τῇ
773 2587 878 2668 ψυχῇ,
901 2584 932 2645 οί
948 2580 1115 2664 λέγοντες·
1144 2582 1259 2648 Ταῦτα
1282 2588 1382 2668 ἡκού-

208 2711 317 2772 σαμεν
332 2689 388 2751 καί
412 2688 554 2751 ἐπὶτῶν
577 2686 737 2771 πατέρων
752 2689 861 2769 ημῶν,
885 2687 941 2750 καὶ
958 2685 1042 2765 ίδού,
1057 2689 1305 2772 γεγηράκαμεν,
1328 2690 1382 2753 καὶ

207 2795 308 2859 οὐδὲν
337 2797 420 2876 ημῖν
451 2796 582 2857 τούτων
613 2791 831 2874 συνβίβηκεν.
887 2793 918 2855 4.
951 2790 1158 2873 ῶάνόητοι,
1193 2792 1382 2876 συμβάλετε

207 2900 347 2979 ἑαυτοὺς
371 2897 478 2983 ξύλω·
503 2896 623 2981 λάβετε
646 2894 819 2976 ἄμπελον
845 2901 984 2979 πρῶτον
1006 2895 1071 2974 μὲν
1094 2895 1288 2980 ψυλλοροεῖ,
1311 2899 1381 2962 είτα

167 3018 193 3056 2⁶
206 3003 352 3087 βλαστὸς
375 3005 517 3085 γίνεται,
549 3003 620 3064 είτα
648 2999 796 3083 φύλλον,
820 3000 891 3063 είιυ
923 2998 1051 3079 ἄνθος,
1084 3002 1140 3063 καὶ
1163 3003 1249 3080 μετά
1276 3008 1381 3065 ταῦτα

207 3103 332 3189 ὄμψαξ,
356 3107 427 3169 εἶτα
450 3104 605 3188 σταφυλὴ
629 3110 870 3188 παρεστηκυῖα.
917 3102 1019 3183 δρᾶτε,
1043 3105 1089 3165 ότι
1112 3102 1145 3165 ἐν
1169 3111 1269 3186 καιρῷ
1286 3104 1380 3187 ὀλίγῳ

207 3209 249 3283 εἰς
271 3207 416 3290 πέπειραν
440 3217 580 3290 καταντᾷ
604 3207 620 3269 ό
642 3208 761 3288 καρπὸς
784 3217 838 3269 τοῦ
855 3206 958 3283 ξύλου.
1006 3210 1034 3272 5.
1059 3206 1109 3269 ἐπ’
1132 3207 1288 3293 ἀληθείας
1303 3211 1380 3291 ταχὺ

207 3315 261 3376 καί
285 3311 430 3396 ἐξαίφνης
453 3309 697 3394 τελειωθησεται
713 3313 748 3373 τδ
771 3310 913 3396 βούλημα
929 3313 1035 3390 αὐτοῦ,
1059 3312 1380 3396 συνεπιμαρτυροόσης

205 3418 335 3500 κοίτης
365 3425 505 3499 γραφῆς,
538 3418 584 3478 ότι
608 3419 692 3498 ταχὺ
721 3414 793 3500 ἥξει
816 3419 872 3480 καὶ
896 3420 935 3481 οὐ
963 3424 1105 3502 χρονιεῖ,
1138 3420 1194 3481 καὶ
1218 3416 1379 3502 ἐξαίφνης

275 3600 335 3666 2Ι11
356 3603 448 3666 τίς-
466 3597 553 3654 αὐτὸν
569 3598 613 3651 vel
626 3616 650 3650 v.
664 3600 777 3666 2-7>
796 3598 822 3651 H
841 3599 877 3652 cf.
903 3599 941 3661 18,
955 3602 971 3654 3
987 3599 991 3670 Ι
1007 3601 1025 3653 4
1043 3620 1095 3657 σον
1117 3602 1265 3669 οεο>ΑΙ
1284 3601 1316 3655 10
1337 3599 1379 3656 αδ

206 3696 255 3743 τοῦ
274 3686 317 3740 AS
331 3705 337 3738 ε
351 3691 386 3754 >
404 3686 425 3738 L
445 3685 523 3740 clem
540 3685 543 3755 Ι
562 3686 756 3749 11Ι12ποίλα1
775 3683 886 3744 -εἷτα
905 3686 991 3753 8ι>
1005 3687 1050 3740 AL
1069 3690 1186 3756 propter
1198 3687 1378 3742 iterationem

205 3790 305 3828 vocum
322 3776 422 3830 πολλοί
440 3772 468 3828 αί
493 3773 496 3842 Ι
525 3774 556 3828 12
574 3768 633 3828 εἶτα
653 3773 691 3835 Η,
712 3778 740 3827 εί.
758 3774 897 3828 IterumS
924 3776 928 3844 Ι
955 3774 987 3830 13
1005 3773 1069 3840 τοὺς
1091 3773 1119 3830 δὲ
1138 3771 1195 3830 ἐλπ.
1216 3775 1264 3828 AL
1284 3774 1377 3830 Glem:

205 3862 255 3917 τόν
273 3860 302 3917 δὲ
320 3859 466 3929 ἐλπίζοντα
483 3858 530 3912 HS
550 3859 624 3914 LXX
639 3859 643 3928 Ι
661 3860 693 3913 19
711 3863 809 3935 πόρρω
820 3862 855 3933 Ι-
868 3882 900 3935 γε
919 3861 945 3912 Η
961 3864 965 3929 Ι
982 3861 1015 3914 20
1033 3859 1101 3931 αὕτη
1115 3880 1121 3913 :
1134 3860 1220 3919 αὐτοῦ
1233 3864 1259 3917 Η
1276 3864 1281 3935 Ι
1297 3864 1329 3917 21
1348 3864 1379 3931 τῇ

205 3951 278 4019 ψυχῇ
296 3946 345 3999 HL
359 3966 365 4000 :
378 3968 428 4018 την
445 3966 535 4019 ψνχην
553 3947 577 3998 Α
593 3952 596 4016 Ι
613 3950 647 4001 24
665 3957 778 4022 πρῶτον
795 3950 847 4019 μὲν
865 3952 1057 4021 ψυλλοροεῖ>
1074 3949 1101 4003 Η

239 4093 338 4155 XXIII,
357 4095 381 4146 2.
407 4092 593 4162 ίνδάλλεσθαι]
613 4115 647 4139 =
666 4097 777 4165 ψαίνεσ·
790 4100 792 4107 “
804 4111 864 4163 pos.
883 4093 955 4157 VIII,
974 4096 998 4147 2.

207 4185 264 4245 θαι,
282 4182 479 4252 φαντάζεσθαι.
500 4181 542 4235 cf.
557 4179 641 4234 clem.
655 4179 697 4232 AI.
711 4181 792 4251 Pro·¹
840 4182 863 4235 3.
883 4184 1053 4253 ταλαίπωροι
1062 4182 1131 4251 κτλ]
1142 4182 1219 4236 Idem
1229 4181 1309 4236 locus
1317 4185 1374 4235 tan·

204 4269 289 4335 trept.
308 4281 331 4318 ο.
344 4267 383 4329 10,
395 4266 443 4321 103
455 4285 482 4336 p.
493 4266 542 4330 81;
563 4267 688 4321 Method.
701 4267 776 4335 Sym·
789 4270 792 4303 ³
804 4284 889 4334 quam
908 4267 1013 4321 dictum
1032 4268 1229 4337 propheticum
1247 4270 1275 4323 II
1292 4268 1372 4322 (λεια.
