2834 5018
500 631 654 687 HERMAE
672 632 820 687 PASTOR.

626 879 683 944 IV.

152 1018 261 1084 Ordo
285 1021 586 1084 sententiarum
606 1021 659 1086 hic
681 1026 738 1085 est.
784 1020 919 1084 Hamas
942 1042 1012 1084 cum
1034 1019 1149 1084 Cumas
1171 1021 1239 1098 iret,

72 1123 221 1208 aspiritu
243 1124 279 1187 in
301 1122 406 1188 locum
428 1125 547 1190 invium
563 1128 712 1210 abreptus
735 1130 792 1189 est.
838 1124 902 1190 Ubi
924 1147 994 1190 cum
1017 1129 1129 1202 oraret,
1154 1124 1240 1188 caelo

71 1233 173 1311 aperto
196 1227 313 1293 Rhode
335 1229 365 1292 ei
387 1230 535 1313 apparuit
567 1231 690 1308 dicens,
713 1230 818 1295 Deum
840 1230 881 1294 ob
904 1230 1092 1294 desiderium
1121 1229 1241 1293 malum

70 1332 94 1394 ei
123 1333 235 1410 irasci,
270 1333 447 1416 paenitenti
475 1337 581 1397 autem
610 1334 772 1418 ignoscere
796 1332 876 1415 (Vis.
899 1333 924 1411 I,
952 1332 993 1415 1).
1038 1323 1241 1418 Recogitanti

69 1440 171 1501 antem
193 1437 352 1515 Hermae,
387 1439 542 1522 quomodo
564 1438 669 1503 Deum
690 1440 894 1523 propitiaret,
926 1461 1004 1502 anus
1026 1438 1180 1522 apparuit,
1205 1443 1241 1501 ut

69 1562 136 1604 enm
159 1541 379 1606 consolaretur
402 1542 435 1626 (l.
461 1565 486 1607 c.
511 1565 536 1607 c.
553 1542 585 1625 2)
610 1548 642 1608 et
671 1545 905 1622 adhortaretur,
938 1549 974 1607 ut
996 1544 1122 1607 domum
1151 1563 1240 1605 suam

68 1645 245 1730 improbam
277 1652 472 1712 converteret
504 1649 544 1712 ad
565 1648 687 1724 Deum,
719 1649 809 1733 eique
833 1648 948 1712 librum
977 1647 1114 1731 legeret,
1148 1668 1241 1730 quem

68 1771 170 1814 secum
198 1750 314 1815 hebuit
343 1750 383 1831 (c.
406 1750 451 1834 3).
496 1752 603 1818 Finita
635 1754 769 1818 lectione
801 1755 841 1818 ad
863 1754 1015 1818 orientem
1038 1752 1132 1827 abiit,
1156 1750 1239 1814 Her·

68 1875 149 1918 mam
181 1855 370 1933 admonens,
403 1862 439 1920 ut
470 1858 702 1922 confortaretur
725 1857 763 1940 (c.
788 1859 829 1936 4).
860 1894 902 1901 -
932 1856 993 1932 Qui
1024 1878 1096 1920 cum
1125 1856 1240 1918 iterum

68 1956 145 2038 (Vis.
164 1959 210 2040 Π)
235 1957 349 2051 Cumas
372 1960 638 2044 proficisceretur,
670 1962 710 2025 ab
734 1984 795 2025 anu
817 1961 934 2025 librum
957 1959 1087 2042 accepit,
1111 1962 1147 2021 ut
1169 1980 1240 2021 eum

68 2063 266 2128 describeret.
291 2063 424 2129 Sensum
445 2087 509 2129 non
532 2066 680 2150 cognovit
696 2063 733 2146 (c.
753 2064 795 2145 1).
829 2063 908 2128 Post
929 2064 995 2128 dies
1018 2063 1130 2147 viginti
1145 2063 1238 2145 quin-

67 2188 125 2250 que
148 2173 258 2232 autem
274 2170 431 2253 scriptura
454 2172 483 2235 ei
506 2171 646 2237 revelata
668 2176 725 2247 est,
749 2172 874 2235 ethaeo
897 2170 1015 2254 scripta
1030 2173 1131 2233 erant:
1154 2167 1238 2231 filios

66 2271 156 2335 valde
179 2293 329 2355 peccasse
353 2277 384 2336 et
407 2295 537 2338 uxorem
558 2274 669 2359 lingua
685 2275 873 2357 deliquisse3
896 2274 1021 2339 veniam
1035 2278 1140 2338 autem
1161 2293 1237 2355 pec·

67 2380 208 2440 catorum
231 2376 372 2459 priorum
390 2399 444 2441 eos
468 2383 690 2443 consecuturos
705 2401 782 2457 esse,
806 2381 834 2444 si
848 2379 1074 2463 paenitentiam
1089 2377 1236 2460 egissent,

65 2502 166 2562 neque
189 2502 281 2556 vero,
313 2482 340 2544 si
361 2486 474 2565 postea
498 2483 715 2567 delinquerent
738 2482 775 2564 (c.
793 2481 845 2564 2);
875 2484 1004 2567 ipsene
1027 2482 1092 2546 suis
1120 2481 1237 2545 irasce-

65 2589 165 2661 retur3
198 2607 351 2670 magnam
372 2586 609 2652 tribulationem
632 2610 704 2651 eum
725 2587 886 2663 habuisse,
917 2587 972 2650 sed
993 2590 1123 2671 propter
1143 2585 1238 2650 fidem

67 2694 285 2753 conservatam
307 2711 378 2755 eum
401 2691 518 2756 salvari
542 2690 580 2774 (c.
598 2689 640 2773 3).
688 2691 777 2755 Anus
793 2695 908 2768 autem,
932 2713 1027 2774 quam
1042 2712 1109 2754 esse
1124 2688 1236 2754 Eccle-

66 2793 142 2857 siam
166 2816 186 2857 a
208 2794 319 2858 iuvene
342 2796 456 2858 certior
477 2796 523 2872 fit,
547 2796 661 2860 iterum
678 2797 760 2860 domi
783 2797 812 2860 ei
835 2797 984 2881 apparuit
1005 2795 1236 2878 mandavitque,

66 2903 100 2961 ut
121 2900 201 2963 duos
225 2898 350 2963 libellos
383 2900 534 2964 scriberet
557 2905 589 2965 et
618 2923 716 2964 unum
739 2899 890 2965 Clementi
918 2900 1073 2977 mitteret,
1104 2899 1238 2963 alterum

67 3000 185 3086 Grapte
199 3003 238 3082 (c.
252 3001 296 3084 4).
310 3003 485 3068 -Deinde
500 3026 616 3068 novam
631 3005 782 3069 visionem
797 3006 920 3088 accepit
931 3006 964 3069 in
980 3025 1056 3089 agro
1070 3001 1150 3084 (Vis.
1165 3000 1235 3083 ΙΙΙ).

65 3103 208 3170 Ecclesia
232 3108 380 3191 apparuit
403 3130 474 3172 cum
497 3130 552 3172 sex
574 3109 748 3185 iuvenibus,
772 3114 804 3172 et
826 3113 994 3193 postquam
1010 3129 1081 3172 eum
1104 3108 1143 3171 ad
1159 3107 1236 3170 sini·

67 3215 163 3274 stram
186 3216 312 3294 partem
334 3212 440 3276 sedere
462 3213 555 3276 iussit
577 3211 751 3294 (dexteram
773 3218 896 3296 partem
921 3212 1113 3295 martyribus
1134 3231 1235 3274 reser-

65 3314 178 3396 vavit),
212 3315 350 3379 ostendit
372 3317 401 3379 ei
432 3317 559 3393 turrim,
591 3338 671 3400 quae
701 3316 858 3400 lapidibus
889 3318 984 3380 variis
1015 3337 1109 3399 super
1138 3335 1236 3397 aquas

67 3420 289 3484 aedificabatur
311 3442 330 3482 a
352 3441 408 3484 sex
429 3420 493 3484 illis
516 3421 680 3485 iuvenibus
695 3421 865 3504 multisque
888 3421 958 3485 aliis
974 3421 1049 3484 viris
1072 3418 1109 3501 (c.
1128 3415 1235 3499 1-2).

67 3522 173 3588 Turris
190 3528 305 3601 autem,
320 3529 356 3588 ut
377 3525 447 3608 ipsa
463 3525 610 3608 explicat,
635 3528 684 3588 est
707 3525 847 3601 ecclesia,
872 3529 904 3588 et
919 3546 1014 3608 super
1037 3547 1134 3608 aquas
1150 3523 1235 3587 aedi·

65 3627 228 3705 ficahatur,
254 3628 329 3711 quia
350 3627 495 3692 homines
527 3650 585 3711 per
607 3650 723 3711 aquam
745 3628 907 3692 salvantur
930 3627 969 3708 (c.
994 3625 1036 3709 3).
1084 3627 1145 3703 Qui
1166 3649 1236 3691 eam

66 3732 247 3808 aedificant,
279 3732 384 3816 angeli
416 3736 490 3796 eunt
519 3736 551 3796 et
580 3733 705 3816 quidem
736 3753 791 3796 sex
818 3731 866 3795 illi
896 3732 1023 3795 iuvenes
1054 3731 1159 3815 angeli
1181 3753 1234 3795 su·

65 3838 202 3919 periores
227 3833 266 3917 (c.
292 3836 335 3917 4).
382 3836 515 3919 Lapides
538 3841 613 3901 sunt
635 3837 672 3913 ii,
704 3837 759 3920 qui
790 3841 941 3901 vocantur
964 3837 1004 3900 ad
1026 3836 1128 3900 fidem.
1174 3832 1235 3899 Sed

65 3941 137 4005 boni
172 3945 298 4004 tantum
332 3941 371 4004 ad
405 3942 652 4006 aedificationem
688 3940 893 4018 adhibentur,
933 3941 1027 4005 ceteri
1064 3939 1234 4004 reiciuntur

65 4045 101 4123 (c.
120 4041 231 4125 5-7).
276 4044 420 4108 Ecclesia
442 4046 534 4124 enim,
559 4067 654 4130 quam
676 4044 810 4109 Hermas
832 4045 883 4108 hic
905 4046 963 4109 sub
986 4044 1123 4127 imagine
1137 4042 1233 4106 turris

64 4149 162 4225 videt,
194 4170 258 4212 non
281 4170 318 4213 ea
340 4153 405 4226 est,
437 4172 516 4234 quae
543 4150 641 4213 bonos
665 4154 696 4212 et
718 4148 818 4213 malos
848 4149 1002 4225 continet,
1035 4146 1099 4224 vel,
1131 4150 1167 4210 ut
1188 4146 1235 4210 ita

63 4253 172 4331 dicam,
198 4253 332 4317 ccclesia
354 4254 521 4337 empirica,
555 4254 610 4317 sed
632 4254 773 4336 superior
803 4254 955 4337 quaedam
977 4251 1028 4315 vel
1049 4250 1177 4330 idealis,
1200 4252 1235 4317 iu

62 4379 157 4441 quam
187 4358 263 4421 iusti
295 4362 421 4421 tantum
449 4358 568 4421 intrant
596 4357 647 4421 vel
675 4357 716 4434 ii,
754 4357 808 4441 qui
838 4356 976 4439 virgines
1008 4356 1091 4421 circa
1121 4357 1234 4421 turrim

61 4466 182 4527 stantes
206 4467 394 4546 sequuntur,
427 4462 447 4524 i.
472 4483 498 4525 e.
522 4461 691 4526 virtutibus
714 4460 817 4524 ornati
839 4464 913 4523 sunt
935 4460 1114 4525 christianis
1139 4461 1176 4542 (c.
1203 4463 1231 4538 8,

63 4564 170 4648 1-8).
218 4565 327 4630 Turris
351 4566 477 4647 quidem
499 4566 638 4630 nondum
661 4566 963 4642 consummataest,
995 4565 1050 4629 sed
1073 4565 1134 4630 cito
1157 4586 1232 4629 con·
