2834 5018
172 324 237 393 270
594 328 737 384 IGNATII
754 329 933 387 EPISTULA

171 503 254 567 ἀλλα
277 507 312 568 τὸ
334 516 456 590 πνεῦμα
479 508 515 570 ού
544 507 699 572 πλανᾶται
723 510 786 571 ἀπὸ
818 513 897 576 θεοῦ
920 513 964 574 ὄν.
1013 511 1113 578 Οἶδεν
1134 513 1213 596 γάρ,
1237 510 1351 577 πόθεν

171 610 302 695 ἔρχεται
325 613 381 675 καί
403 619 471 677 ποῦ
486 615 619 696 ὑπάγει,
642 615 694 675 καί
719 615 758 676 τὰ
780 617 902 695 κρυπτά
918 614 1050 699 ἐλέγχει.
1097 615 1279 700 ἐκραύγασα
1294 637 1350 699 με-

170 713 246 791 ταξύ
270 716 323 794 ῶν,
347 714 479 779 ἐλάλουν
503 715 625 800 μεγάλῃ
649 727 747 801 φωνη,
772 721 851 783 θεοῦ
868 728 973 802 φωνῇ·
999 717 1052 802 Τῷ
1077 719 1237 803 ἐπισκύπῳ
1254 740 1349 802 προσ-

170 818 259 902 έχετε
280 821 334 883 καί
357 828 401 904 τῷ
423 819 633 905 πρεσβυτερίῳ
656 823 708 884 καί
725 821 889 896 διακόνοις.
936 826 965 888 2.
991 823 1019 885 οἱ
1042 823 1077 886 δὲ
1100 822 1349 898 ὑποπτεύσαντες

143 939 208 1008 ῡμε
231 924 274 1000 ὡς
296 925 461 1007 προειδότα
483 927 536 988 τὸν
559 925 706 1009 μερισμόν
722 946 813 989 τινων
838 924 940 1009 λέγειν
956 936 1073 989 ταῦτα·
1097 928 1213 1011 μάρτυς
1236 927 1271 991 δέ
1286 949 1346 1011 μοι,

169 1027 201 1092 ἐν
226 1027 251 1114 ᾧ
280 1029 423 1114 δέδεμαι,
456 1032 502 1093 ὅτι
533 1029 595 1091 ἀπὸ
624 1030 740 1109 σαρκὸς
770 1029 971 1114 ἀνθρωπίνης
1001 1032 1060 1094 οὐκ
1091 1033 1200 1115 ἔγνων.
1247 1035 1282 1095 τὸ
1313 1031 1347 1094 δὲ

169 1143 290 1216 πνεῦμα
313 1132 483 1217 ἐκήρυσσεν
512 1133 604 1216 λέγον
628 1134 719 1197 τάδε·
749 1132 855 1215 Χωρίς
884 1145 938 1198 τοῦ
962 1135 1135 1199 ἐπισκόπου
1162 1136 1258 1219 μηδὲν
1281 1157 1346 1199 ποι-

168 1247 239 1318 εῖτε,
263 1241 318 1321 τὴν
342 1239 445 1321 σάρκα
467 1239 553 1322 ὑμῶν
568 1239 611 1314 ὡς
634 1241 709 1303 ναὸν
733 1242 811 1305 θεοῦ
828 1249 957 1322 τηρεῖτε,
981 1241 1036 1322 την
1059 1240 1168 1303 ἕνωσιν
1193 1241 1345 1324 ἀγαπᾶτε,

168 1345 239 1416 τοὺς
263 1347 428 1426 μερισμούς
452 1345 591 1428 φεύγετε,
615 1346 743 1429 μιμηταί
765 1343 896 1428 γίνεσθε
919 1343 1024 1428 Ἰησοῦ
1048 1345 1200 1425 Χριστοῦ,
1228 1344 1271 1419 ὡς
1293 1345 1345 1406 καί

129 1464 154 1500 1⁰
168 1448 261 1522 αὐτὸς
283 1457 337 1510 τοῦ
360 1451 475 1530 πατρὸς
499 1450 605 1512 αύτοῦ.

254 1553 343 1618 VIII.
367 1550 450 1638 Ἐγὼ
473 1555 529 1637 μὲν
553 1552 606 1617 ούν
622 1555 658 1616 τύ
681 1554 757 1617 ίδιον
773 1553 897 1617 ἐποίουν
921 1553 963 1629 ὡς
980 1556 1148 1636 ἄνθρωπος
1172 1554 1215 1629 είς
1236 1555 1345 1617 ἕνωσιν

166 1656 417 1742 κατηρτισμένος.
463 1657 499 1722 ού
522 1660 557 1722 δὲ
579 1659 726 1743 μερισμός
749 1657 831 1721 ἐστιν
855 1660 908 1721 καί
924 1658 1011 1742 ὀργή,
1036 1660 1112 1732 θεὸς
1135 1659 1171 1722 ού
1194 1667 1343 1722 κατοικεῖ.

166 1772 260 1824 πᾶσιν
284 1759 338 1826 ούν
360 1774 562 1846 μετανοοῦσιν
585 1764 669 1846 ἀφίει
693 1764 710 1826 ὁ
733 1762 852 1846 κύριος,
877 1761 931 1825 ἐὰν
954 1763 1187 1846 μετανοήσωσιν
1212 1763 1255 1838 εἰς
1278 1762 1343 1827 ἐνύ-

166 1887 244 1949 τητα
260 1870 338 1933 θεοῦ
360 1869 414 1930 καί
431 1867 588 1951 συνέδριον
610 1878 665 1932 τοῦ
682 1868 863 1931 ἐπισκόπου.
909 1867 1047 1930 πιστεύω
1063 1876 1101 1950 τῇ
1124 1868 1227 1950 χάριτι
1240 1866 1343 1952 Ἰησοῦ

126 1993 152 2031 rs
165 1972 311 2053 Χριστοῦ,
335 1973 368 2046 ὃς
383 1970 470 2035 λύσει
494 1973 549 2056 ἀφ’
564 1973 651 2056 ύμιῦν
673 1975 776 2037 πάντα
792 1973 916 2055 δεσμόν.
962 1976 991 2038 2.
1014 1970 1190 2054 παρακαλῶ
1214 1972 1249 2035 δὲ
1265 1973 1343 2055 ὑμᾶς

164 2075 259 2159 μηδὲν
291 2075 363 2139 κατ’
398 2076 536 2159 ἐρίθειαν
558 2079 725 2160 πράσσειν,
760 2076 843 2140 ἀλλὰ
874 2078 957 2140 κατὰ
990 2075 1231 2159 χριστομαθίαν.
1278 2074 1342 2139 ἐπεί

163 2178 286 2260 ι’ριουσά
309 2201 400 2244 τινων
424 2180 590 2265 λεγόντων,
614 2184 671 2261 ὅτι,
695 2182 749 2245 ἐὰν
773 2183 815 2264 μὴ
839 2180 871 2243 ἐν
895 2189 957 2254 τοῖς
974 2179 1110 2263 ἀρχείοις
1134 2182 1226 2262 εύρω,
1250 2180 1340 2262 ἐντῷ

234 2369 250 2421 3
269 2366 311 2426 ὢν
328 2365 516 2429 GLSfA:d›v
534 2393 553 2445 g
571 2374 647 2428 Zahn
663 2374 667 2443 Ι
684 2379 754 2431 θεοῦ
772 2375 897 2444 pesp>
915 2371 940 2425 G
955 2372 992 2439 14
1011 2368 1037 2426 οἱ
1056 2369 1086 2426 δὲ
1106 2368 1341 2438 suffiendos

164 2472 183 2524 g
201 2454 276 2507 Zahn
293 2458 297 2527 Ι
313 2454 539 2527 ὑποπτεύσαντες
557 2461 634 2532 L(sf
643 2460 856 2530 Δ);πτε’σαντες
869 2459 900 2521 G,
921 2456 1092 2514 ὑποπτεύετε
1111 2475 1138 2526 g,
1157 2454 1341 2514 ύπάνπτευσάν

164 2562 236 2609 τινες
254 2541 331 2596 Zahn
347 2547 351 2613 Ι
367 2546 383 2598 5
402 2543 441 2612 ὼς
458 2549 607 2620 προειδότα
626 2541 836 2617 (ίΙιΙς)εῶστιερ
856 2546 948 2602 εἰδότα
968 2543 1002 2597 Sf
1009 2543 1082 2613 A(‘?)
1100 2542 1178 2595 Znhn
1200 2544 1204 2611 Ι
1225 2546 1241 2598 7
1260 2543 1341 2616 λέγον

164 2645 184 2697 g
202 2630 259 2682 Ant
271 2649 277 2682 ι
288 2631 377 2704 λέγων
394 2633 417 2686 G
433 2638 437 2701 Ι
453 2633 470 2687 8
489 2644 595 2707 τηρεῖτε
612 2635 712 2705 gDsm
726 2652 731 2685 :
746 2634 880 2707 τηρῆτεύι
896 2634 900 2702 Ι
918 2633 950 2686 16
968 2631 1104 2702 πράσσειν
1122 2630 1169 2685 GL
1183 2650 1189 2683 :
1202 2633 1340 2705 πράσσετε

164 2717 208 2786 Ag
222 2723 228 2786 Ι
245 2716 276 2770 17
295 2716 416 2789 ἀρχείοις
434 2739 453 2790 g
467 2739 473 2772 2
486 2720 609 2794 ἀρχαίοις
622 2720 675 2782 GL,
696 2719 843 2788 seripturis
857 2717 983 2783 antiquis
998 2716 1167 2786 (prioribus)
1186 2716 1211 2768 A

198 2875 221 2927 1.
240 2873 275 2929 τὰ
291 2874 400 2946 κρυπτά
418 2873 467 2944 ἐκ]
487 2876 528 2931 cf.
546 2875 633 2930 ICor.
651 2875 675 2938 2,
691 2875 735 2937 10;
762 2875 842 2929 tinet.

164 2962 202 3021 14,
222 2961 270 3021 25;
289 2959 359 3029 oph.
379 2963 404 3024 5,
426 2964 464 3017 12.
487 2962 525 3018 13.
798 2963 822 3015 2.
840 2965 902 3018 κατ’
920 2958 1055 3031 ἐρίθειαν]
1076 2960 1117 3015 cf.
1138 2959 1265 3030 Philipp.
1279 2960 1338 3024 2,.οι

195 3047 218 3099 2.
238 3045 334 3101 Iounn
359 3050 438 3103 Dum.
464 3050 489 3104 S.
510 3051 538 3104 P.
558 3049 683 3117 chuien
701 3046 796 3111 11‚²—
815 3046 944 3120 ἀρχείοις]
970 3048 1024 3113 Qui
1044 3065 1107 3101 curn
1126 3048 1249 3102 testibus
1269 3048 1293 3104 G
1312 3049 1340 3102 et

160 3132 225 3193 78ος
254 3133 321 3186 Holl
338 3153 365 3204 p.
385 3136 419 3188 23
446 3137 563 3208 (μάρτυς
581 3139 652 3202 κτλ.)
680 3137 734 3189 An·
762 3133 900 3204 Llegunt
918 3134 1055 3209 ἀρχαίοις,
1075 3137 1222 3199 statuunt,
1243 3136 1339 3190 hoere-

158 3219 270 3273 tiochus
297 3220 371 3274 Mon.
391 3222 424 3276 H.
446 3224 510 3285 124,
539 3222 646 3285 Peos,
667 3222 734 3277 1819
760 3222 833 3275 ticos
851 3220 932 3283 illos,
961 3220 1125 3287 quibuscum
1145 3220 1205 3289 Ign.
1235 3223 1286 3277 ubi
1311 3226 1340 3276 et

159 3307 277 3378 (μάρτυς
294 3337 329 3346 -
346 3309 471 3376 ποιεῖτε).
498 3339 529 3347 -
555 3308 581 3366 ot
599 3309 628 3366 δὲ
647 3306 733 3366 ύποπ-
762 3309 875 3374 quando
902 3308 1041 3360 nescimus
1069 3306 1276 3376 disputaverit,
1304 3307 1341 3362 ad

159 3394 306 3460 νεύσαντες
322 3395 392 3463 κτλ]
411 3395 613 3449 Anneotuthon.
632 3426 667 3435 —
685 3401 734 3466 τὴν
762 3394 851 3447 Vetus
871 3394 1083 3449 Testamentum
1108 3411 1157 3448 sen
1178 3395 1215 3449 od
1241 3401 1340 3453 vetera

158 3481 248 3551 σάρκα
265 3481 335 3551 κτλ]
364 3481 500 3536 Similiter
517 3482 543 3534 Π
562 3482 646 3536 Clem.
665 3484 689 3544 9,
709 3484 732 3536 3.
761 3483 895 3537 vaticinia
912 3498 1080 3552 provocasse
1092 3487 1239 3553 negantes,
1261 3484 1339 3539 cun·-

193 3564 266 3629 VIII,
286 3569 308 3620 1.
328 3566 480 3639 συνέδριον]
505 3567 567 3622 Vox
584 3568 631 3622 hie
650 3585 733 3622 sensu
761 3569 799 3623 sti
826 3570 977 3623 adventum
1004 3574 1033 3623 et
1060 3570 1225 3639 passionem
1244 3572 1274 3625 in
1293 3571 1339 3626 his

159 3651 294 3721 ampliore
312 3659 450 3724 usurpato
468 3673 527 3709 esse
553 3661 580 3710 et
599 3659 732 3709 nontam
759 3656 840 3710 libris
852 3656 1084 3725 praenuntiatum
1098 3672 1166 3710 esse.
1199 3656 1254 3711 Sed
1268 3659 1339 3712 haec

160 3754 322 3792 consessum
332 3758 416 3807 quarn
427 3759 593 3796 consensum
606 3741 651 3796 vcl
661 3760 732 3796 com·
760 3744 843 3798 lectio
863 3742 909 3796 vix
940 3741 1064 3810 genuina
1082 3744 1132 3797 est.
1171 3744 1339 3800 Concedunt

159 3825 321 3879 munionem
334 3829 468 3883 denotare
480 3830 599 3883 videtur.
636 3829 732 3899 Light·
760 3831 873 3897 quidem
892 3831 950 3882 fere
970 3845 1073 3893 omnes,
1095 3829 1221 3884 codicem
1241 3832 1290 3899 (G)
1310 3836 1340 3888 et

159 3910 220 3964 t'oot
239 3911 385 3967 conferens
404 3915 523 3969 Constit.
543 3920 632 3986 apost.
651 3915 684 3975 ΙΙ,
699 3915 732 3969 28
760 3918 915 3971 versionem
942 3916 1060 3969 latinam
1089 3916 1118 3968 in
1146 3917 1243 3984 aliquo
1273 3919 1339 3974 loco

159 3997 257 4050 vertit:
277 4002 426 4054 concilium
445 4004 579 4073 episcopi,
600 4008 628 4057 et
646 4002 730 4055 inter-
759 4005 859 4057 salsum
879 4003 1028 4056 lectionem
1049 4002 1189 4057 exhibere.
1211 4005 1267 4058 Sed
1280 4024 1338 4061 non

157 4086 299 4150 pretatur:
340 4090 490 4158 episcopus
517 4107 581 4143 cum
612 4088 730 4143 concilio
758 4108 811 4145 vox
831 4090 970 4160 posterior
988 4089 1121 4159 Ιάρχεῖα).
1142 4106 1217 4155 quae
1236 4090 1281 4145 bis
1299 4091 1338 4147 le·

158 4169 382 4238 presbyterorum
400 4182 537 4243 tunquam
551 4193 730 4230 assessorum.
758 4177 850 4247 gitur,
881 4176 1031 4229 secundum
1058 4174 1182 4243 priorem
1212 4177 1338 4251 (ἀρχαῖα)

157 4289 192 4297 -
217 4261 347 4329 πιστεύω]
377 4279 415 4318 sc.
443 4263 519 4329 quod
547 4263 585 4315 ad
610 4280 659 4316 vos
683 4262 729 4316 sd·
757 4263 923 4332 corrigendo
941 4264 996 4321 est,
1022 4262 1070 4314 sed
1089 4261 1160 4315 hacc
1179 4266 1337 4321 secundum
