2834 5018
121 129 182 194 186
580 121 606 176 π
625 119 831 177 omnm

119 299 230 385 μένους
255 299 336 383 ημᾶς
364 299 492 362 ἔσωσεν.
539 299 569 363 5.
592 305 682 361 ποῖον
711 294 765 361 οὖν
795 295 880 361 αίνσν
909 298 993 381 αύτῷ
1023 295 1165 379 δώσομεν
1186 296 1208 379 ἢ
1231 316 1297 380 μισ·

120 406 180 471 θδν
204 402 402 487 ἀντιμισθίας
425 399 469 466 ὧν
492 400 664 487 ἐλάβομεν,
694 405 723 468 6.
747 403 839 486 πηρσῖ
863 404 949 478 δντες
971 411 1010 486 τη
1032 401 1171 485 διανοίᾳ,
1203 421 1297 483 προσ·

119 516 283 583 κυνούντες
312 506 422 582 λίθους
444 507 497 568 καί
530 504 608 582 ξύλα
631 507 685 568 καί
716 506 833 589 χρυσὸν
855 508 909 568 καί
932 508 1065 591 ἄργυρον
1088 508 1141 568 καί
1165 504 1296 589 χαλκόν,

121 614 198 697 ἔργα
220 610 414 694 ἀνθρώπων·
437 614 491 674 καί
514 611 531 674 ὁ
556 611 620 696 βίος
641 611 731 695 ἡμῶν
755 609 827 686 ὅλος
850 610 930 674 ἀλλο
946 612 1036 675 οὐδέν
1058 609 1096 697 ἦν
1120 611 1147 674 εί
1170 613 1212 694 μὴ
1237 609 1297 676 θά-

94 738 221 793 ινατσς.
266 716 447 801 ἀμαύρωσιν
469 713 524 779 ούν
546 715 752 799 περικείμενοι
775 717 828 778 καί
844 716 988 800 τοιαύτης
1011 715 1128 799 ἀχλύος
1150 712 1297 799 γέμοντες

119 821 152 886 ἐν
175 832 214 906 τη
237 821 352 904 δράσει,
376 818 592 904 ἀνεβλέψαμεν
609 818 802 902 ἀποθέμενοι
818 818 920 884 ἐκεῖνο
943 821 961 882 ὃ
983 818 1191 901 περικείμεθα
1206 817 1297 900 νέφος

119 937 158 1011 τη
173 929 268 990 αὐτοῦ
284 924 424 1008 θελήσει.
450 928 478 991 7.
503 922 637 1008 ἠλέησεν
653 925 714 1007 γάρ
730 922 811 1007 ἡμᾶς
826 925 880 986 καί
904 923 1151 1008 σπλαγχνισθεὶς
1167 923 1296 1000 ἔσωσεν,

121 1030 318 1113 θεασάμενος
342 1028 374 1092 έν
397 1028 469 1112 ημῖν
491 1028 612 1112 πολλὴν
641 1027 763 1113 πλάνην
787 1031 841 1092 καί
865 1027 1041 1108 ἀπώλειαν,
1069 1030 1122 1090 καί
1146 1027 1297 1113 μηδεμίαν

120 1133 232 1198 ἐλπίδα
253 1135 383 1218 ἔχοντας
400 1133 562 1218 σωτηρίας,
586 1134 613 1197 εί
635 1135 677 1218 μὴ
693 1135 749 1216 τὴν
772 1131 845 1215 παρ’
860 1135 964 1199 αὐτοῦ.
1013 1136 1042 1199 8.
1067 1131 1219 1196 ἐκάλεσεν
1239 1133 1299 1216 γάρ

81 1268 106 1306 ω
119 1236 202 1323 ἡμᾶς
223 1240 282 1302 οὐκ
304 1241 395 1313 ὄντας
417 1239 471 1299 καί
493 1236 653 1321 ἠθέλησεν
677 1236 714 1299 έκ
738 1239 779 1319 μη
804 1239 892 1311 ὄντος
915 1234 992 1300 είναι
1015 1234 1106 1318 ἡμᾶς.

207 1345 247 1409 Π.
272 1342 510 1428 Εὐφράνθητι,
534 1350 648 1428 στεῖρα
671 1344 693 1426 ἡ
717 1345 757 1406 οὐ
773 1345 943 1422 τίκτουσα,
966 1338 1071 1426 ῥῆξον
1086 1341 1143 1404 καὶ
1159 1341 1298 1424 βόησον,

119 1451 226 1532 ἡούκ
250 1447 435 1526 ὠδίνουσα,
466 1449 517 1511 ὅτι
539 1447 652 1511 πολλὰ
683 1447 725 1511 τὰ
748 1448 851 1511 τέκνα
873 1453 932 1531 τῆς
965 1446 1092 1530 ἐρήμου
1120 1443 1299 1527 μᾶλλυνῆ

119 1560 178 1638 τῆς
202 1553 344 1637 ἐχούσης
374 1553 435 1616 τὸν
465 1551 583 1636 ἀνδρα.
630 1549 772 1614 ὃείπεν·
807 1549 1044 1636 Εὐφράνθητι,
1077 1554 1191 1633 στεῖρα
1214 1551 1236 1633 ἡ
1259 1551 1298 1613 οὐ

120 1660 289 1736 τίκτουσα,
319 1655 401 1739 ἡμᾶς
424 1652 525 1719 είπεν·
561 1663 666 1737 στεῖρα
688 1657 749 1738 γὰρ
772 1653 809 1739 ἦν
832 1655 853 1739 ἡ
875 1653 1029 1739 ἐκκλησία
1049 1653 1138 1738 ἡμῶν
1161 1656 1222 1737 πρὸ
1244 1662 1298 1717 τοῦ

83 1791 107 1828 ιι
119 1764 253 1846 δοθῆναι
276 1763 355 1845 αὐτη
378 1760 482 1825 τέκνα.
529 1764 559 1825 2.
583 1760 601 1822 δ
624 1759 658 1822 δὲ
682 1757 781 1823 εἶπεν·
812 1759 963 1844 Βόησον,
986 1761 1008 1842 ἡ
1031 1761 1093 1823 οὐκ
1116 1757 1299 1838 ὠδίνουσα,

120 1875 212 1930 τοῦτο
228 1864 331 1949 λέγει·
356 1866 412 1940 τάς
426 1865 603 1947 προσευχὰς
626 1862 715 1946 ἡμῶν
731 1863 839 1939 ἁπλῶς
863 1862 1027 1946 ἀναφέρειν
1043 1865 1119 1945 πρὸς
1141 1864 1194 1926 τδν
1211 1863 1298 1941 θεάν,

120 1973 161 2054 μη
185 1969 228 2046 ὡς
250 1969 283 2031 αί
306 1967 471 2031 ὠδίνουσαι
494 1967 691 2052 έγκακῶμεν.
737 1971 767 2034 3.
792 1969 809 2030 ὃ
833 1968 867 2031 δέ
890 1966 993 2032 είπεν·
1023 1966 1099 2032 Ὅτι
1121 1966 1236 2031 πολλὰ
1258 1967 1300 2032 τὰ

119 2075 222 2139 τέκνα
250 2079 309 2157 τῆς
342 2073 469 2158 ἐρήμου
497 2071 633 2154 μᾶλλον
662 2077 684 2156 ἢ
715 2079 774 2159 τῆς
806 2074 949 2158 ἐχούσης
980 2074 1041 2137 τὸν
1070 2071 1197 2158 ἄνδρα·
1233 2071 1300 2136 ἐπεί

120 2179 232 2262 ἔρημος
255 2177 356 2241 ἐδόκει
380 2175 456 2240 είναι
481 2178 543 2239 ἀπδ
565 2186 620 2240 τού
644 2179 722 2243 θεοῦ
746 2177 763 2240 δ
786 2177 862 2254 λαὸς
891 2178 999 2262 ἡμῶν,
1029 2179 1093 2241 νυνί
1118 2177 1153 2240 δέ
1175 2175 1299 2240 πιστεύ-

81 2309 106 2346 20
121 2302 231 2357 σαντες
261 2280 402 2356 πλείονες
434 2280 612 2364 ἐγενόμεθα
640 2290 702 2345 τῶν
735 2281 912 2346 δοκούντων
942 2283 1024 2366 ἔχειν
1057 2281 1145 2348 θεάν.
1191 2285 1222 2347 4.
1247 2281 1300 2344 καί

120 2385 211 2469 έτέρα
233 2385 268 2449 δέ
290 2387 394 2470 γραφὴ
418 2383 517 2470 λέγει,
550 2386 596 2448 ὅτι
620 2388 682 2450 οὐκ
705 2384 818 2470 ἦλθον
847 2386 989 2452 καλέσαι
1012 2385 1182 2466 δικαίους,
1212 2385 1300 2450 ἀλλὰ

120 2490 352 2578 ἁμαρτωλούς.
399 2493 428 2556 5.
452 2499 544 2552 τούτο
567 2488 661 2574 λέγει,
686 2492 732 2553 ὅτι
755 2491 802 2554 δεῖ
824 2494 896 2567 τούς
919 2489 1153 2574 ἀπολλυμένους
1178 2489 1299 2569 σώζειν.

121 2599 150 2663 6.
175 2594 275 2659 έκεῖνο
304 2595 364 2680 γάρ
387 2594 470 2658 ἐστιν
503 2593 583 2679 μέγα
605 2597 659 2658 καί
691 2595 898 2679 θαυμαστὸν,
931 2597 967 2658 ού
990 2597 1029 2658 τὰ
1052 2593 1175 2658 ἑστῶτα
1199 2593 1300 2680 στηρί-

120 2701 193 2779 ζειν,
219 2699 302 2763 ἀλλά
324 2701 364 2762 τὰ
386 2699 548 2763 πίπτοντα.
596 2703 624 2765 7.
649 2701 747 2775 ούτως
774 2703 828 2764 καί
852 2700 869 2763 ὁ
891 2699 1026 2783 Χριστὸς
1055 2697 1215 2783 ἠθέλησεν
1239 2707 1299 2763 σῶ-

81 2830 107 2869 ιι
122 2826 174 2868 σαι
204 2806 243 2868 τά
276 2803 494 2886 ἀπολλύμενα,
524 2803 577 2866 καί
609 2803 727 2868 ἔσωσεν
759 2803 913 2885 πολλούς,
945 2803 1052 2870 ἐλθὼν
1081 2805 1135 2866 καί
1162 2802 1301 2879 καλέσας

119 2908 201 2992 ημᾶς
223 2908 282 2992 ἤδη
306 2907 550 2990 ἀπολλυμένους.

206 3014 264 3079 ΙΠ.
290 3010 447 3075 Τοσοῦτον
477 3009 532 3077 ούν
561 3012 648 3088 ἔλεος
679 3012 868 3097 ποιήσαντος
900 3014 995 3077 αὐτού
1029 3014 1071 3089 είς
1097 3012 1195 3098 ἡμᾶς,
1218 3021 1300 3096 πρω-

119 3137 173 3180 τσν
211 3115 284 3200 μέν,
323 3118 369 3179 ὅτι
402 3115 490 3199 ἡμεῖς
524 3117 553 3180 οί
584 3118 698 3196 ζῶντες
734 3128 797 3194 τοῖς
831 3128 950 3202 νεκροῖς
987 3120 1074 3193 θεοῖς
1107 3119 1144 3181 ού
1181 3117 1301 3202 θύομεν

192 3258 205 3310 1
224 3263 306 3312 ποῖον
324 3249 375 3310 οὖν
392 3253 550 3311 Ηιποιουν
561 3254 593 3316 Α,
612 3262 696 3311 ποῖον
715 3253 733 3308 S
750 3254 754 3324 1
770 3255 942 3323 ιίωσωμενΑ
957 3254 961 3324 Ι
977 3253 994 3306 2
1011 3257 1095 3328 πηροὶ
1107 3253 1302 3327 Αθιτιονηροί

120 3336 633 3410 Ηιοκαιιωιι>ωειιῖιιο
654 3338 1300 3412 οωνιιωπιιυικιιμτοῡωιιτα

119 3437 250 3497 κονιῶμεν
268 3429 294 3482 Η
310 3432 314 3498 1
331 3428 364 3482 19
382 3431 476 3496 tofi>
494 3429 521 3482 H
536 3430 541 3498 Ι
557 3428 589 3482 21
608 3428 638 3485 δέ
658 3428 701 3482 As
714 3447 721 3480 ι
735 3432 771 3496 >
791 3427 887 3498 Η124
905 3429 1029 3502 Χριστὸς
1047 3427 1219 3501 Αθικύριος
1238 3428 1264 3483 Η

155 3554 179 3606 6.
198 3561 421 3626 προσκυνοῦντες
432 3555 531 3619 λίθους
538 3552 609 3621 κτλ]
621 3552 698 3606 chri-
727 3551 766 3603 12.

121 3639 229 3694 είίοπιιε
257 3655 272 3693 e
301 3637 455 3708 gentilibus
484 3638 619 3705 quuitur.
656 3638 698 3692 cf.
760 3637 795 3700 II,
816 3638 838 3691 l.
857 3635 965 3691 Eodem
977 3636 1037 3689 fere
1048 3635 1132 3689 modo
1144 3635 1303 3705 prophetae

120 3728 144 3790 2,
166 3730 188 3782 1.
207 3758 242 3766 -
264 3725 438 3795 ἀποθέμενοι
457 3767 484 3780 ..
503 3725 697 3799 περικείμεθα]
726 3725 844 3779 verbum
864 3724 1068 3792 interpretatur
1080 3722 1206 3776 Iustinus
1218 3723 1303 3793 Apol.

122 3813 164 3868 cf.
184 3814 267 3867 Hebr.
290 3815 329 3873 12,
351 3816 373 3868 1.
709 3822 712 3917 γ
725 3811 744 3874 1,
758 3811 792 3864 53
812 3810 915 3873 dicens,
929 3807 1106 3863 Christianos
1120 3824 1135 3862 e
1147 3809 1304 3879 gentilibus

155 3900 180 3953 8.
200 3899 242 3954 cf.
262 3900 341 3953 Rom.
353 3901 378 3962 4,
394 3900 425 3952 17
445 3898 502 3968 (Oe.
518 3898 542 3962 2,
557 3899 598 3952 23,
618 3898 697 3951 Rom.
709 3920 712 3965 γ
725 3896 784 3949 iam
796 3896 890 3964 plures
903 3895 995 3950 factos
1014 3910 1175 3962 essequam
1188 3895 1305 3951 christi·

121 3985 145 4050 9,
165 3986 217 4055 25).
254 3985 349 4039 Herm.
373 3987 431 4040 Vis.
451 3987 476 4049 1,
498 3989 526 4049 1,
545 3985 576 4047 6;
610 3983 696 4038 clem
726 3999 795 4036 anos
813 3999 848 4036 ex
865 3981 1033 4037 Iudaeis.-
1050 3982 1132 4053 ἡμᾶς]
1151 3981 1170 4036 i.
1183 3998 1207 4037 e.
1227 3982 1306 4039 chri-

121 4070 203 4125 Hom.
222 4071 270 4133 111.
289 4072 335 4134 32;
356 4072 451 4126 Const.
465 4089 510 4141 ap.
525 4071 557 4135 V,
572 4075 601 4135 7;
621 4070 695 4134 VIII,
725 4069 832 4122 stianos
852 4087 867 4124 e
886 4068 1040 4139 gentilibus
1059 4069 1095 4122 of.
1115 4087 1140 4123 v.
1161 4071 1185 4125 3.
