2834 5018
271 734 470 792 MARTYIUM
489 737 515 792 S.
538 732 753 792 POLYOARPI.
791 732 970 791 EPILOGUS
989 735 1065 790 3-5.
1195 739 1258 804 345

81 914 259 999 Polycarpo
282 914 453 999 aliquando
477 920 655 980 occurreret
677 915 834 993 Marcion,
859 937 878 978 a
902 936 964 999 quo
987 919 1070 991 sunt,
1096 913 1150 999 qui
1172 914 1259 978 Mar·

80 1019 216 1083 cionitae
256 1024 427 1096 vocantur,
459 1024 554 1103 atque
590 1019 724 1083 diceret:
768 1019 931 1104 Cognosce
960 1040 1034 1096 nos,
1072 1018 1258 1102 polycarpe,

78 1124 147 1206 ipse
170 1123 250 1187 dixit
272 1123 445 1187 Marcioni:
470 1121 643 1207 Cognosce,
668 1143 825 1207 cognosco
846 1122 1096 1207 primogenitum
1118 1129 1257 1189 satanae.

80 1228 110 1291 4.
135 1226 180 1290 ut
201 1227 262 1291 hoc
285 1227 387 1291 fertur
403 1227 436 1290 in
458 1225 624 1310 scripturis
639 1226 769 1304 Irenaei
795 1248 832 1290 ea
855 1227 904 1290 die
927 1231 959 1291 et
973 1227 1061 1302 hora,
1086 1226 1259 1310 quaPoly-

82 1353 195 1414 carpus
212 1330 366 1413 Smyrnae
382 1331 570 1414 martyrium
586 1331 692 1409 subiit,
717 1330 882 1396 Irenaeum
896 1331 930 1395 in
952 1332 1029 1396 urbe
1044 1330 1259 1396 Romanorum
1273 1351 1285 1388 ⁶

80 1440 259 1500 versantem
290 1458 399 1500 vocem
433 1436 589 1500 audivisse
622 1437 714 1519 quasi
744 1439 824 1503 tuba
853 1437 1026 1502 clamante:
1062 1435 1259 1519 Polycarpus

81 1541 269 1622 martyrium
291 1541 399 1605 subiit.

170 1645 199 1708 5.
222 1645 273 1709 Ex
295 1645 345 1710 his
367 1646 467 1730 igitur
488 1646 611 1711 Irenaei
642 1647 821 1730 scripturis,
854 1646 938 1710 sicut
960 1650 1033 1710 ante
1061 1646 1259 1723 dictumest,

80 1748 248 1832 descripsit
271 1747 373 1826 Caius,
398 1773 415 1814 e
438 1750 507 1816 Caii
530 1752 704 1836 exemplari
725 1751 881 1816 Isocrates
897 1749 1048 1815 Corinthi.
1094 1750 1139 1815 Et
1153 1771 1260 1814 rursus

79 1874 141 1937 ego
157 1853 287 1918 Pionius
311 1876 349 1918 ex
364 1854 514 1920 Isocratis
537 1857 709 1940 exemplari
725 1855 884 1940 descripsi,
908 1860 1080 1939 postquam
1100 1855 1260 1919 revelante
1275 1871 1300 1909 1⁰

79 1961 189 2022 sancto
212 1957 390 2042 Polycarpo
423 1960 612 2042 scripturam
634 1959 826 2043 perquisivi,
858 1958 1011 2043 colligens
1043 1981 1114 2023 eam
1142 1979 1259 2043 prope·

79 2064 209 2127 modum
232 2085 270 2126 ex
292 2065 444 2147 temporis
468 2065 674 2129 diuturnitate
692 2064 900 2140 fatiscentem,
923 2067 960 2127 ut
975 2084 1024 2127 me
1049 2084 1173 2148 quoque
1189 2084 1261 2127 cum

80 2167 189 2232 electis
224 2168 289 2232 suis
324 2168 357 2231 in
382 2189 517 2253 rognum
550 2191 643 2233 suum
674 2168 809 2232 caeleste
843 2166 976 2252 colligat
1007 2166 1150 2230 dominus
1173 2165 1260 2229 Iesus

80 2270 243 2349 Christus,
277 2272 328 2336 cui
350 2272 393 2336 sit
416 2272 519 2356 gloria
552 2294 624 2336 cum
645 2273 731 2356 patri
754 2275 786 2335 et
807 2271 874 2335 filio
897 2275 929 2336 et
959 2270 1072 2354 spiritu
1096 2274 1204 2334 sancto
1227 2269 1260 2332 in

80 2375 208 2440 saecula
230 2375 437 2440 saeculorum.
484 2375 597 2440 Amen.
1275 2390 1300 2429 1⁶

81 2510 112 2567 ἐν
130 2520 170 2587 τῷ
187 2518 315 2583 καθεξῆς.
351 2512 447 2566 Verba
471 2512 660 2564 consentanea
686 2509 744 2563 illis
769 2508 939 2563 indicantur.
976 2507 1046 2562 Cum
1075 2509 1170 2560 antem
1187 2504 1260 2559 Mar-

81 2603 178 2662 emnt,
210 2597 277 2651 dum
303 2599 472 2667 Martyrium
502 2599 660 2668 scripturae
685 2595 759 2666 tyrio
770 2597 807 2650 ab
815 2595 868 2650 illa
886 2595 1027 2665 scriptura
1036 2597 1169 2664 separata
1177 2609 1261 2647 sensu

81 2685 215 2754 ampliori
240 2685 285 2738 vel
304 2683 387 2738 Vitae
404 2683 556 2754 Polycarpi
572 2685 659 2738 inser-
688 2677 815 2747 careant,
844 2683 954 2738 auctori
978 2684 1092 2737 normae
1117 2680 1261 2735 clausulae

80 2777 143 2827 tum
162 2773 232 2836 erat,
251 2771 281 2825 in
293 2788 350 2839 qua
371 2771 567 2838 sequebantur,
587 2788 660 2838 quae
686 2770 759 2825 ratio
778 2786 813 2825 ea
831 2770 1027 2841 supprimendi
1044 2773 1113 2823 erat
