2834 5018
179 333 221 396 20
675 322 863 379 uocrerm

179 507 225 585 ὡς
249 504 287 568 ἐν
310 506 445 589 οὐρανῷ
461 504 518 566 καὶ
541 503 597 567 ἐπὶ
613 507 688 586 γῆς·
713 502 773 565 τὸν
788 502 893 586 ἄρτον
915 503 1014 583 ἡμῶν
1030 498 1090 561 τὸν
1104 496 1282 573 ἐπιούσιον
1298 491 1356 572 cog

180 612 262 692 ἡμῖν
285 611 444 694 σήμερον,
468 608 522 671 καὶ
547 609 631 690 ὀφες
655 608 738 689 ἡμῖν
752 607 815 690 τὴν
831 604 972 688 ὀφειλὴν
991 607 1101 687 ἡμῶν,
1124 603 1171 680 ὡς
1187 600 1242 662 καὶ
1259 601 1356 680 ἡμεῖς

181 713 325 795 ἀφίεμεν
356 719 424 793 τοῖς
455 709 642 794 ὀφειλέταις
672 713 786 793 ἡμῶν,
818 711 873 773 καὶ
900 711 949 792 μὴ
979 707 1168 791 εἰσενέγκῃς
1195 707 1285 787 ἡμᾶς
1309 703 1357 782 εἰς

181 819 381 900 πειρασμόν,
405 815 493 880 ἀλλὰ
515 819 614 899 ῥῦσαι
637 818 726 897 ἡμᾶς
749 815 818 877 aad
842 820 902 878 τοῦ
924 817 1094 897 πονηροῦ·
1124 812 1170 872 ὅτι
1193 818 1250 872 σοῦ
1273 808 1358 875 ἐστιν

155 917 202 1002 εὴ
225 919 351 1003 δύναμις
374 921 428 982 καὶ
450 920 470 1003 ἡ
493 919 569 996 δόξα
591 919 634 994 εἰς
656 921 727 993 τοὺς
751 916 875 992 αἰῶνας.
921 921 951 983 3.
975 917 1038 999 τρὶς
1058 926 1113 1000 τῆς
1135 914 1251 998 ἡμέρας
1275 919 1358 979 οὐτιο

179 1026 406 1108 προσεύχεσύε.

267 1132 321 1196 IX.
347 1128 420 1212 Περὶ
443 1130 478 1193 δὲ
500 1140 553 1214 τῆς
577 1126 782 1211 εὐχαριστίας,
806 1131 904 1202 octog
927 1125 1186 1209 εὐχαριστήσατε·
1220 1129 1249 1191 2.
1275 1134 1358 1208 πρῶ-

181 1255 234 1298 τον
257 1236 325 1316 περὶ
349 1244 402 1297 τοῦ
425 1234 586 1318 ποτηρίου·
611 1231 864 1316 Εὐχαριστοῦμέν
887 1252 946 1310 σοι,
969 1231 1066 1312 πάτερ
1081 1229 1179 1313 ἡμῶν,
1203 1229 1281 1311 ὑπὲρ
1304 1241 1359 1312 τῆς

182 1337 272 1422 ἁγίας
294 1337 435 1420 ἀμπέλου
451 1337 547 1401 haul&
562 1347 617 1401 τοῦ
640 1336 749 1411 παιδὸς
764 1357 831 1416 σου,
854 1334 891 1420 ἧς
907 1336 1076 1419 ἐγνώρισας
1090 1335 1162 1418 ἡμῖν
1178 1335 1229 1397 διὰ
1253 1333 1358 1418 Ἰησοῦ

142 1463 167 1500 10
181 1453 235 1506 τοῦ
258 1442 366 1517 παιδός
389 1464 464 1505 σου·
498 1443 546 1505 σοὶ
575 1442 596 1525 ἡ
627 1440 703 1518 δόξα
734 1440 776 1516 εἰς
808 1443 878 1514 τούς
911 1439 1034 1515 αἰῶνας.
1081 1444 1110 1505 3.
1146 1440 1214 1521 περὶ
1246 1439 1281 1502 δὲ
1304 1450 1358 1502 τοῦ

183 1583 213 1635 et
234 1587 284 1653 τὴν
309 1582 423 1654 ὀφειλὴν
447 1583 609 1636 Matthaeus
641 1583 756 1635 exhibet
817 1579 923 1633 IX—X.
943 1580 974 1632 In
992 1580 1036 1632 his
1059 1578 1199 1647 capitibus
1218 1577 1359 1631 formulae

182 1667 212 1725 ἐν
231 1677 289 1736 τοῖς
306 1668 447 1742 οὐρανοῖς,
471 1668 514 1726 ἐπὶ
540 1683 589 1741 τῆς
608 1682 657 1742 γῆς
675 1672 703 1724 et
721 1672 755 1725 τὰ
783 1669 943 1722 orationum
964 1667 993 1718 in
1006 1683 1086 1720 sacra
1098 1681 1167 1718 cena
1180 1664 1358 1718 adhibendae

182 1756 363 1827 ὀφειλήματα.
376 1787 410 1796 -
424 1755 466 1814 ὅτι
485 1766 537 1815 σού
549 1757 622 1826 κτλ]
650 1755 756 1810 Eadem
782 1761 985 1826 proponuntur,
1006 1758 1034 1808 ct
1054 1754 1168 1821 quidem
1185 1754 1265 1815 duae,
1285 1770 1358 1820 quae

182 1843 333 1912 doxologia
351 1844 426 1897 infra
444 1845 468 1908 9,
487 1845 505 1896 4
524 1843 643 1913 (additis
663 1843 755 1897 verbis
783 1842 973 1896 communioni
992 1841 1177 1910 praecedunt,
1197 1858 1265 1897 unii.
1286 1857 1358 1906 quae

181 1931 224 1985 διὰ
242 1931 273 1986 Ἰ.
287 1933 421 2002 Χριστοῦ)
435 1937 463 1986 et
478 1932 547 1992 10,5
565 1930 676 2000 legitur,
695 1931 755 1982 bre·
784 1947 900 1998 corpore
925 1934 953 1983 et·
977 1929 1113 1998 sanguine
1132 1927 1245 1981 Domini
1265 1931 1358 1980 sumto

180 2018 242 2071 rior
260 2018 332 2087 (sine
351 2021 366 2088 ἡ
382 2018 495 2087 direpte
512 2020 569 2087 aad
587 2019 611 2074 9.
625 2019 648 2070 2.
663 2019 694 2075 3;
716 2018 755 2079 10,
768 2042 770 2077 5
782 2018 994 2086 pronuntianda
1019 2021 1087 2070 erat.
1125 2015 1273 2069 Orationes
1299 2020 1357 2069 tum

181 2105 206 2156 2.
225 2104 250 2156 4.
292 2104 493 2157 Additamenta
519 2104 646 2158 codicum
674 2094 870 2173 bibli-{prope
890 2106 925 2157 ad
944 2122 991 2157 cas
1005 2103 1148 2161 accedunt,
1169 2102 1271 2168 quibus
1285 2105 1357 2155 teste

183 2206 278 2243 corum
291 2195 319 2244 et
332 2192 473 2247 versiones
487 2191 512 2245 S.
526 2192 695 2261 Scripturas,
711 2207 755 2244 ex·
768 2168 909 2245 'tractatu
928 2191 1066 2245 Beracoth
1091 2189 1157 2242 libri
1175 2189 1295 2242 'l'almud
1317 2190 1356 2242 lu·

183 2280 266 2344 cepta
278 2278 406 2332 versione
420 2279 560 2342 Sahidica‚
574 2278 756 2347 doxologiam
784 2279 847 2332 daei
873 2279 918 2331 die
943 2277 986 2332 vel
1013 2277 1113 2348 vigilia
1131 2274 1244 2329 sabbati
1262 2277 1357 2328 vinum

182 2362 316 2416 maiorem
336 2365 476 2427 exhibent
496 2371 561 2436 post
578 2364 653 2423 ἐστὶν
671 2366 757 2418 verba
784 2369 812 2419 ct
824 2382 927 2435 panem
940 2364 1145 2418 benedicebant
1160 2363 1206 2432 (cf.
1220 2362 1357 2417 Sabatier.

184 2453 388 2522 ὴβασιιειάιιαὶ
403 2452 566 2508 inserentes.
595 2452 688 2506 Verba
700 2468 756 2505 non
785 2454 829 2507 La
847 2453 970 2506 Dielacbd
989 2452 1056 2505 1885
1074 2469 1102 2519 p.
1123 2450 1156 2503 99
1169 2450 1250 2519 eqo),
1269 2449 1358 2503 utrix

183 2537 368 2602 esseDomini
378 2556 439 2592 curn
452 2540 563 2594 codices
573 2539 757 2594 vetustissimi
784 2539 906 2592 dubitari
924 2539 1024 2607 possit,
1044 2539 1187 2590 auctorem
1201 2553 1250 2590 eas
1264 2553 1358 2589 secun·

183 2628 244 2678 turn
269 2625 326 2680 alii.
342 2630 430 2680 testes
455 2628 585 2696 probant.
621 2627 757 2681 Doctrina
784 2627 849 2678 dum
868 2626 919 2677 heis
939 2625 1083 2679 fonnasse.
1109 2625 1207 2678 Altera
1226 2640 1260 2676 ex
1278 2625 1359 2693 parte

185 2715 280 2766 autem
294 2713 383 2774 docet,
403 2714 544 2781 quomodo
558 2713 709 2784 doxologia
728 2714 757 2765 in
785 2718 884 2767 auctor
903 2713 1090 2765 eucharistiae
1111 2711 1281 2764 christianae
1301 2711 1358 2777 qui-

182 2801 291 2852 textum
301 2799 325 2852 S.
337 2800 497 2871 Scripturae
508 2801 659 2870 irrepserit.
688 2801 757 2854 Cum
784 2802 848 2853 dem
861 2801 1001 2853 rationem
1013 2799 1122 2861 habuit,
1142 2798 1358 2866 depanebene-

184 2886 337 2941 Christiani
349 2888 477 2942 oratioue
488 2888 600 2941 Domini
612 2887 689 2941 velut
702 2867 771 2941 for-‘l
785 2889 902 2941 dicendo
922 2889 1016 2940 autem
1034 2890 1094 2941 tam
1113 2886 1171 2939 late
1184 2885 1296 2939 locutus
1310 2887 1358 2943 est,

184 2972 409 3028 mulaorationis
428 2977 581 3039 uterentur,
599 2992 696 3045 preces
711 2950 816 3029 do-'ut
834 2975 894 3028 cius
922 2975 1013 3028 oratio
1044 2974 1080 3026 ad
1110 2973 1184 3026 hune
1213 2972 1359 3041 pertinens

183 3059 756 3132 xologiaconcludebantetusulongaero
784 3066 910 3131 tempore
930 3062 1088 3130 posteriore
1107 3059 1142 3112 ad
1160 3075 1264 3128 panem
1277 3058 1359 3113 benc·

186 3145 337 3217 doxologia
364 3164 426 3201 cum
449 3149 580 3217 precibus
607 3147 755 3217 paullatim
785 3150 934 3203 dicendum
953 3164 1130 3202 communem
1149 3146 1279 3199 adhiberi
1296 3163 1359 3215 pos-

185 3234 255 3287 adeo
274 3233 302 3287 in
322 3235 565 3295 unumcoucaluit.
586 3239 757 3304 attempore
785 3239 828 3290 set
845 3237 892 3307 (cf.
917 3237 1011 3290 adnot.
1040 3235 1075 3287 ad
1094 3235 1117 3295 9.
1135 3236 1173 3299 4).
1211 3233 1360 3288 Orationes

184 3321 340 3389 posteriore
363 3321 472 3376 librarii
495 3322 622 3376 nonnulli
649 3339 709 3376 eam
728 3324 757 3375 in
785 3326 868 3393 longe
890 3324 926 3377 ab
945 3323 980 3375 iis
999 3322 1159 3383 discedunt,
1187 3338 1260 3387 quae
1279 3322 1360 3375 uobis

185 3407 210 3460 S.
225 3408 371 3477 Scriptura
382 3410 506 3478 recipere
519 3427 576 3463 non
588 3408 758 3463 dubitarent.
786 3411 856 3464 alias
869 3409 993 3464 tradit-ae
1007 3410 1079 3471 sunt,
1100 3411 1185 3474 atque
1195 3425 1253 3461 non
1271 3410 1359 3462 solum

219 3494 243 3546 3.
263 3495 331 3567 τρίς]
351 3495 487 3549 Similiter
505 3496 606 3550 Daniel
625 3497 649 3559 6,
665 3497 704 3550 10.
727 3497 758 3549 13
786 3515 923 3551 summam
952 3496 1168 3563 antiquitat-cm,
1197 3496 1247 3549 sed
1275 3496 1361 3549 ctiam

184 3586 228 3636 ter
252 3598 303 3651 per
326 3583 400 3635 diem
423 3599 517 3636 orasse.
536 3584 667 3636 traditur.
704 3584 758 3638 Sed
770 3596 773 3666 χ
785 3585 871 3638 ritum
884 3583 1033 3651 quemdam
1043 3583 1215 3651 singularem
1228 3584 1360 3651 produnt.

185 3669 287 3737 quibus
311 3670 387 3723 horis
411 3671 502 3725 oratio
532 3669 639 3724 ficbat‘?
676 3670 759 3725 Haud
771 3674 773 3731 t
786 3670 845 3724 Iam
864 3670 985 3723 Iustinus
1007 3670 1087 3738 Apol.
1101 3668 1234 3732 1,65-67
1248 3671 1360 3724 saeculo

185 3756 269 3810 dubie
293 3757 369 3809 horis
392 3757 490 3816 tertia.
519 3759 599 3811 sexta
624 3762 652 3812 et
677 3776 758 3819 nona,
786 3758 811 3812 ΙΙ
830 3758 922 3811 medio
941 3757 1073 3826 liturgiae
1092 3757 1181 3810 multo
1198 3757 1361 3824 prolixioris

186 3859 259 3910 quac
277 3843 306 3896 in
319 3844 344 3897 S.
359 3844 504 3914 Scriptura
523 3848 551 3898 et
566 3847 601 3899 ab
614 3845 759 3898 aut-oribus
787 3847 815 3899 et
835 3845 1022 3897 ‹listiuctioris
1041 3842 1123 3898 testis
1142 3845 1191 3896 est

185 3929 387 3996 posterioribus
417 3931 528 4000 saepius
565 3932 643 3985 velut
674 3933 759 3986 horae
823 3931 867 3993 IX,
888 3933 910 3984 1.
932 3930 1113 4003 εὐχαριστίας]
1133 3931 1150 3983 i.
1171 3949 1194 3984 e.
1214 3930 1359 4001 epularum

188 4016 322 4069 orat-ionis
334 4021 595 4072 commemorantur.
610 4018 651 4074 cf.
663 4021 724 4073 Act.
735 4022 759 4082 2,
771 3983 774 4101 l
786 4020 975 4088 mysticarum,
1002 4036 1074 4085 quae
1093 4021 1225 4074 constant
1244 4036 1277 4073 ex
1297 4020 1360 4073 vino

188 4102 234 4157 15:
253 4103 276 4159 3.
299 4107 326 4161 l:
353 4105 392 4167 10,
412 4104 435 4159 9.
455 4106 506 4167 30;
534 4105 610 4159 Tert.
629 4105 671 4159 De
690 4108 759 4159 orat.
771 4106 774 4153 l
787 4111 815 4161 et
834 4123 914 4174 pane.
935 4105 979 4159 vel
998 4105 1133 4160 orationis
1149 4107 1359 4161 eucharisticae.

187 4204 209 4240 e.
229 4189 277 4250 25;
305 4190 347 4243 De
373 4188 457 4245 ieiun.
483 4210 504 4246 e.
527 4193 572 4254 10;
601 4192 687 4247 Clcm.
717 4164 865 4247 Atllnfra
892 4195 951 4247 v.5
978 4211 1032 4248 vox
1059 4193 1193 4246 distincte
1222 4194 1361 4247 elementa

187 4275 287 4329 Sirone
306 4275 365 4341 VII,
385 4281 408 4341 7,
428 4281 462 4334 40
479 4298 505 4349 p.
525 4281 584 4334 854.
772 4256 952 4334 'consecrata
979 4280 1116 4350 designat.
1157 4279 1293 4335 Similiter
1320 4282 1360 4335 lu·
