2834 5018
304 730 530 786 MARTYRIUM
548 733 575 787 S.
592 731 798 788 POLYCARPI
815 732 1001 799 XXI-XXII,
1015 736 1044 790 ·3.
1197 740 1260 804 341

176 907 261 972 XXI.
285 908 476 992 Martyrium
498 913 606 974 autem
627 932 740 994 passus
763 916 811 975 est
832 911 945 975 beatus
960 911 1156 995 Polycarpus
1171 912 1261 977 Xan·

86 1013 165 1077 thici
188 1014 304 1078 mensis
327 1014 465 1079 ineuntis
488 1015 538 1078 die
553 1017 699 1091 secunde,
724 1020 796 1080 ante
818 1016 988 1098 septimum
1003 1014 1157 1080 Calendas
1173 1017 1261 1082 Mar·

86 1118 157 1194 tias,
181 1139 297 1201 magno
313 1119 456 1193 sabbato,
481 1117 561 1183 hora
575 1123 696 1182 octava.
743 1117 863 1203 Captus
885 1122 934 1184 est
950 1124 1055 1183 autem
1079 1121 1119 1184 ab
1135 1120 1261 1185 Herode

87 1223 146 1286 sub
178 1223 327 1306 pontifice
357 1222 511 1306 Philippo
533 1222 714 1300 Tralliano,
746 1223 933 1306 proconsule
963 1222 1064 1288 Statio
1088 1222 1259 1302 Quadrata,

86 1332 240 1410 regnante
263 1330 369 1390 autem
392 1327 425 1389 in
448 1327 575 1391 saecula
598 1327 723 1391 domino
745 1333 854 1394 nostro
876 1328 949 1392 lesu
970 1327 1114 1405 Christo;
1145 1331 1197 1394 cui
1219 1330 1287 1394 sits

87 1430 200 1513 gloria,
224 1431 342 1509 honor,
374 1432 541 1508 maiestas,
572 1432 706 1496 thronus
729 1432 939 1516 sempiternus
962 1457 981 1498 a
1003 1435 1205 1518 generatione
1228 1435 1261 1499 in

86 1535 330 1617 generationem.
377 1536 498 1601 Amen!

569 1730 777 1739 ——-—

174 1845 276 1910 XXII.
303 1847 468 1932 Optamus,
494 1848 619 1927 fratres,
643 1872 699 1914 vos
721 1850 826 1914 valere
850 1872 886 1915 ac
902 1850 1045 1914 incedere
1066 1851 1099 1915 in
1123 1872 1260 1936 evange-

85 1951 147 2015 lico
172 1973 314 2015 sermone
338 1951 409 2016 Iesu
432 1951 568 2031 Christi,
600 1974 672 2017 cum
695 1975 756 2037 quo
789 1953 893 2039 gloria
916 1954 959 2018 sit
988 1955 1045 2018 deo
1068 1958 1100 2018 et
1122 1954 1207 2036 patri
1229 1957 1261 2017 et

85 2055 211 2138 spiritui
233 2060 342 2120 sancto
365 2058 603 2121 ob'sanctorum
626 2055 798 2121 electorum
817 2055 972 2133 salutem3
998 2058 1262 2142 quemadmodum
1275 2078 1300 2117 ιο

84 2161 198 2223 beatus
214 2160 409 2245 Polycarpus
432 2162 620 2244 martyrium
641 2162 783 2245 pertulit,
808 2165 848 2227 ad
870 2163 959 2227 cuius
982 2162 1118 2247 vestigia
1139 2163 1261 2226 utinam

84 2264 282 2328 inveniamur
304 2266 337 2329 in
359 2287 459 2350 regno
483 2266 555 2332 Iesu
577 2265 710 2332 Christi!

173 2369 202 2432 2.
227 2369 335 2453 Atque
357 2370 436 2434 haec
458 2394 496 2435 ex
520 2372 626 2437 codice
647 2371 788 2449 irenaei,
822 2370 970 2455 discipuli
993 2370 1182 2454 Polycarpi,
1206 2370 1261 2434 de·

85 2474 213 2557 scripsit
235 2473 345 2552 Caius,
380 2476 488 2559 quiet
517 2478 587 2561 ipse
610 2500 681 2542 cum
702 2477 833 2542 lrenaeo
862 2479 1064 2541 conversatus
1087 2479 1144 2540 est.
1189 2473 1261 2557 Ego

84 2600 158 2642 vero
181 2577 326 2643 Socrates
350 2578 494 2643 Corinthi
517 2603 555 2644 ex
570 2580 639 2645 Caii
662 2582 835 2665 exemplari
857 2583 935 2647 haec
952 2579 1111 2664 descripsi.
1151 2577 1261 2644 Gratia
1274 2600 1300 2638 ιο

84 2683 127 2745 sit
149 2704 221 2747 cum
243 2683 398 2747 omnibus.

173 2788 202 2851 3.
226 2787 270 2852 Et
291 2788 445 2871 posthaec
467 2810 528 2874 ego
553 2791 684 2856 Pionius
714 2814 753 2856 ex
775 2790 1000 2876 suprascriptis
1023 2790 1101 2854 haec
1124 2787 1261 2865 exaravi,

82 2959 112 2992 m
131 2941 161 2992 et
179 2957 264 3007 quarn
283 2941 340 2994 iam
358 2941 489 2996 Valesius
508 2943 544 2996 ad
557 2941 658 2998 Euseb.
685 2945 825 3016 leguntur,
845 2943 879 2996 cf.
890 2943 951 2997 Act.
962 2946 1043 2996 mart.
1054 2939 1262 2995 Scillitanonnn

83 3026 117 3079 H.
136 3025 166 3081 E.
179 3026 226 3091 IV,
241 3028 273 3081 15
291 3031 485 3097 proposuerat,
505 3029 576 3083 nihil
594 3031 658 3084 hae·
686 3049 727 3101 gr.
738 3031 792 3101 (ed
803 3028 912 3084 Usener
924 3028 1019 3097 1881);
1038 3025 1183 3097 Apollonii
1195 3043 1217 3080 c.
1227 3026 1261 3078 47

84 3114 174 3168 sitam
201 3116 330 3184 recipies.
374 3116 506 3172 Profecto
540 3117 660 3171 ecclesia
686 3117 778 3185 (Anah
806 3117 876 3172 Boll.
904 3115 985 3180 XIV,
1013 3115 1092 3184 294),
1128 3111 1262 3183 Cypriani

84 3201 230 3255 orientalis
242 3202 376 3257 natalitia
387 3204 596 3274 PolycarinII
609 3206 659 3261 Ca·
686 3205 838 3272 (procons.)
865 3221 887 3258 c
907 3205 932 3259 6.
951 3234 986 3242 —
1010 3197 1067 3278 ᾧ]
1095 3204 1162 3270 δόξα
1188 3198 1259 3269 κτλ]

83 3288 182 3342 lendes
200 3290 318 3344 Martias
337 3291 502 3346 celebrabat
520 3297 548 3347 et
568 3292 659 3347 adhuc
685 3290 789 3345 Iisdem
798 3291 858 3345 fere
870 3280 963 3345 ¹verbis
973 3288 1125 3343 Clementis
1138 3284 1262 3356 epistula

83 3376 224 3439 celebrat,
252 3393 305 3431 nec
323 3377 474 3444 quisquam
499 3396 556 3434 nou
573 3379 658 3444 ridet,
686 3377 723 3432 ad
742 3377 803 3433 Cor.
822 3379 865 3442 65,
884 3377 900 3430 2
917 3378 1091 3432 terminatur.

82 3481 134 3533 pro
165 3468 300 3537 Μαρτίων
329 3464 465 3519 facillime
497 3483 514 3519 a
543 3465 659 3521 librario
720 3464 806 3531 XXII,
827 3467 849 3520 l.
867 3468 935 3535 μεθ’
953 3458 987 3522 οὗ
997 3462 1067 3532 κτλ]
1086 3461 1164 3515 Haec
1177 3461 1261 3513 doxo-

82 3550 252 3621 neglegente
281 3550 381 3607 Μαΐων
410 3552 496 3605 scribi
523 3553 658 3622 potuisse.
685 3552 764 3623 logia
780 3570 837 3608 nou
855 3551 998 3606 saeculum
1023 3549 1188 3612 secundum,
1212 3545 1263 3600 sed

82 3640 190 3692 Auctor
222 3637 354 3692 Chronici
390 3639 534 3706 paschalis
564 3643 659 3694 autem
687 3643 811 3695 aetatem
836 3637 1024 3709 posteriorem
1050 3635 1134 3706 sapit.
1163 3665 1199 3674 -
1229 3625 1262 3690 οὗ

82 3726 235 3797 Ἀπριλίωκ
262 3725 409 3794 scripsisse
434 3725 562 3790 videtur,
592 3725 660 3794 quia
686 3725 846 3799 γένοιτο..
865 3727 937 3800 πρὸς
962 3725 1032 3795 κτλ]
1065 3725 1134 3779 Fere
1163 3721 1262 3777 eadem

82 3810 270 3880 Polycarpum
289 3820 329 3886 τῷ
339 3813 453 3888 μεγάλῳ
471 3814 602 3890 σαββάτῳ
614 3813 659 3868 vel
686 3813 773 3868 verba
799 3813 913 3883 scripsit
936 3813 1064 3884 ignatius
1086 3810 1158 3880 Eph.
1178 3809 1217 3873 12,
1236 3809 1260 3862 2.

82 3897 202 3951 sabbato
229 3898 413 3952 hebdomadis
440 3916 561 3970 magnae
588 3917 659 3954 mor·
721 3898 796 3968 289
812 3905 858 3959 καὶ
869 3901 940 3971 κτλ]
959 3901 988 3955 Si
998 3899 1082 3954 Caius
1094 3901 1189 3953 noster
1199 3913 1261 3950 cum

81 3989 162 4039 tuum
189 4001 250 4038 esse
277 3987 396 4054 putavit.
433 3987 474 4041 De
501 3988 599 4042 diebus
619 3987 659 4042 di-
686 3986 802 4042 Irenueo
821 3992 1001 4043 conversatus
1015 3989 1066 4051 est,
1084 3986 1183 4040 eodem
1201 3985 1261 4037 fere

80 4072 178 4137 versis,
198 4073 234 4126 ad
252 4090 322 4140 quos
336 4074 503 4140 Martyrium
520 4074 660 4129 refereba
687 4074 813 4144 tempore
831 4075 910 4140 vixit,
939 4092 994 4142 quo
1012 4074 1097 4129 Caius
1115 4071 1262 4143 presbyter

81 4163 140 4223 tur,
166 4159 315 4229 Lightfoot
333 4161 346 4214 l
363 4161 503 4216 ooo-696
521 4159 659 4230 amplissi-
688 4160 830 4215 Romanus
857 4160 970 4230 (Euseb.
990 4160 1024 4214 Η.
1042 4160 1073 4215 Ε.
1092 4159 1135 4223 Il,
1155 4160 1205 4223 25,
1224 4158 1261 4224 6),

81 4261 126 4298 me
139 4246 206 4317 egit
223 4279 259 4287 —
276 4247 401 4320 dyddph.
415 4264 438 4301 e.
453 4249 523 4301 hora
537 4247 660 4301 secunda
687 4253 716 4304 et
728 4250 849 4303 fortasse
868 4247 944 4302 idem
954 4253 1006 4303 est.
1044 4247 1098 4313 Qui
1115 4245 1261 4300 fueritvel

81 4333 312 4402 postmeridiem.
323 4333 561 4407 -ἀρχιερέως-
574 4338 660 4407 Τραλ-
687 4334 800 4403 quando
819 4335 923 4389 vixerit
940 4335 1070 4390 Socrates
1094 4334 1138 4389 vel
1156 4335 1261 4388 Isocra·

80 4420 187 4489 λιανοῦ]
215 4419 257 4474 Cf.
278 4422 322 4482 12,
343 4422 360 4474 2
387 4423 445 4474 not
472 4448 510 4461 -·
535 4419 659 4479 ἀνθυπα-
686 4424 730 4478 tes
749 4420 928 4488 Corinthius,
947 4439 983 4477 ne
1001 4423 1128 4478 conicere
1147 4420 1261 4488 quidem

81 4507 213 4574 τεὺοντος
236 4508 307 4578 κτλ]
339 4506 382 4561 Cf.
401 4507 512 4575 Proleg.
532 4524 554 4561 c
576 4511 598 4563 1.
625 4538 660 4547 -
687 4525 842 4579 possumus.

78 4594 275 4666 βασιλεύοντος
292 4594 363 4664 κτλ]
391 4593 499 4648 Eadem
523 4596 569 4649 vel
587 4594 660 4649 simi·
722 4596 747 4650 3.
766 4594 822 4670 ἐγὼ
837 4596 909 4667 κτλ]
936 4597 1006 4652 Cum
1033 4596 1150 4652 Pionius
1176 4594 1260 4659 dicat,

79 4679 120 4734 lia
137 4681 224 4735 verba
241 4680 272 4734 in
283 4681 338 4735 fine
356 4681 509 4736 multorum
522 4682 658 4737 Actorum
687 4683 854 4752 Martyrium
873 4699 908 4738 ex
928 4684 1082 4753 exemplari
1095 4683 1218 4740 Socratis
1230 4696 1260 4735 se
