2834 5018
374 574 577 631 EPISTULAE
596 573 799 633 CLEMENTIS
818 578 970 634 ROMANI.
1119 579 1258 646 XXXIX

77 753 264 818 Persecutio
296 759 405 819 autem
428 753 611 818 Domitiana
643 755 841 837 paucissimis
864 761 987 822 tantum
1010 756 1114 821 verbis
1138 760 1258 821 attacta

78 865 133 936 est,
167 860 247 943 quia
280 863 362 924 teste
385 858 584 923 Tertulliano
617 857 767 945 (Apolog.
792 883 818 926 c.
843 861 876 942 5)
906 861 1110 927 Domitianus
1132 861 1259 925 nonnisi

75 972 187 1045 portio
211 967 362 1029 Neronia
384 966 427 1028 de
447 966 648 1029 crudelitate
669 963 741 1041 fuit,
769 966 906 1031 fortasse
929 967 1033 1044 etiam,
1059 966 1133 1052 quia
1155 968 1257 1051 impe-

79 1076 165 1134 rator
197 1069 303 1133 adhuc
333 1069 417 1133 inter
447 1068 535 1132 vivos
564 1072 641 1133 erat.
687 1069 824 1154 Reliqua
853 1076 969 1148 autem,
1000 1093 1079 1156 quae
1103 1070 1259 1135 Wieseler

79 1174 225 1259 protulit,
251 1172 384 1237 minoris
406 1173 558 1236 momenti
580 1177 663 1236 sunt.
710 1171 863 1253 Concedo,
887 1175 973 1241 locos
996 1199 1092 1260 supra
1113 1176 1257 1240 laudatos

80 1301 143 1344 non
175 1278 284 1342 stricte
314 1278 463 1361 probare,
496 1277 666 1361 epistulam
698 1279 847 1344 decennio
879 1280 996 1346 saeculi
1021 1279 1117 1364 primi
1139 1279 1258 1343 decimo

82 1388 225 1447 exortam
248 1403 327 1446 esse.
375 1381 412 1446 Id
435 1385 541 1445 autem
563 1386 647 1446 certe
663 1403 701 1446 ex
715 1382 755 1447 iis
772 1389 913 1468 apparet,
939 1383 1132 1449 Clementem
1146 1382 1257 1447 verisi-

82 1487 188 1551 milius
211 1486 272 1551 hoc
295 1491 440 1570 tempore
456 1508 551 1570 quam
567 1492 640 1551 ante
656 1487 898 1573 Hierosolymae
913 1490 1071 1554 excidium
1086 1488 1256 1572 scripsisse.

645 1659 700 1723 ΠΙ.

172 1799 306 1866 Occasio
330 1799 488 1865 scribendi
510 1799 588 1864 haec
610 1798 680 1863 fuit.
727 1800 871 1865 Ecclesia
893 1799 1144 1877 Corinthiorum,
1178 1822 1259 1883 quae

85 1911 224 1990 tempore
248 1905 469 1989 praeterlapso
491 1903 663 1969 virtutibus
678 1905 817 1990 egregiis
833 1904 1024 1970 excelluerat
1039 1927 1076 1969 ac
1090 1926 1168 1988 pace
1183 1927 1259 1988 pro-

86 2009 182 2074 funda
204 2014 275 2074 erat
297 2009 405 2085 fruita,
428 2030 500 2073 cum
522 2009 650 2074 iuvenes
674 2009 797 2093 aliquot
818 2015 941 2074 tumore
963 2009 1066 2073 inflati
1084 2013 1116 2073 et
1131 2009 1259 2073 honoris

88 2116 192 2199 cupidi
214 2114 268 2197 (cf.
289 2114 370 2191 1,1;
396 2114 425 2189 3,
443 2115 476 2191 3,
500 2115 551 2191 21,
569 2115 602 2190 53
627 2116 678 2193 47,
696 2114 729 2197 6)
752 2117 785 2179 in
800 2115 1003 2199 presbyteros
1018 2114 1260 2178 insurrexissent

88 2241 200 2303 eosque
230 2219 434 2296 deiecissent,
468 2218 501 2282 in
530 2218 698 2283 discrimen
728 2220 814 2284 haud
845 2220 996 2306 exiguum
1026 2223 1172 2283 vocatum
1201 2223 1258 2282 est.

90 2321 205 2388 Forsan
237 2323 336 2387 etiam
359 2324 571 2388 controversia
601 2324 639 2387 de
661 2324 887 2388 resurrectione
909 2328 1104 2388 mortuorum
1137 2321 1259 2406 (ICor.

92 2430 138 2506 15,
155 2430 196 2493 12
212 2430 297 2513 sqq.)
322 2429 423 2493 denuo
447 2431 556 2491 exorta
579 2433 636 2493 est.
669 2426 784 2492 Omnia
805 2428 983 2512 perturbari
1006 2433 1119 2512 coepta
1133 2432 1207 2492 sunt
1230 2432 1262 2492 et

91 2533 221 2616 gentiles
254 2554 380 2616 quoque
402 2530 521 2595 nomini
544 2529 717 2595 christiano
739 2532 911 2615 opprobria
931 2532 1107 2596 intulerunt
1130 2533 1194 2616 (47,
1217 2530 1259 2613 7).

91 2633 198 2723 Ibique
222 2636 358 2701 ecclesia
373 2636 526 2712 Romana,
551 2658 622 2700 cum
645 2637 683 2700 de
698 2636 835 2700 dissidiis
859 2637 973 2701 certior
988 2637 1074 2701 facta
1089 2643 1180 2715 esset,
1204 2636 1260 2702 ob-

92 2741 186 2826 ligata
219 2763 288 2806 esse
318 2741 379 2805 sibi
408 2740 582 2818 videbatur,
615 2744 652 2804 ut
673 2741 787 2805 fratres
815 2742 855 2804 ad
876 2763 987 2824 pacem
1011 2747 1042 2806 et
1064 2741 1261 2806 concordiam

92 2849 257 2923 revocaret,
283 2850 316 2909 et
338 2845 508 2927 epistulam
528 2845 612 2910 hanc
634 2845 917 2910 luculentissimam
939 2844 1110 2911 Corinthiis
1131 2847 1227 2911 misit.

174 2949 311 3014 Constat
333 2948 470 3032 epistula
493 2970 510 3012 e
532 2949 694 3033 prooemio
718 2953 750 3012 et
766 2948 894 3033 epilogo
918 2971 955 3013 ac
971 2950 1091 3014 duabus
1105 2951 1259 3035 partibus.

92 3053 124 3118 ln
145 3054 202 3119 illo
227 3053 266 3135 (ο.
293 3051 391 3135 1-3)
420 3056 530 3116 auctor
552 3053 697 3136 exponit,
731 3076 826 3137 quam
853 3054 955 3118 bonus
978 3055 1127 3120 ecclesiae
1150 3054 1261 3120 Corin·

93 3159 226 3224 thiorum
258 3163 360 3223 status
394 3158 553 3242 quondam
583 3157 693 3234 fuerit,
727 3179 822 3240 quam
852 3158 952 3222 tristis
974 3181 1057 3223 nunc
1079 3159 1130 3222 sit.
1176 3157 1262 3224 Olim

93 3262 268 3328 Corinthios
300 3262 446 3326 omnibus
469 3262 639 3325 virtutibus
662 3267 790 3326 ornatos
809 3262 909 3326 fuisse
931 3261 1061 3345 (1-2);
1092 3267 1262 3347 postquam

93 3374 193 3432 autem
216 3367 385 3451 impletum
408 3366 514 3445 luerit,
540 3368 624 3450 quod
646 3367 797 3451 scriptum
821 3367 863 3431 sit
886 3367 979 3431 Deut.
1004 3368 1055 3444 32,
1083 3367 1133 3444 15,
1157 3368 1263 3432 omnia

92 3472 267 3554 perturbari
290 3477 323 3536 et
340 3491 596 3555 unumquemque
618 3470 795 3553 praeceptis
811 3468 873 3533 Dei
889 3471 1077 3554 contemptis
1093 3471 1263 3534 secundum

92 3577 358 3660 concupiscentias
389 3597 462 3639 suas
490 3574 632 3638 incedere
663 3572 719 3655 (3).
766 3573 925 3637 Invidiam
956 3571 1077 3636 fontem
1107 3573 1262 3637 malorum

91 3681 213 3745 illorum
246 3680 409 3745 declarans
438 3677 584 3743 Clemens
607 3678 721 3742 transit
744 3677 783 3741 ad
805 3677 942 3760 primam
964 3680 1086 3759 partem
1117 3676 1261 3758 (4-36).

91 3785 305 3863 Demonstrat,
337 3805 376 3848 ex
398 3782 516 3847 invidia
546 3782 666 3846 etzelo
690 3782 774 3864 apud
801 3785 921 3844 veteres
946 3778 991 3861 (4)
1017 3803 1053 3844 ac
1075 3781 1262 3844 recentiores

92 3890 201 3971 (5-6)
224 3890 364 3954 maxima
387 3889 472 3951 mala
493 3891 603 3951 exorta
625 3908 701 3961 esse,
725 3891 757 3949 et
773 3885 960 3949 adhortatur
983 3887 1022 3949 ad
1036 3885 1263 3968 paenitentiam

91 3995 217 4076 (7-8),
250 3995 292 4058 ad
321 3992 554 4058 oboedientiam
585 3996 617 4055 et
642 3991 736 4054 fidem
766 4010 842 4073 erga
869 3988 973 4053 Deum
1004 3987 1136 4070 (9-12)
1169 3989 1263 4052 etad

90 4097 302 4162 humilitatem
325 4096 404 4180 (13),
430 4095 658 4161 admonitiones
681 4094 773 4158 dictis
796 4094 894 4158 sacris
917 4097 949 4157 et
964 4093 1115 4177 exemplis
1137 4092 1264 4157 biblicis

90 4204 307 4287 comprobans.
355 4199 512 4265 Corinthii
542 4199 646 4282 magis
674 4198 745 4263 Deo
775 4199 946 4264 oboediant
976 4218 1070 4281 quam
1101 4196 1264 4259 seditionis

91 4309 271 4372 auctoribus
296 4305 365 4389 (14)
399 4310 431 4369 et
454 4306 647 4369 adhaereant
668 4304 723 4380 iis,
755 4304 810 4388 qui
831 4325 941 4388 pacem
965 4301 1078 4375 colant,
1111 4321 1168 4364 nec
1190 4321 1264 4363 vero

91 4414 190 4477 colere
212 4411 365 4476 simulent
388 4409 467 4492 (15).
513 4407 676 4473 Christum
704 4429 771 4471 esse
794 4430 864 4471 cum
887 4405 1075 4482 humilibus,
1107 4426 1171 4468 non
1193 4425 1265 4468 cum

91 4517 244 4600 superbis,
271 4520 304 4580 et
319 4515 499 4599 exemplum
515 4513 606 4577 nobis
621 4513 823 4596 proposuisse
837 4510 1002 4577 Abraham
1017 4515 1049 4573 et
1064 4508 1143 4572 alios
1157 4512 1264 4591 patres
