2834 5018
186 343 251 408 306
555 337 582 393 S.
600 337 805 394 POLYCARPI
823 337 1001 393 EPISTULA

186 515 359 598 πάσχωμεν
382 516 483 579 διὰτὸ
506 518 605 598 ὄνομα
621 516 727 594 αὐτοῦ,
742 513 922 597 δοξάζωμεν
938 514 1043 578 αὐτόν.
1088 524 1198 578 τοῦτον
1213 516 1275 598 γάρ
1296 513 1371 598 ἡμῖν

185 621 240 684 τὸν
272 620 474 704 ὑπογραμμὸν
497 621 598 704 ἔθηκε
620 619 659 683 δι’
680 619 807 697 ἑαυτοῦ,
830 620 883 681 καί
907 618 996 702 ἡμεῖς
1017 628 1109 682 τοῦτο
1133 619 1370 703 ἐπιστεύσαμεν.

275 726 330 790 ΙΧ.
355 723 537 807 Παρακαλῶ
566 721 621 786 οὖν
652 723 771 798 πάντας
803 724 884 807 ὑμᾶς
915 726 1102 806 πειθαρχεῖν
1130 731 1175 807 τῷ
1200 724 1286 808 λόγῳ
1315 736 1371 810 τῆς

188 829 386 913 δικαιοσύνης
415 829 469 890 καί
492 828 656 910 ὑπομένειν
683 838 789 891 πᾶσαν
817 829 993 911 ὑπομονήν,
1025 830 1063 911 ῆν
1086 831 1140 892 καί
1170 831 1273 893 εῖδατε
1299 830 1370 894 κατ’

160 933 376 1016 ιύφθαλμοὺς
399 935 436 996 ού
459 933 553 1015 μόνον
580 933 612 996 ἐν
635 942 698 1008 τοῖς
718 933 881 1016 μακαρίοις
905 932 1047 1018 Ἰγνατίῳ
1079 937 1134 998 καί
1157 934 1293 1018 Ζωσίμῳ
1316 937 1369 998 καί

189 1037 331 1121 Ῥούφῳ,
361 1036 446 1100 ἀλλά
468 1038 522 1099 καί
546 1037 579 1101 ἐν
611 1037 718 1112 ἄλλοις
741 1047 805 1113 τοῖς
836 1038 869 1115 ἐξ
892 1039 979 1123 ὑμῶν
1001 1040 1054 1101 καί
1078 1039 1111 1103 ἐν
1142 1042 1227 1124 αὐτῷ
1251 1039 1369 1124 Παύλῳ

187 1144 241 1205 καί
266 1151 329 1216 τοῖς
361 1142 479 1217 λοιποῖς
510 1142 715 1218 ἀποστόλοις·
751 1147 780 1208 2.
805 1142 1045 1226 πεπεισμένους,
1078 1147 1124 1206 ὅτι
1148 1143 1233 1207 ούτοι
1255 1145 1369 1220 πάντες

190 1250 252 1311 οὐκ
276 1249 323 1327 είς
345 1248 448 1310 κενὸν
470 1246 637 1333 ἔδραμον,
669 1247 742 1310 ἀλλ’
765 1248 798 1312 ἐν
820 1248 921 1311 πίστει
945 1250 998 1311 καί
1021 1249 1213 1332 δικαιοσύνῃ,
1245 1252 1300 1313 καί
1324 1252 1369 1312 ὅτι

189 1349 232 1424 είς
255 1352 308 1412 τὸν
331 1350 533 1434 ὀφειλόμενον
555 1353 660 1427 αὐτοῖς
675 1353 770 1416 τάτον
793 1353 851 1415 εἰσί
868 1355 953 1435 παρά
975 1361 1020 1436 τῷ
1035 1352 1143 1436 κυρίῳ,
1168 1351 1193 1437 ᾧ
1209 1355 1263 1416 καί
1279 1354 1369 1417 συνέ-

150 1475 176 1511 ισ
189 1456 306 1519 παθον.
352 1455 471 1537 οὐγὰρ
493 1457 554 1520 τὸν
575 1464 641 1521 νῦν
655 1459 841 1542 ἠγάπησαν
863 1461 984 1538 αἰῶνα,
1007 1457 1090 1521 ἀλλὰ
1105 1460 1158 1521 τὸν
1182 1459 1260 1541 ὑπὲρ
1282 1458 1369 1542 ἡμῶν

188 1557 393 1622 ἀποθανόντα
415 1560 469 1621 καί
491 1559 530 1622 δι’
553 1558 635 1643 ἡμᾶς
658 1561 718 1624 teu
740 1571 795 1624 τοῦ
819 1563 898 1626 θεοῦ
921 1562 1110 1626 ἀναστάντα.

277 1662 332 1748 [Χ.
356 1661 410 1727 Ἐν
433 1663 553 1740 τούτοις
575 1662 629 1728 οὖν
653 1665 785 1748 στήκετε
806 1667 860 1728 καί
884 1673 929 1748 τῷ
952 1676 1007 1729 τοῦ
1031 1667 1138 1749 κυρίου
1168 1667 1369 1751 ὑποδείγματι

187 1767 468 1849 κατακολουθεῖτε,
485 1769 613 1854 ἑδραῖοι
629 1774 671 1856 τῇ
686 1773 798 1834 πίστει
814 1772 871 1835 καί
890 1771 1139 1856 ἀμετακίνητοι,
1156 1772 1369 1856 φιλάδελφοι,

188 1871 357 1956 ἀλλήλους
381 1874 591 1956 ἀγαπῶντες,
614 1872 766 1956 ἡνωμέναι
789 1872 822 1935 ἐν
845 1882 884 1956 τη
912 1872 1059 1957 ἀληθείᾳ,
1083 1884 1121 1957 τῇ
1145 1874 1297 1958 ἐπιεικείᾳ
1316 1885 1369 1938 τοῦ

150 2002 176 2040 ω
188 1975 296 2057 κυρίου
319 1976 475 2060 ἀλλήλους
490 1977 727 2062 προηγούμενοι,
751 1978 882 2061 μηδενὸς
898 1989 1176 2060 καταφρονοῦντες.
1206 1983 1236 2045 2.
1262 1979 1305 2054 ὡς
1320 1979 1369 2042 δύ·

262 2152 275 2203 1
294 2149 438 2221 πάσχομεν
457 2150 500 2219 (1)
517 2151 676 2222 δοξάζωμεν
694 2151 902 2221 Ιιιύοξάζομεν
921 2152 944 2206 G
961 2155 965 2222 )
988 2152 1031 2219 3)4
1051 2160 1090 2226 τῷ
1109 2154 1185 2227 λόγῳ
1203 2165 1254 2222 τῆς
1272 2158 1369 2210 emme

189 2235 272 2305 σύνης
290 2235 337 2290 GL
350 2254 356 2287 ι
369 2239 404 2303 >
416 2235 472 2290 Eua
488 2238 492 2306 )
508 2238 526 2289 4
543 2234 692 2306 ὑπομένειν
711 2237 753 2290 G:
767 2235 862 2293 ἀσκεῖν
880 2237 936 2291 Eua
953 2241 982 2290 et
998 2237 1120 2291 editores
1134 2237 1244 2306 priores
1267 2240 1271 2309 Ι
1287 2238 1368 2308 ὑπομ.

189 2343 217 2378 π.
236 2321 380 2394 ὑπομονήν
392 2343 399 2375 t
412 2322 555 2395 ὑπομονῆς
573 2324 595 2377 L
611 2325 615 2393 Ι
631 2324 729 2395 ἥνιίγν
749 2326 772 2380 G
789 2326 793 2394 )
810 2321 898 2382 οἴδατε
910 2343 916 2376 :
930 2323 1005 2381 ίίίατε
1026 2326 1049 2379 G
1066 2326 1069 2393 )
1093 2328 1108 2379 7
1127 2331 1237 2393 λοιποῖς
1255 2325 1276 2379 L
1295 2325 1369 2380 Eus:

190 2406 284 2477 ἄλλοις
303 2410 328 2465 G
343 2411 347 2480 Ι
365 2415 395 2466 11
415 2410 470 2469 aet
483 2412 526 2466 :G
544 2412 702 2481 posthanc
721 2429 818 2467 vocem
837 2413 954 2466 exhibet
971 2413 1118 2466 Barnabae
1138 2412 1291 2481 epistulam
1306 2412 1370 2467 inde

191 2515 208 2550 a
226 2498 320 2552 verbis
339 2499 389 2555 τὸν
406 2501 476 2555 λαὸν
495 2501 544 2556 τὸν
561 2501 659 2556 καινὸν
677 2500 700 2562 5,
721 2501 735 2553 7
752 2501 756 2570 Ι
772 2499 931 2557 ἀναστάντα
950 2499 1007 2553 Eue
1021 2499 1225 2554 :resuscitatus
1244 2500 1266 2553 L

224 2640 248 2691 2.
268 2638 418 2710 πάσχωμεν
434 2640 504 2708 κτλ]
524 2639 764 2702 cf.11>etr.3,14;
779 2638 864 2693 teuit:
883 2637 979 2696 ἀσκεῖν
991 2638 1045 2708 leg.
1059 2637 1124 2691 Eua.
1137 2636 1167 2689 in
1180 2637 1196 2690 3
1216 2638 1283 2692 ecci
1299 2638 1370 2702 hist,

190 2725 215 2787 4,
237 2724 283 2787 le;
302 2724 396 2784 serm.
416 2725 482 2780 σιω.
501 2727 547 2791 ιιι,
567 2727 609 2789 es,
628 2729 651 2781 a.
665 2728 688 2780 3.
703 2727 727 2783 τ.
740 2728 764 2780 e.
778 2689 781 2793 )
794 2731 822 2781 et
840 2725 951 2780 utras
964 2730 1115 2793 sequentes
1129 2724 1203 2778 nene
1220 2722 1371 2780 lectionem

191 2841 225 2850 -
251 2809 448 2885 ὑπογραμμὸν]
476 2831 512 2867 sc.
542 2826 591 2884 τῆς
616 2796 822 2882 &scaevae-{in
841 2816 921 2868 textu
940 2815 1113 2880 receperunt
1138 2842 1174 2850 —
1196 2809 1228 2867 ἐν
1246 2822 1307 2880 τοῖς
1323 2835 1371 2884 μσ-

192 2898 233 2954 cf.
253 2899 266 2951 1
286 2899 369 2953 ciem.
389 2901 413 2963 5,
433 2904 456 2956 ι.
778 2878 899 2973 ίκαριπς
915 2900 985 2969 κει]
1009 2898 1052 2953 ef.
1073 2902 1095 2961 1,
1116 2901 1143 2960 1,
1174 2899 1223 2952 uu
1242 2898 1303 2953 Pol.
1322 2901 1371 2954 see

225 2986 867 3056 lxsuseb.H.a.111,36‚14.(Mar-·vn0e
895 2990 952 3041 iam
980 2985 1112 3054 respexit.
1159 2986 1231 3040 eun
1260 2985 1371 3057 Ignatio

192 3077 297 3144 tyrium
316 3092 336 3129 s.
356 3075 460 3144 Ignatii
479 3075 650 3128 Vaticanum
676 3090 697 3127 c.
719 3075 765 3134 12;
778 3144 780 3153 Ι
793 3080 939 3143 tamquam
964 3073 1094 3141 exempla
1118 3072 1280 3141 patientiae
1300 3076 1371 3131 Zosi·

191 3178 242 3230 per
269 3162 341 3230 Sym.
367 3162 551 3230 Metaphrast.
578 3178 600 3215 c.
615 3161 667 3228 26).
704 3160 765 3213 Ado
794 3180 855 3216 mus
869 3167 897 3216 et
907 3161 996 3215 Rufus
1008 3161 1229 3213 adnumerentur
1241 3164 1270 3214 et
1283 3178 1372 3229 aeque

191 3247 290 3302 Vienn.
311 3248 369 3301 Lib.
390 3248 424 3301 de
448 3248 540 3302 festiv.
559 3248 610 3302 XV
629 3246 687 3301 cel.
708 3246 764 3299 Ian.
794 3266 827 3303 ac
846 3249 894 3302 ille
911 3249 991 3302 besti
1003 3245 1210 3315 praedicentur,
1231 3248 1286 3301 hoc
1299 3249 1372 3304 viros

191 3335 299 3405 (Migne
317 3334 361 3388 PL
382 3334 438 3398 123,
459 3335 526 3403 194).
778 3346 851 3391 'una
877 3353 939 3389 cunr
968 3334 1101 3403 episcopo
1129 3332 1373 3390 Antiochenorum

229 3426 250 3476 1.
269 3421 419 3491 ὑπομένειν
435 3440 463 3477 π.
482 3419 637 3492 ὑπομονήν]
665 3420 710 3474 Sic
728 3419 765 3474 le·
794 3424 829 3476 ad
842 3423 1007 3490 martyrium
1020 3421 1138 3472 Romam
1148 3420 1304 3489 perductos
1314 3439 1373 3476 esse

193 3509 236 3578 git
254 3507 343 3562 codex
361 3507 530 3571 Vaticanus,
550 3524 607 3561 non
624 3507 720 3564 ἀσκεῖν
736 3528 764 3563 π.
779 3568 781 3587 Ι
794 3513 921 3579 apparet.
958 3506 1155 3575 Philippenses
1179 3507 1373 3563 duodevicesi-

192 3594 349 3665 ὑπομένειν,
368 3597 401 3649 ut
413 3595 557 3662 hucusque
571 3611 667 3649 omnes
685 3599 765 3664 puta·
793 3613 839 3650 mo
859 3593 1020 3649 Decembris
1045 3593 1091 3645 dic
1117 3610 1216 3647 comm
1240 3595 1374 3651 natalitia

191 3685 299 3737 verunt
336 3682 473 3736 Eusebius
490 3680 661 3735 hauddubie
680 3682 766 3735 verbo
795 3683 978 3738 celebrabant
997 3680 1109 3748 (Baron.
1128 3680 1277 3749 Martyrol.
1295 3684 1373 3738 aen

192 3767 341 3839 ίσιομένειν
358 3768 473 3822 verbum
491 3769 586 3824 ἀσκεῖν
610 3768 766 3831 substituit,
779 3808 782 3819 .
795 3772 831 3824 ad
849 3770 875 3823 h.
896 3769 941 3836 (1.).
978 3767 1034 3821 Eos
1052 3784 1108 3820 non
1122 3783 1156 3820 ex
1176 3768 1299 3823 ecclesia
1312 3769 1374 3823 Phi-

193 3862 223 3911 et
242 3858 266 3909 si
284 3857 339 3910 hoc
357 3856 430 3909 forte
448 3856 479 3908 in
491 3873 541 3909 suo
561 3854 714 3924 exemplari
726 3854 766 3908 in·
794 3856 966 3926 lippensium
979 3855 1073 3916 fuisse,
1093 3854 1269 3924 Polycarpus
1282 3858 1375 3911 verbis

192 3943 314 4006 venerit,
333 3942 380 3995 vix
398 3941 513 3995 dubium
532 3945 589 4003 est,
609 3946 701 3995 utrum
720 3959 766 4012 ge·
779 3992 782 4011 ,
794 3941 984 4010 sequentibus
1004 3939 1035 3996 ἐν
1053 3937 1147 4008 ἄλλοις
1165 3951 1226 4009 τοῖς
1244 3941 1276 4012 ἐξ
1288 3942 1375 4014 ὑμῶν,

193 4030 310 4083 nuinum
324 4030 367 4082 sit.
387 4027 513 4082 Eandem
522 4027 672 4083 lectionem
682 4045 766 4095 quam
779 4024 782 4053 ³
793 4029 906 4082 indicat.
944 4026 1028 4088 Zahu,
1046 4028 1176 4097 Ipnatius
1188 4047 1211 4083 a.
1225 4033 1262 4084 A.
1274 4048 1302 4100 p.
1316 4031 1375 4095 292,

195 4116 283 4169 codex
294 4116 449 4169 Vaticanus
461 4115 548 4168 habet
559 4113 840 4195 Ottoboniauus'eos
869 4133 901 4169 ex
930 4131 1046 4168 numero
1076 4112 1306 4171 Christianorum
1331 4118 1375 4172 Bi·

194 4219 228 4256 ex
246 4201 295 4257 illo
313 4203 471 4271 descriptus
490 4202 519 4255 in
537 4205 630 4262 textu;
649 4202 678 4253 in
695 4217 766 4253 mar·
779 4200 909 4270 'thynias
928 4201 1016 4255 fuisse
1036 4200 1159 4263 conicit,
1181 4205 1231 4269 qui
1248 4221 1303 4273 per
1320 4205 1375 4259 Pli-

194 4289 261 4359 gine
288 4293 383 4344 autem
410 4289 534 4343 secunda
561 4304 660 4340 manus
680 4303 766 4356 appo·
779 4234 871 4356 laium
890 4289 1015 4355 (Τισίεω.
1035 4289 1120 4356 epist.
1138 4287 1171 4352 X,
1191 4291 1238 4360 97)
1256 4291 1376 4347 Romam
