2834 5018
146 248 208 312 632
583 230 739 287 HERMAE
757 229 900 285 PASTOR

146 419 229 483 enim
252 415 373 480 dederis
405 413 521 479 fulloni
544 412 767 476 vestimentum
797 431 915 473 novum
942 409 1126 494 integrum
1158 408 1256 494 idque
1276 409 1340 472 inte

146 542 238 606 grum
260 521 374 584 iterum
397 518 445 581 vis
469 516 619 601 recipere,
644 512 726 577 fullo
749 517 855 577 autem
878 513 1022 577 scissum
1046 513 1116 578 tibi
1132 512 1222 577 illud
1243 514 1339 588 reddet

147 625 279 710 recipies
308 623 411 688 illud?
442 621 556 687 Nonne
586 619 695 684 statim
727 618 904 682 scandescis
935 623 968 682 et
1002 640 1083 682 eum
1117 619 1266 683 convicio
1285 639 1340 702 per

149 729 303 814 sequeris,
328 728 448 792 dicens:
481 725 716 790 vestimentum
748 723 909 807 integrum
941 722 1007 786 tibi
1038 723 1137 799 dedi;
1176 745 1276 808 quare
1295 723 1340 786 sci·

122 834 223 898 adisti
245 832 325 897 illud
347 836 379 896 et
400 830 513 895 inutile
544 828 718 914 redegisti?
751 827 795 892 Ilt
815 832 949 911 propter
971 829 1180 906 scissuram,
1212 828 1341 914 quanin

149 960 186 1002 eo
208 937 328 1014 fecisti,
358 937 392 1000 iu
414 956 474 998 usu
504 954 657 998 essenon
689 936 803 1015 potest.
849 930 966 996 Nonne
998 933 1088 998 haec
1122 934 1239 999 omnia
1266 933 1341 997 veru

149 1043 234 1106 dices
256 1040 371 1105 fulloni
401 1059 477 1123 ergo
507 1042 539 1102 et
562 1038 600 1101 da
632 1037 782 1114 scissura,
815 1058 910 1120 quam
932 1037 966 1100 in
991 1038 1205 1104 vestimento
1235 1044 1288 1104 tuo
1307 1037 1342 1101 le·

150 1148 248 1215 oerit?
282 1149 311 1211 4.
336 1145 371 1211 si
393 1147 437 1210 sic
466 1146 565 1229 igitur
588 1149 624 1209 tu
654 1145 742 1210 doles
764 1146 802 1209 de
832 1144 1025 1208 vestimento
1052 1149 1116 1208 tuo
1144 1148 1181 1208 et
1212 1142 1342 1228 quereris

151 1252 235 1337 quod
264 1271 327 1314 non
359 1249 438 1313 illud
466 1250 627 1334 integrum
660 1250 813 1335 recipias,
850 1249 926 1333 quid
957 1253 1062 1332 putas
1096 1249 1272 1314 dominum
1298 1246 1345 1311 tibi

114 1375 138 1411 10
151 1357 326 1432 facturum,
360 1355 413 1439 qui
436 1356 582 1439 spiritum
614 1356 774 1440 integrum
794 1354 855 1418 tibi
885 1353 988 1430 dedit,
1024 1357 1061 1417 et
1086 1359 1128 1417 tu
1160 1376 1238 1418 eum
1259 1357 1346 1417 totum

151 1458 296 1524 inutilem
319 1459 486 1543 redegisti,
511 1461 557 1526 ita
580 1462 672 1526 utin
694 1460 783 1525 nullo
805 1480 864 1522 usu
887 1480 956 1522 esse
979 1459 1093 1542 possit
1120 1459 1259 1524 domino
1280 1459 1347 1521 suo?

151 1563 278 1628 Inutilis
307 1562 390 1626 enim
419 1584 487 1627 esse
517 1564 622 1648 coepit
654 1587 729 1628 usus
761 1564 842 1640 eiua,
876 1583 948 1626 cum
978 1561 1024 1625 sit
1060 1569 1247 1648 corruptus
1277 1570 1347 1627 ate.

152 1666 265 1732 Nonne
294 1667 393 1750 igitur
423 1667 566 1732 dominus
597 1668 727 1753 spiritus
750 1668 816 1732 aius
846 1670 978 1750 propter
1006 1665 1077 1731 hoc
1109 1667 1245 1733 factum
1272 1674 1348 1732 tuum

154 1769 270 1856 [morte
292 1768 340 1854 te]
365 1771 512 1837 adficiet?
547 1773 576 1836 5.
600 1772 709 1850 Plane,
733 1773 871 1855 inquam,
896 1791 1006 1834 omues
1032 1792 1109 1847 eos,
1138 1792 1349 1857 quoscumque

116 1897 140 1934 1⁶
153 1877 308 1940 invenerit
329 1877 363 1940 in
391 1877 542 1941 memoria
564 1878 756 1943 offensarum
784 1896 983 1962 permanere,
1010 1877 1164 1942 adficiet.
1217 1877 1349 1943 Clemen-

153 1981 241 2057 tiam,
266 1981 385 2064 inquit,
416 1982 482 2045 eius
510 1981 631 2045 calcare
658 1980 774 2058 nolite,
804 1980 858 2045 sed
885 1980 993 2064 potius
1023 1980 1259 2047 honorificate
1281 2002 1349 2054 eum

155 2087 239 2169 quod
270 2090 337 2149 tam
363 2085 488 2169 patiens
519 2089 567 2149 est
596 2086 637 2149 ad
666 2084 782 2150 delicta
809 2088 911 2148 vestra
941 2087 974 2147 at
1003 2105 1075 2148 non
1101 2091 1157 2151 est
1191 2087 1277 2151 sicut
1296 2105 1350 2148 vos

156 2190 254 2275 Agite
277 2190 360 2253 enim
382 2189 609 2273 paenitentiam
631 2188 743 2253 utilem
765 2190 864 2255 vobis.

244 2289 306 2357 33.
331 2292 420 2357 Haeo
443 2293 557 2370 omnia,
582 2315 663 2377 quae
679 2315 776 2377 supra
798 2294 916 2378 scripta
931 2297 1015 2370 sunt,
1041 2314 1113 2377 ego
1138 2301 1262 2378 pastor
1283 2317 1351 2358 nun·

117 2415 142 2452 πο
155 2397 218 2460 tius
241 2395 453 2479 paenitentiae
482 2397 604 2461 ostendi
633 2402 665 2461 et
687 2396 811 2461 locutus
841 2419 910 2461 sum
941 2395 992 2459 dei
1026 2400 1149 2464 servis.
1204 2399 1243 2465 Si
1266 2398 1352 2465 credi·

157 2499 264 2564 deritis
292 2521 368 2583 ergo
392 2504 423 2563 et
452 2500 613 2564 audieritis
635 2501 731 2565 verba
761 2522 832 2564 mea
854 2504 886 2564 et
909 2499 1168 2568 ambulaveritis
1202 2504 1240 2568 in
1262 2504 1310 2567 his
1329 2508 1353 2565 et

157 2603 352 2668 correxeritis
374 2604 489 2668 itinera
511 2609 626 2683 vestra,
652 2604 755 2668 virtue
777 2603 932 2688 poteritis.
980 2601 1041 2667 Sin
1067 2611 1190 2672 autem
1215 2629 1353 2693 perman·

156 2709 260 2773 seritis
283 2708 316 2772 in
339 2708 463 2772 malitia
490 2712 522 2772 et
543 2708 696 2773 memoria
726 2709 933 2783 offensarum,
965 2706 1081 2772 nullus
1109 2732 1153 2775 ex
1177 2709 1356 2777 huiusmodi

156 2814 240 2877 rivet
263 2814 330 2876 deo.
377 2811 465 2876 Haec
488 2812 594 2877 omnia
617 2835 636 2876 a
657 2833 707 2876 me
731 2812 862 2877 dicenda
883 2810 967 2875 dicta
990 2816 1070 2875 sunt
1096 2815 1213 2880 vobis.
1256 2817 1287 2880 2.
1310 2815 1357 2880 Ait

118 2917 233 2982 amihi
255 2918 322 3000 ipse
345 2921 471 3001 pastor:
504 2915 619 2980 Omnia
642 2939 660 2980 a
682 2937 732 2980 me
755 2915 981 2999 interrogasti?
1018 2916 1066 2981 Et
1093 2919 1186 2984 dixi:
1223 2921 1287 2997 Ita,
1310 2921 1357 2984 do·

156 3022 248 3085 mine.
295 3019 398 3097 Quare
426 3040 502 3104 ergo
531 3041 595 3085 non
621 3021 827 3106 interrogasti
854 3042 904 3084 me
935 3020 973 3083 de
1003 3018 1122 3086 forma
1154 3022 1359 3108 lapidumin

157 3129 315 3190 structura
337 3125 564 3208 repositorum,
589 3126 672 3209 quod
695 3124 889 3209 explevimus
912 3123 1058 3189 formas?
1095 3125 1148 3191 Et
1174 3129 1266 3194 dixi:
1302 3129 1360 3194 ot

156 3230 233 3294 litus
263 3251 349 3306 sum,
383 3228 515 3292 domine.
562 3231 592 3294 3.
617 3229 701 3293 Audi
732 3251 831 3306 nunc,
861 3228 980 3312 inquit,
1016 3229 1057 3293 de
1081 3229 1170 3296 illis.
1224 3233 1274 3299 Hi
1296 3238 1362 3298 sunt

159 3335 212 3418 qui
234 3354 316 3397 nunc
345 3333 494 3397 mandata
515 3355 586 3398 mea
618 3334 784 3397 audierunt
815 3339 846 3398 et
868 3355 907 3396 ex
935 3332 1012 3397 totis
1043 3339 1263 3418 praecordiis
1294 3359 1361 3422 ege·

119 3459 144 3496 oo
157 3442 232 3501 runt
266 3436 503 3521 paenitentiam.
562 3434 703 3520 Cumque
737 3436 868 3500 vidisset
906 3436 1056 3500 dominus
1099 3439 1235 3506 bouum
1273 3449 1362 3527 atque

158 3563 270 3626 puram
293 3562 360 3604 esse
386 3539 613 3624 paenitentiam
643 3560 750 3603 eorum
773 3543 804 3603 et
827 3559 919 3623 posse
942 3559 995 3603 eos
1019 3540 1056 3604 in
1080 3563 1125 3608 ea
1161 3567 1361 3629 permanere,

229 3781 261 3834 14
279 3782 368 3832 morte
386 3778 543 3833 taetradet
560 3780 589 3831 te
613 3777 698 3832 morti
717 3776 893 3846 L²(n)‚>L¹
920 3777 925 3844 Ι
952 3776 984 3831 19
1004 3780 1124 3848 scripta
1155 3792 1231 3842 sunt
1245 3807 1252 3841 :
1267 3793 1362 3852 4321.

158 3865 250 3917 vanda
267 3866 396 3929 mandat,
422 3865 530 3919 utiam
555 3865 648 3934 agatis
664 3864 873 3933 paenitentiam
892 3862 925 3915 Ι)
947 3865 952 3932 Ι
974 3864 1007 3918 27
1026 3868 1112 3933 quod
1134 3872 1218 3943 expl.
1241 3877 1361 3930 formas:

160 3964 230 4014 quos
249 3951 418 4019 replevimus
437 3952 471 4005 L*

160 4168 233 4242 ὑγιὲς
250 4173 282 4228 τὸ
300 4173 426 4242 ἱμάτιον,
454 4179 481 4232 τί
498 4181 634 4245 δοκοῦμεν
656 4176 865 4247 ἣμεῖςΙπαθεῖν
884 4176 936 4234 ὑπὸ
963 4185 1015 4233 τοῦ
1038 4186 1169 4255 κυρίου,
1202 4190 1238 4246 τὸ
1257 4197 1361 4257 πνεῦμα
