2834 5018
189 344 254 409 388
408 339 728 397 PRESBYTERORUM
746 339 942 406 RELIQUIAE
960 339 1095 404 VII-IX,
1114 342 1140 395 2.

190 523 223 583 et
256 541 336 603 quae
364 519 397 583 in
428 521 539 587 mediis
570 522 766 605 temporibus

191 627 222 687 et
256 646 337 708 quae
370 624 403 688 in
436 625 498 690 fine
532 626 609 700 erit;
643 626 764 711 ignoro,

191 729 349 813 quomodo
365 735 549 794 erraverunt
572 731 699 813 quidam
715 752 765 794 se·
793 733 852 795 οὐκ
874 730 960 808 οἰδα,
993 736 1059 802 πῶς
1083 725 1282 810 ἐσφάλησαν
1308 748 1392 802 τινες

190 837 322 917 quontes
347 833 541 898 idiotismum
570 841 602 898 et
628 837 766 899 medium
793 833 1108 917 ἐπακολουθήσαντες
1125 831 1311 915 ἰδιωτισμῷ
1336 834 1390 894 καὶ

149 956 165 994 ⁶
191 938 379 1002 frustrantes
416 959 582 1003 numerum
618 941 763 1018 nominis,
791 941 844 1003 τὸν
869 939 963 1023 μέσον
978 937 1141 1021 ἠθέτησαν
1165 936 1318 1019 ἀριθμὸν
1334 944 1389 999 τοῦ

191 1043 423 1126 quinquaginta
444 1063 591 1107 numeros
608 1044 763 1109 deducen·
792 1043 961 1127 ὀνόματος,
998 1040 1170 1123 ν’ψὴφους
1208 1040 1389 1122 ὕφελόντῑς

190 1151 238 1211 tes
259 1168 319 1230 pro
334 1167 388 1211 sex
412 1146 537 1210 decadis
551 1170 647 1211 unam
671 1149 763 1213 deoa-
791 1150 844 1211 καί
874 1148 941 1211 ἀντὶ
974 1155 1036 1210 τῶν
1066 1143 1099 1221 ἓξ
1130 1144 1287 1209 δεκάδων
1313 1145 1387 1228 μίαν

191 1251 262 1314 dem
284 1250 418 1314 volentis
441 1271 518 1313 esse.
791 1252 909 1315 δεκάδα
933 1251 1114 1337 βουλόμενοι
1139 1246 1223 1311 εἶναι

255 1366 513 1438 [iren.v‚30‚1ed.
526 1338 763 1441 naweyu‘eoe]
861 1372 967 1442 [mann.
987 1371 1066 1424 nam.
1087 1370 1112 1422 s
1132 1371 1163 1424 Ρ.
1184 1369 1267 1432 non
1291 1369 1385 1440 moe-

791 1466 874 1514 ποντία
892 1477 919 1529 p.
938 1459 991 1527 80.]

733 1582 821 1647 VIII.

153 1713 177 1751 1⁰
278 1752 285 1765 .
310 1751 317 1765 .
343 1702 608 1786 quemadmodum
630 1706 854 1788 presbyteri
875 1707 1100 1782 meminerunt,
1136 1706 1207 1789 qui
1231 1706 1380 1771 Iohan-

190 1828 285 1871 nem
308 1805 593 1890 disoipulum
616 1807 785 1872 domini
808 1809 1051 1879 viderunt,
1077 1808 1207 1873 audisse
1224 1832 1260 1873 se
1287 1812 1380 1875 abeo

192 1910 456 1993 quemadmodum
478 1909 515 1972 de
538 1911 732 1994 temporibus
754 1911 818 1976 iltis
841 1913 975 1976 docebat
997 1913 1145 1977 dominus
1168 1919 1205 1977 et
1230 1915 1377 1979 dicebat:

191 2013 328 2078 Venient
351 2015 416 2078 dies
439 2018 496 2077 eto.
522 2014 562 2078 of.
587 2015 705 2098 Papiae
728 2015 858 2101 Fregm.
883 2017 908 2080 I.

819 2115 901 2185 [Iron.
914 2115 946 2181 V,
960 2116 1001 2179 33,
1021 2120 1038 2172 3
1056 2118 1097 2171 ed
1118 2118 1238 2188 Horvey
1253 2119 1290 2181 11,
1309 2117 1375 2186 411]

752 2239 806 2303 IX.

154 2372 179 2410 ¹⁶
238 2363 266 2424 1.
290 2361 335 2424 Et
359 2362 621 2445 quemadmodum
644 2385 764 2447 pres·
840 2366 867 2427 1.
891 2359 946 2437 Ὡς
969 2362 998 2425 οἱ
1020 2361 1306 2447 πρεσβύτεροι
1330 2360 1376 2424 λέ-

192 2465 333 2549 byteri
356 2464 472 2541 dicunt,
492 2469 577 2543 tuno,
601 2468 656 2550 qui
679 2467 766 2551 digni
793 2487 892 2550 γουσι,
915 2467 986 2530 τότε
1009 2467 1062 2529 καί
1086 2465 1115 2529 οἱ
1138 2467 1198 2549 μὲν
1223 2466 1375 2544 καταξιω-

192 2569 311 2633 fuorint
332 2568 491 2634 caelorum
521 2572 765 2647 conversatione,
795 2567 903 2644 θέντες
925 2580 980 2654 τῆς
1009 2570 1041 2633 ἐν
1065 2570 1190 2653 οὐρανῷ
1223 2570 1376 2656 διατριβῆς

193 2674 270 2738 illue
293 2673 487 2751 transibunt,
512 2675 545 2740 id
567 2680 616 2740 est
638 2677 670 2739 in
694 2697 766 2739 oue·
794 2674 896 2737 ἐκεῖσε
930 2673 1145 2756 χωρήσουσιν,
1192 2674 1224 2737 oi
1259 2675 1296 2739 δὲ
1328 2684 1376 2755 τῆς

193 2779 258 2854 los;
292 2778 347 2842 alii
379 2782 447 2842 tute
481 2780 619 2862 paradisi
648 2780 767 2844 deliciis
794 2788 848 2841 τοῦ
871 2777 1060 2859 παραδείσου
1083 2788 1205 2862 τρυφῆς
1236 2777 1375 2842 ἀπολαύ-

154 2897 180 2936 20
193 2886 341 2951 utentur:
376 2882 432 2946 alii
455 2888 560 2948 autem
582 2883 766 2967 speciosita-
795 2903 910 2960 σουσιν,
927 2882 955 2944 οἱ
978 2882 1012 2944 δὲ
1029 2880 1100 2967 [τὴν
1117 2881 1215 2965 ἁγίαν
1231 2880 1374 2968 γῆνκαὶ]

192 2992 258 3052 tem
281 2986 417 3051 civitatis
438 2988 662 3070 possidebunt:
695 2988 766 3052 ubi·
794 2988 849 3068 τὴν
861 2984 1064 3069 λαμπρότητα
1075 2994 1130 3068 τῆς
1140 2985 1271 3063 πόλεως
1282 2983 1376 3052 καδέ-

193 3113 254 3177 que
288 3095 393 3154 autem
423 3092 498 3155 deus
527 3092 699 3170 videbitur,
736 3098 769 3157 et
795 3088 897 3167 ξουοιν
914 3090 985 3176 [σὺν
1009 3099 1085 3152 πᾶσι
1101 3098 1166 3164 τοῖς
1190 3093 1264 3173 περὶ
1286 3091 1376 3171 αὐτὴν

194 3196 456 3280 quomadmodum
484 3195 572 3279 digni
601 3203 693 3261 erunt
720 3197 766 3260 vi·
794 3194 930 3278 ἀγαθοῖς
975 3193 1278 3277 ἐπιχορηγουμένοις
1321 3194 1375 3257 ὑπὸ

194 3301 302 3365 dentes
318 3321 400 3364 eum.
446 3301 476 3363 2.
501 3299 581 3364 Esse
597 3306 703 3365 autem
719 3302 767 3365 di·
794 3308 849 3361 τοῦ
872 3296 985 3382 teon}
1009 3306 1173 3379 πανταχοῦ
1197 3300 1263 3381 γὰρ
1288 3300 1375 3362 ooo·

154 3419 181 3458 τῦ
194 3405 345 3468 stantiam
375 3404 457 3468 huno
484 3403 690 3468 habitationis
713 3426 767 3469 eo·
795 3403 851 3484 τὴρ
863 3401 1065 3483 ὁραθήσεται,
1074 3401 1190 3476 καθὼς
1201 3400 1286 3478 ἄξιοι
1296 3404 1376 3466 ἔσον-

193 3531 277 3585 nun,
311 3514 367 3589 ριιι·
389 3517 517 3572 centum
547 3510 768 3589 [tristificaoe-
796 3525 845 3567 ται
876 3504 904 3567 οἱ
933 3504 1064 3587 δρῶντες
1096 3504 1205 3567 αὐτόν.
1246 3510 1279 3572 2.
1305 3504 1376 3570 εἶναι

794 3610 828 3672 δὲ
852 3611 907 3692 τὴν
930 3607 1095 3689 διαστολὴν
1118 3607 1240 3693 ταύτην
1264 3621 1321 3695 τῆς
1336 3609 1375 3672 οἰ-

794 3712 918 3795 κήσεως
941 3719 1010 3778 τῶν
1033 3712 1074 3776 τὰ
1097 3713 1226 3776 ἑκατὸν
1250 3736 1376 3799 naono

265 3834 299 3887 26
317 3834 417 3887 Matth.
440 3833 480 3895 13,
499 3832 533 3886 23
551 3834 603 3901 (13,
623 3834 651 3895 8;
671 3835 756 3890 Mero.
776 3835 800 3897 4,
820 3835 857 3904 8).

229 3934 275 3997 IX,
296 3937 319 3988 1.
338 3948 385 4006 τῆς
410 3945 461 3993 τοῦ
478 3938 655 4009 παραδείσου]
684 3937 770 3991 luter·
796 3942 869 4001 sunt,
897 3937 1000 3990 desunt
1017 3936 1047 3989 in
1074 3934 1319 4003 interpretatione
1337 3952 1377 3989 ve·

197 4038 261 4090 pres
280 4024 439 4091 praemittit
450 4029 511 4077 tute.
531 4024 643 4092 Hurvey
662 4028 690 4079 et
701 4024 770 4079 Har·
796 4028 864 4078 tere.
892 4054 927 4062 -
957 4028 1049 4096 σωτὴρ
1077 4020 1255 4095 δραθήσεται
1284 4023 1378 4088 καθὼς

197 4108 465 4163 neckhuncvoeem
484 4109 705 4181 edittographin
724 4110 841 4185 vo·}vel
868 4109 1031 4179 (Inteipres)
1058 4111 1104 4165 καὶ
1130 4109 1245 4180 καθὼς]
1272 4110 1379 4166 Similis

199 4193 239 4245 ois
257 4200 367 4250 κτειιτατ
384 4195 542 4265 explicant:
569 4195 615 4249 vix
634 4200 716 4251 recte.
736 4188 929 4250 -!dietitere
957 4196 991 4249 de
1026 4194 1138 4250 Christo
1167 4195 1328 4268 Origenem
1352 4197 1379 4250 in

199 4283 248 4350 τὴν
265 4278 346 4353 ἁγίαν
362 4282 431 4352 κτλ]
458 4281 535 4346 Quae
559 4283 638 4336 uncis
662 4284 771 4338 incluso
797 4281 1012 4337 Commentariis
1025 4297 1109 4351 super
1124 4280 1293 4355 Evangelia
1305 4285 1378 4339 eliis-
