2834 5018
444 635 494 689 AD
514 633 593 688 0011.
614 633 669 696 LX,
690 632 808 697 l—LXI,
829 638 852 687 1.
1175 638 1237 703 179

65 815 153 880 uibus
169 814 436 899 generationibus,
460 814 563 878 iustus
584 814 616 877 in
633 812 767 890 iudiciie,
792 812 985 877 admirabilis
1006 812 1240 877 infortitudine

66 923 96 983 et
116 919 363 1002 magnificentia,
388 920 514 1003 sapiens
536 920 570 983 in
593 919 755 983 condendo
779 923 810 982 et
824 918 962 1001 prudens
984 918 1017 981 in
1040 919 1154 983 creatis
1170 924 1238 983 sta·

65 1023 218 1101 biliendis,
244 1025 345 1088 bonus
367 1024 400 1087 in
422 1025 478 1102 iis,
514 1045 595 1108 quae
617 1023 780 1099 videntur,
804 1026 837 1086 et
857 1021 958 1086 fidelis
981 1023 1014 1087 in
1038 1044 1100 1101 eos,
1126 1023 1180 1107 qui
1203 1024 1237 1088 in

65 1132 94 1191 te
117 1128 291 1205 confidunt,
317 1129 533 1208 deniqueret
555 1133 764 1207 misericors,
795 1127 918 1190 dimitte
940 1128 1032 1191 nobis
1050 1127 1235 1212 iniquitates

64 1237 93 1296 et
113 1233 289 1297 iniustitias
313 1238 345 1297 et
367 1238 500 1318 peccata
515 1238 548 1297 et
570 1232 686 1297 delicta
700 1235 819 1296 nostra.
866 1234 895 1295 2.
919 1230 970 1296 Ne
992 1231 1128 1316 imputes
1143 1246 1266 1296 omne⁶

64 1341 229 1420 peccatum
258 1358 419 1401 servorum
452 1342 579 1402 tuorum
609 1340 640 1401 et
669 1359 843 1414 serrarum,
875 1336 929 1400 sed
960 1336 1092 1420 purifica
1120 1359 1178 1401 nos
1206 1338 1240 1400 in

64 1442 197 1505 ueritate
226 1445 283 1506 tua
306 1446 338 1506 et
368 1445 477 1522 (Ιὶκὶοο
504 1461 644 1523 precene
675 1451 825 1521 nostros,
859 1446 896 1506 ut
918 1448 952 1506 in
981 1449 1108 1524 pietate
1129 1444 1241 1506 cordis

65 1549 270 1610 unitulemuc
293 1550 325 1609 et
347 1567 501 1626 equinus,
532 1566 616 1627 ureae
639 1549 724 1610 tona
747 1556 780 1611 et
802 1549 1006 1629 beneplacita
1029 1556 1107 1612 arent
1128 1567 1241 1611 coram

66 1661 97 1714 te
125 1673 164 1715 ac
192 1674 297 1716 coram
326 1652 521 1736 principibus
550 1651 677 1715 nostris.
724 1652 754 1714 3.
778 1651 892 1727 lmine,
929 1652 1071 1728 domine,
1105 1654 1242 1716 ostende

62 1760 188 1835 famem
212 1764 302 1819 luam
325 1775 427 1838 anper
442 1775 513 1836 noc,
536 1765 573 1819 u!
589 1758 684 1819 bonis
704 1757 864 1833 fruamur
885 1754 918 1817 in
932 1776 1019 1837 pace,
1043 1759 1079 1818 ut
1094 1757 1242 1838 tegamur
1255 1773 1281 1811 1⁰

65 1881 164 1924 manu
189 1869 247 1924 tua
276 1866 408 1942 potenti
430 1864 462 1923 et
485 1860 524 1923 ab
557 1858 644 1923 omni
674 1862 803 1941 peceato
826 1857 996 1922 liberemur
1027 1861 1240 1923 brachiolos

65 1968 210 2044 excelso,
235 1986 271 2027 ac
293 1963 393 2028 libera
415 1985 473 2028 nos
498 1965 537 2029 ab
560 1963 616 2041 iis,
654 1963 787 2047 quinos
810 1962 942 2025 odenmt
964 1962 1089 2027 iniuste.
1135 1965 1165 2027 4.
1189 1963 1241 2028 Da

65 2069 266 2133 concordiam
289 2090 325 2132 ae
347 2063 458 2152 pacem
482 2075 514 2133 et
536 2069 628 2133 nobis
651 2073 682 2132 et
704 2066 850 2131 omnibus
872 2065 1091 2131 habitantibus
1112 2071 1238 2143 terram,

63 2174 146 2236 sicut
179 2172 292 2236 dedisti
323 2173 467 2256 patribus
497 2173 631 2249 nostris,
663 2171 715 2255 pie
746 2175 778 2234 te
807 2173 1033 2234 invocantibus
1055 2177 1091 2234 in
1120 2174 1187 2249 fide
1209 2181 1242 2236 et

64 2285 221 2357 cernale,
251 2278 305 2361 qui
327 2278 528 2342 oboedientes
551 2299 659 2341 sumus
680 2274 800 2339 nomini
822 2279 878 2338 tuo
901 2274 1109 2357 omnipotenti
1138 2276 1281 2339 omni-1⁶

64 2405 125 2467 que
147 2382 266 2445 virtute
287 2382 381 2464 pleno
411 2385 442 2445 et
465 2381 661 2465 principibus
692 2384 724 2444 et
746 2378 913 2462 praefectis
944 2378 1061 2442 nostris
1083 2377 1117 2442 in
1146 2383 1239 2444 terra.

151 2484 232 2549 LXI
259 2485 317 2561 Tu,
342 2486 482 2561 domine,
512 2485 628 2550 dedisti
649 2484 688 2547 iis
710 2487 902 2566 potestatem
924 2484 1014 2568 regni
1036 2505 1093 2567 per
1115 2483 1240 2568 magni·

62 2592 157 2655 ficam
180 2595 213 2653 et
234 2590 476 2654 inenarrabilem
499 2591 648 2654 virtutem
670 2595 776 2667 tuam,
800 2594 837 2654 ut
860 2594 1083 2674 cognoscentes
1106 2590 1242 2676 gloriam

63 2700 96 2759 et
117 2694 280 2771 honorem,
305 2715 398 2777 quem
420 2697 456 2757 tu
478 2694 517 2758 iis
540 2694 690 2771 tribuisti,
714 2716 771 2758 nos
795 2695 988 2759 subiciamus
1010 2694 1103 2778 ipsis,
1127 2694 1240 2759 volun·

63 2799 125 2863 tati
139 2802 215 2862 tuae
237 2820 300 2862 non
317 2799 533 2874 adversantur,
558 2799 738 2883 quibusda,
764 2799 897 2877 domine,
923 2800 1101 2876 sanitatem,
1120 2822 1240 2883 pacem,
1255 2817 1282 2855 20

64 2902 281 2979 concordiam,
305 2903 504 2980 firmitatem,
528 2907 564 2966 ut
585 2903 771 2987 imperium,
803 2904 888 2987 quod
910 2903 1006 2966 tuiis
1029 2903 1151 2981 dedisti,
1176 2903 1243 2967 sine

134 3057 153 3109 4
171 3056 229 3109 Ioel
248 3058 272 3119 2,
293 3057 339 3117 13;
358 3052 455 3109 sirach
473 3055 497 3117 2,
519 3056 565 3115 11;
586 3054 612 3106 Π
625 3053 747 3123 Paralip.
762 3054 802 3117 30,
817 3055 841 3108 9.
860 3085 894 3093 -
913 3053 929 3107 8
947 3055 992 3108 Ps.
1006 3054 1046 3117 39,
1060 3056 1090 3116 3;
1111 3054 1239 3117 118,133.

63 3175 99 3182 -
118 3143 134 3196 8
153 3142 193 3196 Ill
211 3142 278 3212 Reg.
299 3143 323 3206 9,
342 3144 367 3194 4.
385 3172 420 3182 -
439 3142 455 3196 9
474 3140 555 3195 Deut
577 3143 616 3205 12,
637 3143 678 3195 25.
698 3142 746 3204 28;
768 3143 806 3204 13,
829 3142 873 3202 18;
893 3143 934 3204 21,
953 3141 977 3194 9.
997 3172 1030 3179 -
1052 3141 1083 3196 10
1101 3141 1244 3204 Ρε.66,2;

64 3232 113 3293 79,
131 3232 158 3284 4.
177 3229 201 3284 8.
220 3231 269 3292 20;
296 3229 376 3283 Num.
395 3230 427 3293 6,
455 3230 496 3282 25.
517 3231 559 3283 26.
589 3259 622 3269 -
652 3230 683 3284 11
704 3228 771 3282 Gen.
792 3228 842 3291 50,
861 3228 907 3290 20;
934 3228 984 3281 Ier.
1004 3228 1054 3291 21,
1075 3228 1121 3290 10;
1148 3229 1189 3290 24,
1210 3229 1243 3290 6;

64 3321 127 3373 Am.
146 3318 177 3382 9,
196 3318 225 3378 4;
253 3316 336 3370 Deut.
356 3316 403 3378 30,
429 3316 453 3369 9.
486 3347 519 3355 -
548 3318 649 3371 mles.
670 3319 718 3380 51,
745 3318 792 3379 16;
820 3315 905 3369 Exod.
925 3316 953 3378 6,
981 3317 1009 3377 1;
1037 3314 1120 3368 Dent
1139 3316 1170 3379 4,
1196 3314 1242 3378 34;

63 3405 158 3466 5,15;
186 3405 236 3458 ler.
258 3403 306 3465 39,
326 3402 372 3464 21;
400 3401 500 3456 Ezecli
521 3403 568 3465 20,
588 3404 630 3457 33.
649 3402 691 3458 34.
719 3433 753 3441 -
783 3401 815 3456 16
833 3403 877 3456 Ps.
899 3404 959 3465 114,
981 3402 1027 3464 18;
1056 3401 1118 3467 146,
1138 3402 1154 3455 9
1174 3401 1242 3455 cf.I

64 3490 137 3544 Tim.
157 3490 181 3554 2,
202 3491 226 3547 7.

100 3630 126 3683 3.
145 3628 359 3700 ἐπίφανοοκτλ]
371 3630 412 3684 01.
421 3631 539 3686 Constit
550 3635 641 3701 apost.
669 3634 911 3702 praecedentibus,
931 3634 1018 3688 ceteri
1038 3633 1159 3689 editores
1178 3650 1242 3687 cum

64 3716 140 3777 VIII,
161 3716 201 3771 18.
216 3715 264 3778 37;
283 3715 391 3786 Liturg.
403 3716 493 3772 Marci
511 3719 541 3772 in
555 3718 642 3773 Offer·
671 3720 861 3787 sequentibus.
906 3721 948 3775 01.
967 3721 1017 3784 60,
1041 3722 1072 3783 2;
1101 3721 1242 3791 Athenag.

64 3803 351 3875 1οτίο.-ῥῦσαικτλ.]
359 3804 401 3859 01.
409 3806 545 3869 Ps.17,18;
557 3807 641 3870 3720.
670 3807 766 3877 Legat
786 3823 808 3861 c.
824 3810 852 3870 1;
872 3808 997 3876 Theoph.
1012 3806 1189 3870 aunuum,
1202 3808 1241 3863 11.

100 3892 125 3942 4.
145 3897 230 3946 πᾶσιν
247 3890 318 3958 κτλ]
339 3889 380 3944 01.
400 3891 497 3946 ITim.
510 3896 534 3958 2,
550 3898 571 3949 1.
591 3894 642 3948 Ρο-
705 3894 772 3947 LXI.
793 3895 893 3948 Preces
916 3893 1071 3948 offeruntur
1094 3911 1145 3964 pro
1170 3895 1243 3965 regi·

64 3975 118 4044 lyc·
146 3975 220 4029 Phil·
241 3975 288 4039 12,
308 3976 332 4029 2·
363 4009 398 4016 -
426 3981 574 4053 πατράσιν]
605 3999 641 4035 sc
670 3981 729 4034 bus.
761 3980 802 4035 cf.
821 3980 834 4032 I
852 3981 921 4034 Tun.
941 3982 972 4044 2,
991 3980 1021 4042 2;
1052 3979 1143 4049 Polyc.
1171 3980 1242 4033 Phil.

64 4062 238 4132 patriarchis
266 4067 295 4117 et
321 4065 470 4133 prophetis
498 4067 531 4120 cf.
560 4070 591 4129 4,
611 4068 641 4129 8;
672 4069 711 4130 12,
730 4067 761 4128 3;
788 4067 854 4120 lust.
883 4065 1007 4137 Apoll,
1033 4067 1140 4129 14.17;
1168 4066 1242 4122 Tert.

65 4149 107 4213 30,
119 4151 149 4210 7;
168 4151 209 4210 31,
221 4150 251 4211 2;
270 4150 346 4213 622·
364 4183 399 4191 -
411 4150 455 4209 ὑπ.
470 4154 641 4226 γινομένους]
669 4155 751 4224 Apol.
771 4172 793 4208 c.
813 4155 924 4209 30-36.

65 4235 273 4291 Anacoluthon
298 4237 339 4291 cf.
359 4238 429 4309 Eph.
451 4244 472 4304 1,
494 4240 533 4292 17.
554 4240 600 4303 18;
617 4243 642 4303 4,
707 4244 729 4296 1.
748 4237 862 4312 ἔδωκας]
881 4241 922 4295 01.
942 4240 1005 4309 Sap.
1019 4240 1042 4304 6,
1057 4241 1086 4303 3;
1106 4241 1184 4295 Rom.
1203 4242 1242 4305 13,

67 4323 142 4380 1-3.
180 4322 280 4378 Winer
307 4326 385 4394 563,
405 4328 451 4380 2a.
479 4358 515 4366 -
540 4347 643 4384 παντο·
672 4331 746 4386 1-6.
764 4361 799 4368 -
815 4327 1035 4398 ὑποτάσσεσθαι]
1054 4328 1096 4383 01.
1110 4329 1188 4382 Rom
1203 4329 1244 4392 13,

64 4413 183 4486 κράτορι
200 4412 271 4482 κτλ]
297 4413 338 4467 01.
362 4413 457 4467 Herm.
475 4412 533 4467 Vis.
552 4413 598 4478 III,
618 4416 641 4479 3,
670 4418 698 4479 5;
727 4416 782 4469 Tit.
801 4417 825 4478 3,
845 4418 873 4477 1;
902 4414 1005 4468 IPetr.
1026 4418 1053 4480 2,
1076 4416 1185 4472 13-16.
1210 4449 1245 4457 -

65 4501 90 4554 5.
108 4531 144 4539 -
162 4508 224 4566 τοῖς
253 4519 282 4555 τε
308 4495 440 4573 ἄρχουσιν
457 4501 527 4571 κτλ]
557 4502 643 4555 Recte
670 4502 845 4572 εὐστάθειαν]
866 4500 908 4554 cf.
926 4500 991 4571 Sap.
1004 4503 1029 4567 6,
1042 4502 1090 4566 26;
1108 4503 1135 4557 ΙΙ
1153 4503 1245 4558 Mace.

65 4585 219 4656 Lightfoot
237 4586 307 4640 haec
319 4586 404 4640 verba
423 4588 569 4642 coniunxit
579 4604 643 4642 cum
671 4590 711 4651 14,
730 4588 753 4642 6.

963 4679 1035 4745 12*
