<?xml version="1.0" encoding="UTF-8"?>
<!DOCTYPE html PUBLIC "-//W3C//DTD XHTML 1.0 Transitional//EN"
    "http://www.w3.org/TR/xhtml1/DTD/xhtml1-transitional.dtd">
<html xmlns="http://www.w3.org/1999/xhtml" xml:lang="en" lang="en">
 <head>
  <title>
</title>
<meta http-equiv="Content-Type" content="text/html;charset=utf-8" />
  <meta name='ocr-system' content='tesseract 3.04.00' />
  <meta name='ocr-capabilities' content='ocr_page ocr_carea ocr_par ocr_line ocrx_word'/>
</head>
<body>
  <div class='ocr_page' id='page_1' title='image "./patresapostolic00piongoog_0600.png"; bbox 0 0 2834 5018; ppageno 0'>
   <div class='ocr_carea' id='block_1_1' title="bbox 525 690 1246 759">
    <p class='ocr_par' dir='ltr' id='par_1_1' title="bbox 525 690 1246 759">
     <span class='ocr_line' id='line_1_1' title="bbox 525 690 1246 759; baseline 0.001 -17"><span class='ocrx_word' id='word_1_1' title='bbox 525 690 591 745; x_wconf 80' lang='lat' dir='ltr'><strong>vis.</strong></span> <span class='ocrx_word' id='word_1_2' title='bbox 610 691 658 753; x_wconf 92' lang='lat'><strong>111,</strong></span> <span class='ocrx_word' id='word_1_3' title='bbox 678 692 702 754; x_wconf 86' lang='lat' dir='ltr'><strong>a,</strong></span> <span class='ocrx_word' id='word_1_4' title='bbox 721 691 797 745; x_wconf 85' lang='lat'><strong>2-9.</strong></span> <span class='ocrx_word' id='word_1_5' title='bbox 1183 694 1246 759; x_wconf 84' lang='lat'><strong>437</strong></span> 
     </span>
    </p>
   </div>
   <div class='ocr_carea' id='block_1_2' title="bbox 60 867 1285 3775">
    <p class='ocr_par' dir='ltr' id='par_1_2' title="bbox 60 867 1285 3775">
     <span class='ocr_line' id='line_1_2' title="bbox 71 867 1246 954; baseline 0 -21"><span class='ocrx_word' id='word_1_6' title='bbox 71 870 99 933; x_wconf 79' lang='lat'><strong>3.</strong></span> <span class='ocrx_word' id='word_1_7' title='bbox 126 867 214 944; x_wconf 85' lang='lat' dir='ltr'>Quae</span> <span class='ocrx_word' id='word_1_8' title='bbox 238 893 308 934; x_wconf 88' lang='lat' dir='ltr'><strong>curn</strong></span> <span class='ocrx_word' id='word_1_9' title='bbox 334 871 472 946; x_wconf 78' lang='lat' dir='ltr'>dixisset,</span> <span class='ocrx_word' id='word_1_10' title='bbox 496 869 597 934; x_wconf 84' lang='lat' dir='ltr'><strong>voluit</strong></span> <span class='ocrx_word' id='word_1_11' title='bbox 620 870 722 945; x_wconf 87' lang='lat' dir='ltr'><strong>abire;</strong></span> <span class='ocrx_word' id='word_1_12' title='bbox 747 870 861 935; x_wconf 87' lang='lat' dir='ltr'><strong>cadens</strong></span> <span class='ocrx_word' id='word_1_13' title='bbox 876 876 983 935; x_wconf 89' lang='lat' dir='ltr'><strong>autem</strong></span> <span class='ocrx_word' id='word_1_14' title='bbox 1006 871 1046 935; x_wconf 90' lang='lat' dir='ltr'><strong>ad</strong></span> <span class='ocrx_word' id='word_1_15' title='bbox 1068 872 1163 954; x_wconf 90' lang='lat' dir='ltr'><strong>pedes</strong></span> <span class='ocrx_word' id='word_1_16' title='bbox 1178 869 1246 934; x_wconf 87' lang='lat' dir='ltr'><strong>eius</strong></span> 
     </span>
     <span class='ocr_line' id='line_1_3' title="bbox 70 973 1246 1065; baseline 0.003 -29"><span class='ocrx_word' id='word_1_17' title='bbox 70 973 182 1057; x_wconf 81' lang='lat' dir='ltr'><strong>rogavi</strong></span> <span class='ocrx_word' id='word_1_18' title='bbox 205 996 275 1038; x_wconf 89' lang='lat' dir='ltr'><strong>eam</strong></span> <span class='ocrx_word' id='word_1_19' title='bbox 296 997 353 1058; x_wconf 91' lang='lat' dir='ltr'><strong>per</strong></span> <span class='ocrx_word' id='word_1_20' title='bbox 376 974 551 1051; x_wconf 91' lang='lat' dir='ltr'><strong>dominum,</strong></span> <span class='ocrx_word' id='word_1_21' title='bbox 580 979 616 1038; x_wconf 90' lang='lat' dir='ltr'><strong>ut</strong></span> <span class='ocrx_word' id='word_1_22' title='bbox 638 974 716 1038; x_wconf 87' lang='lat' dir='ltr'><strong>mihi</strong></span> <span class='ocrx_word' id='word_1_23' title='bbox 739 975 918 1039; x_wconf 76' lang='lat' dir='ltr'><strong>ostenderet</strong></span> <span class='ocrx_word' id='word_1_24' title='bbox 941 997 1035 1059; x_wconf 88' lang='lat' dir='ltr'><strong>quam</strong></span> <span class='ocrx_word' id='word_1_25' title='bbox 1048 976 1246 1065; x_wconf 85' lang='lat' dir='ltr'><strong>¹promiserat</strong></span> 
     </span>
     <span class='ocr_line' id='line_1_4' title="bbox 69 1079 1247 1162; baseline 0.003 -20"><span class='ocrx_word' id='word_1_26' title='bbox 69 1079 231 1143; x_wconf 83' lang='lat' dir='ltr'><strong>visionem.</strong></span> <span class='ocrx_word' id='word_1_27' title='bbox 278 1081 308 1143; x_wconf 88' lang='grc'><strong>4.</strong></span> <span class='ocrx_word' id='word_1_28' title='bbox 332 1079 393 1143; x_wconf 91' lang='lat' dir='ltr'><strong>Illa</strong></span> <span class='ocrx_word' id='word_1_29' title='bbox 426 1084 532 1144; x_wconf 90' lang='lat' dir='ltr'><strong>autem</strong></span> <span class='ocrx_word' id='word_1_30' title='bbox 554 1100 662 1143; x_wconf 89' lang='lat' dir='ltr'><strong>rursus</strong></span> <span class='ocrx_word' id='word_1_31' title='bbox 692 1079 901 1162; x_wconf 76' lang='lat' dir='ltr'><strong>apprehendit</strong></span> <span class='ocrx_word' id='word_1_32' title='bbox 931 1101 1059 1144; x_wconf 89' lang='lat' dir='ltr'><strong>manum</strong></span> <span class='ocrx_word' id='word_1_33' title='bbox 1090 1101 1193 1146; x_wconf 87' lang='lat' dir='ltr'><strong>meam</strong></span> <span class='ocrx_word' id='word_1_34' title='bbox 1215 1086 1247 1146; x_wconf 95' lang='lat' dir='ltr'><strong>et</strong></span> 
     </span>
     <span class='ocr_line' id='line_1_5' title="bbox 69 1184 1246 1267; baseline 0.003 -20"><span class='ocrx_word' id='word_1_35' title='bbox 69 1184 165 1267; x_wconf 82' lang='lat' dir='ltr'><strong>erigit</strong></span> <span class='ocrx_word' id='word_1_36' title='bbox 187 1206 237 1247; x_wconf 94' lang='lat' dir='ltr'><strong>me</strong></span> <span class='ocrx_word' id='word_1_37' title='bbox 260 1188 292 1247; x_wconf 90' lang='lat' dir='ltr'><strong>et</strong></span> <span class='ocrx_word' id='word_1_38' title='bbox 314 1184 393 1248; x_wconf 84' lang='lat' dir='ltr'><strong>facit</strong></span> <span class='ocrx_word' id='word_1_39' title='bbox 416 1186 522 1249; x_wconf 88' lang='lat' dir='ltr'><strong>sedere</strong></span> <span class='ocrx_word' id='word_1_40' title='bbox 545 1206 639 1267; x_wconf 88' lang='lat' dir='ltr'><strong>super</strong></span> <span class='ocrx_word' id='word_1_41' title='bbox 653 1184 840 1249; x_wconf 84' lang='lat' dir='ltr'><strong>subsellium</strong></span> <span class='ocrx_word' id='word_1_42' title='bbox 862 1186 902 1249; x_wconf 87' lang='lat' dir='ltr'><strong>ad</strong></span> <span class='ocrx_word' id='word_1_43' title='bbox 917 1185 1091 1259; x_wconf 68' lang='lat' dir='ltr'><strong>sinistram</strong></span> <span class='ocrx_word' id='word_1_44' title='bbox 1116 1187 1246 1251; x_wconf 80' lang='lat' dir='ltr'><strong>sedebat</strong></span> 
     </span>
     <span class='ocr_line' id='line_1_6' title="bbox 69 1288 1272 1375; baseline 0.001 -24"><span class='ocrx_word' id='word_1_45' title='bbox 69 1294 175 1351; x_wconf 90' lang='lat' dir='ltr'><strong>autem</strong></span> <span class='ocrx_word' id='word_1_46' title='bbox 198 1292 230 1350; x_wconf 90' lang='lat' dir='ltr'><strong>et</strong></span> <span class='ocrx_word' id='word_1_47' title='bbox 252 1288 323 1370; x_wconf 89' lang='lat' dir='ltr'><strong>ipsa</strong></span> <span class='ocrx_word' id='word_1_48' title='bbox 345 1288 385 1352; x_wconf 90' lang='lat' dir='ltr'><strong>ad</strong></span> <span class='ocrx_word' id='word_1_49' title='bbox 416 1290 586 1353; x_wconf 88' lang='lat' dir='ltr'><strong>dexteram.</strong></span> <span class='ocrx_word' id='word_1_50' title='bbox 631 1289 675 1353; x_wconf 85' lang='lat' dir='ltr'><strong>Et</strong></span> <span class='ocrx_word' id='word_1_51' title='bbox 699 1288 822 1353; x_wconf 84' lang='lat' dir='ltr'><strong>elevata</strong></span> <span class='ocrx_word' id='word_1_52' title='bbox 852 1290 945 1375; x_wconf 82' lang='lat' dir='ltr'><strong>virga</strong></span> <span class='ocrx_word' id='word_1_53' title='bbox 974 1291 1110 1375; x_wconf 92' lang='lat' dir='ltr'><strong>quadam</strong></span> <span class='ocrx_word' id='word_1_54' title='bbox 1138 1290 1272 1374; x_wconf 77' lang='lat' dir='ltr'><strong>splen-u</strong></span> 
     </span>
     <span class='ocr_line' id='line_1_7' title="bbox 69 1391 1246 1478; baseline 0.004 -23"><span class='ocrx_word' id='word_1_55' title='bbox 69 1393 142 1456; x_wconf 87' lang='lat' dir='ltr'><strong>dida</strong></span> <span class='ocrx_word' id='word_1_56' title='bbox 165 1392 211 1456; x_wconf 90' lang='lat' dir='ltr'><strong>ait</strong></span> <span class='ocrx_word' id='word_1_57' title='bbox 233 1391 328 1455; x_wconf 90' lang='lat' dir='ltr'><strong>mibi:</strong></span> <span class='ocrx_word' id='word_1_58' title='bbox 360 1391 498 1457; x_wconf 86' lang='lat' dir='ltr'><strong>Videsne</strong></span> <span class='ocrx_word' id='word_1_59' title='bbox 520 1415 670 1478; x_wconf 84' lang='lat' dir='ltr'><strong>magnam</strong></span> <span class='ocrx_word' id='word_1_60' title='bbox 692 1398 784 1458; x_wconf 79' lang='lat' dir='ltr'><strong>rem?</strong></span> <span class='ocrx_word' id='word_1_61' title='bbox 816 1394 895 1459; x_wconf 88' lang='lat' dir='ltr'><strong>Dico</strong></span> <span class='ocrx_word' id='word_1_62' title='bbox 919 1396 964 1459; x_wconf 85' lang='lat' dir='ltr'><strong>ei:</strong></span> <span class='ocrx_word' id='word_1_63' title='bbox 995 1396 1141 1473; x_wconf 88' lang='lat' dir='ltr'><strong>Domina,</strong></span> <span class='ocrx_word' id='word_1_64' title='bbox 1165 1395 1246 1460; x_wconf 91' lang='lat' dir='ltr'><strong>nihil</strong></span> 
     </span>
     <span class='ocr_line' id='line_1_8' title="bbox 67 1495 1246 1575; baseline 0.004 -16"><span class='ocrx_word' id='word_1_65' title='bbox 67 1498 167 1560; x_wconf 81' lang='lat' dir='ltr'><strong>video.</strong></span> <span class='ocrx_word' id='word_1_66' title='bbox 215 1495 272 1560; x_wconf 82' lang='lat' dir='ltr'><strong>Ait</strong></span> <span class='ocrx_word' id='word_1_67' title='bbox 294 1497 392 1560; x_wconf 88' lang='lat' dir='ltr'><strong>mihi:</strong></span> <span class='ocrx_word' id='word_1_68' title='bbox 427 1497 494 1573; x_wconf 86' lang='lat' dir='ltr'><strong>Tu,</strong></span> <span class='ocrx_word' id='word_1_69' title='bbox 526 1519 613 1575; x_wconf 90' lang='lat' dir='ltr'><strong>ecce,</strong></span> <span class='ocrx_word' id='word_1_70' title='bbox 646 1519 750 1563; x_wconf 91' lang='lat' dir='ltr'><strong>nonne</strong></span> <span class='ocrx_word' id='word_1_71' title='bbox 771 1500 857 1564; x_wconf 85' lang='lat' dir='ltr'><strong>vides</strong></span> <span class='ocrx_word' id='word_1_72' title='bbox 887 1499 1053 1564; x_wconf 83' lang='lat' dir='ltr'><strong>adversum</strong></span> <span class='ocrx_word' id='word_1_73' title='bbox 1074 1504 1106 1564; x_wconf 91' lang='lat' dir='ltr'><strong>te</strong></span> <span class='ocrx_word' id='word_1_74' title='bbox 1132 1500 1246 1564; x_wconf 88' lang='lat' dir='ltr'><strong>turrim</strong></span> 
     </span>
     <span class='ocr_line' id='line_1_9' title="bbox 67 1602 1244 1688; baseline 0.003 -24"><span class='ocrx_word' id='word_1_75' title='bbox 67 1622 226 1685; x_wconf 77' lang='lat' dir='ltr'><strong>magnam,</strong></span> <span class='ocrx_word' id='word_1_76' title='bbox 250 1623 331 1685; x_wconf 89' lang='lat' dir='ltr'><strong>quae</strong></span> <span class='ocrx_word' id='word_1_77' title='bbox 347 1602 529 1666; x_wconf 89' lang='lat' dir='ltr'><strong>aedificatur</strong></span> <span class='ocrx_word' id='word_1_78' title='bbox 544 1624 640 1685; x_wconf 88' lang='lat' dir='ltr'><strong>super</strong></span> <span class='ocrx_word' id='word_1_79' title='bbox 663 1625 761 1688; x_wconf 85' lang='lat' dir='ltr'><strong>aquas</strong></span> <span class='ocrx_word' id='word_1_80' title='bbox 778 1602 936 1687; x_wconf 84' lang='lat' dir='ltr'><strong>lapidibus</strong></span> <span class='ocrx_word' id='word_1_81' title='bbox 960 1603 1121 1688; x_wconf 88' lang='lat' dir='ltr'><strong>quadratis</strong></span> <span class='ocrx_word' id='word_1_82' title='bbox 1137 1604 1244 1688; x_wconf 90' lang='lat' dir='ltr'><strong>splen-</strong></span> 
     </span>
     <span class='ocr_line' id='line_1_10' title="bbox 67 1706 1244 1790; baseline 0.003 -21"><span class='ocrx_word' id='word_1_83' title='bbox 67 1706 174 1770; x_wconf 78' lang='lat' dir='ltr'><strong>didis?</strong></span> <span class='ocrx_word' id='word_1_84' title='bbox 208 1708 236 1769; x_wconf 89' lang='lat'><strong>5.</strong></span> <span class='ocrx_word' id='word_1_85' title='bbox 261 1706 299 1770; x_wconf 91' lang='lat' dir='ltr'><strong>In</strong></span> <span class='ocrx_word' id='word_1_86' title='bbox 321 1708 475 1790; x_wconf 89' lang='lat' dir='ltr'><strong>quadrato</strong></span> <span class='ocrx_word' id='word_1_87' title='bbox 499 1711 605 1772; x_wconf 89' lang='lat' dir='ltr'><strong>autem</strong></span> <span class='ocrx_word' id='word_1_88' title='bbox 637 1707 862 1772; x_wconf 84' lang='lat' dir='ltr'><strong>aedificabatur</strong></span> <span class='ocrx_word' id='word_1_89' title='bbox 884 1709 980 1772; x_wconf 86' lang='lat' dir='ltr'><strong>turris</strong></span> <span class='ocrx_word' id='word_1_90' title='bbox 1005 1731 1024 1772; x_wconf 88' lang='lat' dir='ltr'><strong>a</strong></span> <span class='ocrx_word' id='word_1_91' title='bbox 1046 1730 1101 1773; x_wconf 83' lang='lat' dir='ltr'><strong>sex</strong></span> <span class='ocrx_word' id='word_1_92' title='bbox 1123 1708 1244 1773; x_wconf 86' lang='lat' dir='ltr'><strong>iuveni-</strong></span> 
     </span>
     <span class='ocr_line' id='line_1_11' title="bbox 60 1810 1285 1895; baseline 0.004 -22"><span class='ocrx_word' id='word_1_93' title='bbox 60 1811 137 1886; x_wconf 88' lang='lat' dir='ltr'><strong>bus,</strong></span> <span class='ocrx_word' id='word_1_94' title='bbox 154 1811 210 1894; x_wconf 92' lang='lat' dir='ltr'><strong>qui</strong></span> <span class='ocrx_word' id='word_1_95' title='bbox 224 1816 376 1875; x_wconf 82' lang='lat' dir='ltr'><strong>venerant</strong></span> <span class='ocrx_word' id='word_1_96' title='bbox 391 1834 462 1875; x_wconf 89' lang='lat' dir='ltr'><strong>cum</strong></span> <span class='ocrx_word' id='word_1_97' title='bbox 476 1811 564 1895; x_wconf 84' lang='lat' dir='ltr'><strong>ipsa;</strong></span> <span class='ocrx_word' id='word_1_98' title='bbox 589 1810 653 1876; x_wconf 84' lang='lat' dir='ltr'><strong>alia</strong></span> <span class='ocrx_word' id='word_1_99' title='bbox 668 1816 775 1876; x_wconf 86' lang='lat' dir='ltr'><strong>autem</strong></span> <span class='ocrx_word' id='word_1_100' title='bbox 789 1812 960 1877; x_wconf 88' lang='lat' dir='ltr'><strong>multitudo</strong></span> <span class='ocrx_word' id='word_1_101' title='bbox 975 1813 1115 1878; x_wconf 78' lang='lat' dir='ltr'><strong>virorum</strong></span> <span class='ocrx_word' id='word_1_102' title='bbox 1131 1814 1243 1878; x_wconf 86' lang='lat' dir='ltr'><strong>affere·</strong></span> <span class='ocrx_word' id='word_1_103' title='bbox 1259 1833 1285 1870; x_wconf 87' lang='lat'><strong>10</strong></span> 
     </span>
     <span class='ocr_line' id='line_1_12' title="bbox 66 1916 1244 1999; baseline 0.001 -18"><span class='ocrx_word' id='word_1_104' title='bbox 66 1917 145 1981; x_wconf 92' lang='lat' dir='ltr'><strong>bant</strong></span> <span class='ocrx_word' id='word_1_105' title='bbox 168 1916 306 1999; x_wconf 86' lang='lat' dir='ltr'><strong>lapides,</strong></span> <span class='ocrx_word' id='word_1_106' title='bbox 340 1916 395 1980; x_wconf 89' lang='lat' dir='ltr'><strong>alii</strong></span> <span class='ocrx_word' id='word_1_107' title='bbox 418 1937 456 1978; x_wconf 84' lang='lat' dir='ltr'><strong>ex</strong></span> <span class='ocrx_word' id='word_1_108' title='bbox 477 1916 652 1998; x_wconf 85' lang='lat' dir='ltr'><strong>profundo,</strong></span> <span class='ocrx_word' id='word_1_109' title='bbox 686 1916 741 1980; x_wconf 92' lang='lat' dir='ltr'><strong>alii</strong></span> <span class='ocrx_word' id='word_1_110' title='bbox 764 1921 919 1993; x_wconf 83' lang='lat' dir='ltr'><strong>exterra,</strong></span> <span class='ocrx_word' id='word_1_111' title='bbox 943 1922 976 1981; x_wconf 95' lang='lat' dir='ltr'><strong>et</strong></span> <span class='ocrx_word' id='word_1_112' title='bbox 997 1918 1167 1981; x_wconf 86' lang='lat' dir='ltr'><strong>tradebant</strong></span> <span class='ocrx_word' id='word_1_113' title='bbox 1190 1940 1244 1982; x_wconf 84' lang='lat' dir='ltr'><strong>sex</strong></span> 
     </span>
     <span class='ocr_line' id='line_1_13' title="bbox 66 2020 1243 2106; baseline 0.003 -23"><span class='ocrx_word' id='word_1_114' title='bbox 66 2021 249 2095; x_wconf 77' lang='lat' dir='ltr'><strong>iuvenibus3</strong></span> <span class='ocrx_word' id='word_1_115' title='bbox 282 2020 330 2083; x_wconf 94' lang='lat' dir='ltr'><strong>illi</strong></span> <span class='ocrx_word' id='word_1_116' title='bbox 360 2024 464 2084; x_wconf 88' lang='lat' dir='ltr'><strong>autem</strong></span> <span class='ocrx_word' id='word_1_117' title='bbox 486 2021 694 2104; x_wconf 78' lang='lat' dir='ltr'><strong>accipiebant</strong></span> <span class='ocrx_word' id='word_1_118' title='bbox 725 2025 757 2085; x_wconf 93' lang='lat' dir='ltr'><strong>et</strong></span> <span class='ocrx_word' id='word_1_119' title='bbox 780 2021 1000 2086; x_wconf 83' lang='lat' dir='ltr'><strong>aedificabant.</strong></span> <span class='ocrx_word' id='word_1_120' title='bbox 1047 2023 1077 2086; x_wconf 85' lang='lat'><strong>6.</strong></span> <span class='ocrx_word' id='word_1_121' title='bbox 1101 2022 1243 2106; x_wconf 84' lang='lat' dir='ltr'><strong>Lapides,</strong></span> 
     </span>
     <span class='ocr_line' id='line_1_14' title="bbox 67 2125 1244 2209; baseline 0.003 -21"><span class='ocrx_word' id='word_1_122' title='bbox 67 2126 121 2208; x_wconf 89' lang='lat' dir='ltr'><strong>qui</strong></span> <span class='ocrx_word' id='word_1_123' title='bbox 145 2126 183 2189; x_wconf 91' lang='lat' dir='ltr'><strong>de</strong></span> <span class='ocrx_word' id='word_1_124' title='bbox 205 2125 364 2208; x_wconf 88' lang='lat' dir='ltr'><strong>profundo</strong></span> <span class='ocrx_word' id='word_1_125' title='bbox 388 2126 595 2201; x_wconf 88' lang='lat' dir='ltr'><strong>eruebantur,</strong></span> <span class='ocrx_word' id='word_1_126' title='bbox 629 2146 737 2189; x_wconf 88' lang='lat' dir='ltr'><strong>omnes</strong></span> <span class='ocrx_word' id='word_1_127' title='bbox 759 2126 806 2189; x_wconf 90' lang='lat' dir='ltr'><strong>ita</strong></span> <span class='ocrx_word' id='word_1_128' title='bbox 829 2128 992 2209; x_wconf 88' lang='lat' dir='ltr'><strong>ponebant</strong></span> <span class='ocrx_word' id='word_1_129' title='bbox 1013 2127 1047 2190; x_wconf 92' lang='lat' dir='ltr'><strong>in</strong></span> <span class='ocrx_word' id='word_1_130' title='bbox 1070 2130 1244 2202; x_wconf 76' lang='lat' dir='ltr'><strong>structura3</strong></span> 
     </span>
     <span class='ocr_line' id='line_1_15' title="bbox 66 2229 1242 2313; baseline 0.002 -20"><span class='ocrx_word' id='word_1_131' title='bbox 66 2230 134 2313; x_wconf 89' lang='lat' dir='ltr'><strong>apti</strong></span> <span class='ocrx_word' id='word_1_132' title='bbox 158 2230 242 2294; x_wconf 90' lang='lat' dir='ltr'><strong>enim</strong></span> <span class='ocrx_word' id='word_1_133' title='bbox 274 2234 363 2293; x_wconf 87' lang='lat' dir='ltr'><strong>erant</strong></span> <span class='ocrx_word' id='word_1_134' title='bbox 385 2232 417 2293; x_wconf 92' lang='lat' dir='ltr'><strong>et</strong></span> <span class='ocrx_word' id='word_1_135' title='bbox 439 2230 656 2313; x_wconf 80' lang='lat' dir='ltr'><strong>congruebant</strong></span> <span class='ocrx_word' id='word_1_136' title='bbox 685 2229 851 2294; x_wconf 90' lang='lat' dir='ltr'><strong>iuncturae</strong></span> <span class='ocrx_word' id='word_1_137' title='bbox 881 2252 953 2294; x_wconf 88' lang='lat' dir='ltr'><strong>eum</strong></span> <span class='ocrx_word' id='word_1_138' title='bbox 976 2229 1048 2294; x_wconf 87' lang='lat' dir='ltr'><strong>aliis</strong></span> <span class='ocrx_word' id='word_1_139' title='bbox 1074 2229 1242 2313; x_wconf 83' lang='lat' dir='ltr'><strong>lapidibus,</strong></span> 
     </span>
     <span class='ocr_line' id='line_1_16' title="bbox 65 2334 1285 2418; baseline -0.006 -20"><span class='ocrx_word' id='word_1_140' title='bbox 65 2339 98 2398; x_wconf 88' lang='lat' dir='ltr'><strong>et</strong></span> <span class='ocrx_word' id='word_1_141' title='bbox 120 2335 166 2397; x_wconf 91' lang='lat' dir='ltr'><strong>ita</strong></span> <span class='ocrx_word' id='word_1_142' title='bbox 188 2334 403 2418; x_wconf 81' lang='lat' dir='ltr'><strong>iungebantur</strong></span> <span class='ocrx_word' id='word_1_143' title='bbox 425 2334 506 2398; x_wconf 89' lang='lat' dir='ltr'><strong>alter</strong></span> <span class='ocrx_word' id='word_1_144' title='bbox 531 2335 571 2399; x_wconf 88' lang='lat' dir='ltr'><strong>ad</strong></span> <span class='ocrx_word' id='word_1_145' title='bbox 586 2334 730 2413; x_wconf 88' lang='lat' dir='ltr'><strong>alterum,</strong></span> <span class='ocrx_word' id='word_1_146' title='bbox 754 2338 791 2398; x_wconf 91' lang='lat' dir='ltr'><strong>ut</strong></span> <span class='ocrx_word' id='word_1_147' title='bbox 812 2335 958 2399; x_wconf 89' lang='lat' dir='ltr'><strong>iunctura</strong></span> <span class='ocrx_word' id='word_1_148' title='bbox 973 2354 1082 2397; x_wconf 90' lang='lat' dir='ltr'><strong>eorum</strong></span> <span class='ocrx_word' id='word_1_149' title='bbox 1103 2355 1169 2399; x_wconf 94' lang='lat' dir='ltr'><strong>non</strong></span> <span class='ocrx_word' id='word_1_150' title='bbox 1185 2357 1243 2418; x_wconf 89' lang='lat' dir='ltr'><strong>ap·</strong></span> <span class='ocrx_word' id='word_1_151' title='bbox 1259 2354 1285 2392; x_wconf 75' lang='lat' dir='ltr'><strong>ra</strong></span> 
     </span>
     <span class='ocr_line' id='line_1_17' title="bbox 64 2436 1245 2523; baseline -0.001 -20"><span class='ocrx_word' id='word_1_152' title='bbox 64 2442 199 2523; x_wconf 86' lang='lat' dir='ltr'><strong>pareret.</strong></span> <span class='ocrx_word' id='word_1_153' title='bbox 247 2436 433 2521; x_wconf 82' lang='lat' dir='ltr'><strong>Apparebat</strong></span> <span class='ocrx_word' id='word_1_154' title='bbox 463 2442 569 2502; x_wconf 92' lang='lat' dir='ltr'><strong>autem</strong></span> <span class='ocrx_word' id='word_1_155' title='bbox 596 2438 773 2502; x_wconf 89' lang='lat' dir='ltr'><strong>aedificatio</strong></span> <span class='ocrx_word' id='word_1_156' title='bbox 806 2438 902 2502; x_wconf 89' lang='lat' dir='ltr'><strong>turris</strong></span> <span class='ocrx_word' id='word_1_157' title='bbox 935 2437 1025 2521; x_wconf 92' lang='lat' dir='ltr'><strong>quasi</strong></span> <span class='ocrx_word' id='word_1_158' title='bbox 1048 2459 1087 2501; x_wconf 84' lang='lat' dir='ltr'><strong>ex</strong></span> <span class='ocrx_word' id='word_1_159' title='bbox 1109 2458 1172 2501; x_wconf 93' lang='lat' dir='ltr'><strong>uno</strong></span> <span class='ocrx_word' id='word_1_160' title='bbox 1195 2439 1245 2503; x_wconf 93' lang='lat' dir='ltr'><strong>la-</strong></span> 
     </span>
     <span class='ocr_line' id='line_1_18' title="bbox 64 2539 1245 2627; baseline 0 -20"><span class='ocrx_word' id='word_1_161' title='bbox 64 2544 139 2627; x_wconf 91' lang='lat' dir='ltr'><strong>pide</strong></span> <span class='ocrx_word' id='word_1_162' title='bbox 163 2542 337 2607; x_wconf 84' lang='lat' dir='ltr'><strong>aedificata.</strong></span> <span class='ocrx_word' id='word_1_163' title='bbox 384 2543 413 2605; x_wconf 82' lang='lat'><strong>7.</strong></span> <span class='ocrx_word' id='word_1_164' title='bbox 438 2539 566 2607; x_wconf 84' lang='lat' dir='ltr'><strong>Ceteros</strong></span> <span class='ocrx_word' id='word_1_165' title='bbox 596 2547 703 2606; x_wconf 89' lang='lat' dir='ltr'><strong>autem</strong></span> <span class='ocrx_word' id='word_1_166' title='bbox 725 2542 863 2625; x_wconf 88' lang='lat' dir='ltr'><strong>lapides,</strong></span> <span class='ocrx_word' id='word_1_167' title='bbox 894 2542 948 2626; x_wconf 90' lang='lat' dir='ltr'><strong>qui</strong></span> <span class='ocrx_word' id='word_1_168' title='bbox 971 2542 1185 2607; x_wconf 87' lang='lat' dir='ltr'><strong>afferebantur</strong></span> <span class='ocrx_word' id='word_1_169' title='bbox 1208 2544 1245 2607; x_wconf 88' lang='lat' dir='ltr'><strong>de</strong></span> 
     </span>
     <span class='ocr_line' id='line_1_19' title="bbox 65 2646 1245 2732; baseline 0 -21"><span class='ocrx_word' id='word_1_170' title='bbox 65 2653 160 2722; x_wconf 86' lang='lat' dir='ltr'><strong>terra,</strong></span> <span class='ocrx_word' id='word_1_171' title='bbox 185 2647 338 2730; x_wconf 88' lang='lat' dir='ltr'><strong>quosdam</strong></span> <span class='ocrx_word' id='word_1_172' title='bbox 362 2646 488 2729; x_wconf 90' lang='lat' dir='ltr'><strong>quidem</strong></span> <span class='ocrx_word' id='word_1_173' title='bbox 511 2647 701 2724; x_wconf 88' lang='lat' dir='ltr'><strong>reiciebant,</strong></span> <span class='ocrx_word' id='word_1_174' title='bbox 727 2647 881 2732; x_wconf 88' lang='lat' dir='ltr'><strong>quosdam</strong></span> <span class='ocrx_word' id='word_1_175' title='bbox 903 2651 1010 2711; x_wconf 87' lang='lat' dir='ltr'><strong>autem</strong></span> <span class='ocrx_word' id='word_1_176' title='bbox 1031 2648 1194 2730; x_wconf 89' lang='lat' dir='ltr'><strong>ponebant</strong></span> <span class='ocrx_word' id='word_1_177' title='bbox 1212 2647 1245 2711; x_wconf 91' lang='lat' dir='ltr'><strong>in</strong></span> 
     </span>
     <span class='ocr_line' id='line_1_20' title="bbox 68 2750 1244 2836; baseline -0.002 -20"><span class='ocrx_word' id='word_1_178' title='bbox 68 2757 243 2819; x_wconf 86' lang='lat' dir='ltr'><strong>structura:</strong></span> <span class='ocrx_word' id='word_1_179' title='bbox 269 2750 348 2815; x_wconf 87' lang='lat' dir='ltr'><strong>alios</strong></span> <span class='ocrx_word' id='word_1_180' title='bbox 365 2755 471 2814; x_wconf 92' lang='lat' dir='ltr'><strong>autem</strong></span> <span class='ocrx_word' id='word_1_181' title='bbox 495 2750 703 2816; x_wconf 88' lang='lat' dir='ltr'><strong>concidebant</strong></span> <span class='ocrx_word' id='word_1_182' title='bbox 726 2757 758 2816; x_wconf 89' lang='lat' dir='ltr'><strong>et</strong></span> <span class='ocrx_word' id='word_1_183' title='bbox 772 2752 971 2836; x_wconf 88' lang='lat' dir='ltr'><strong>proiciebant</strong></span> <span class='ocrx_word' id='word_1_184' title='bbox 994 2751 1090 2836; x_wconf 81' lang='lat' dir='ltr'><strong>longe</strong></span> <span class='ocrx_word' id='word_1_185' title='bbox 1113 2774 1132 2815; x_wconf 90' lang='lat' dir='ltr'><strong>a</strong></span> <span class='ocrx_word' id='word_1_186' title='bbox 1154 2751 1244 2815; x_wconf 90' lang='lat' dir='ltr'><strong>turri.</strong></span> 
     </span>
     <span class='ocr_line' id='line_1_21' title="bbox 65 2855 1284 2942; baseline 0 -22"><span class='ocrx_word' id='word_1_187' title='bbox 65 2858 95 2920; x_wconf 82' lang='lat'><strong>8.</strong></span> <span class='ocrx_word' id='word_1_188' title='bbox 120 2855 187 2920; x_wconf 85' lang='lat' dir='ltr'><strong>Alii</strong></span> <span class='ocrx_word' id='word_1_189' title='bbox 219 2861 325 2920; x_wconf 89' lang='lat' dir='ltr'><strong>autem</strong></span> <span class='ocrx_word' id='word_1_190' title='bbox 347 2856 469 2938; x_wconf 88' lang='lat' dir='ltr'><strong>lapides</strong></span> <span class='ocrx_word' id='word_1_191' title='bbox 501 2855 594 2920; x_wconf 89' lang='lat' dir='ltr'><strong>multi</strong></span> <span class='ocrx_word' id='word_1_192' title='bbox 617 2856 699 2921; x_wconf 87' lang='lat' dir='ltr'><strong>circa</strong></span> <span class='ocrx_word' id='word_1_193' title='bbox 727 2859 842 2922; x_wconf 89' lang='lat' dir='ltr'><strong>turrim</strong></span> <span class='ocrx_word' id='word_1_194' title='bbox 870 2858 1016 2921; x_wconf 89' lang='lat' dir='ltr'><strong>iacebant</strong></span> <span class='ocrx_word' id='word_1_195' title='bbox 1047 2878 1149 2942; x_wconf 92' lang='lat' dir='ltr'><strong>neque</strong></span> <span class='ocrx_word' id='word_1_196' title='bbox 1172 2860 1244 2920; x_wconf 90' lang='lat' dir='ltr'><strong>ute-</strong></span> <span class='ocrx_word' id='word_1_197' title='bbox 1259 2873 1284 2911; x_wconf 77' lang='lat'><strong>2⁰</strong></span> 
     </span>
     <span class='ocr_line' id='line_1_22' title="bbox 65 2960 1244 3039; baseline -0.001 -15"><span class='ocrx_word' id='word_1_198' title='bbox 65 2962 182 3025; x_wconf 88' lang='lat' dir='ltr'><strong>bantur</strong></span> <span class='ocrx_word' id='word_1_199' title='bbox 203 2960 243 3024; x_wconf 90' lang='lat' dir='ltr'><strong>iis</strong></span> <span class='ocrx_word' id='word_1_200' title='bbox 265 2961 298 3024; x_wconf 91' lang='lat' dir='ltr'><strong>in</strong></span> <span class='ocrx_word' id='word_1_201' title='bbox 330 2964 540 3036; x_wconf 68' lang='lat' dir='ltr'><strong>structuram</strong></span> <span class='ocrx_word' id='word_1_202' title='bbox 573 2963 663 3025; x_wconf 87' lang='lat' dir='ltr'><strong>erant</strong></span> <span class='ocrx_word' id='word_1_203' title='bbox 686 2962 770 3026; x_wconf 89' lang='lat' dir='ltr'><strong>enim</strong></span> <span class='ocrx_word' id='word_1_204' title='bbox 801 2961 947 3026; x_wconf 89' lang='lat' dir='ltr'><strong>nonnulli</strong></span> <span class='ocrx_word' id='word_1_205' title='bbox 970 2983 1008 3025; x_wconf 88' lang='lat' dir='ltr'><strong>ex</strong></span> <span class='ocrx_word' id='word_1_206' title='bbox 1030 2961 1069 3025; x_wconf 89' lang='lat' dir='ltr'><strong>iis</strong></span> <span class='ocrx_word' id='word_1_207' title='bbox 1098 2961 1244 3039; x_wconf 89' lang='lat' dir='ltr'><strong>scabiosi,</strong></span> 
     </span>
     <span class='ocr_line' id='line_1_23' title="bbox 65 3063 1244 3142; baseline 0.001 -15"><span class='ocrx_word' id='word_1_208' title='bbox 65 3063 120 3128; x_wconf 92' lang='lat' dir='ltr'><strong>alii</strong></span> <span class='ocrx_word' id='word_1_209' title='bbox 144 3069 251 3128; x_wconf 89' lang='lat' dir='ltr'><strong>autem</strong></span> <span class='ocrx_word' id='word_1_210' title='bbox 280 3064 432 3128; x_wconf 89' lang='lat' dir='ltr'><strong>scissuras</strong></span> <span class='ocrx_word' id='word_1_211' title='bbox 455 3064 624 3142; x_wconf 88' lang='lat' dir='ltr'><strong>habentes,</strong></span> <span class='ocrx_word' id='word_1_212' title='bbox 658 3066 713 3130; x_wconf 81' lang='lat' dir='ltr'><strong>alii</strong></span> <span class='ocrx_word' id='word_1_213' title='bbox 735 3065 931 3141; x_wconf 88' lang='lat' dir='ltr'><strong>detruncati,</strong></span> <span class='ocrx_word' id='word_1_214' title='bbox 964 3066 1018 3130; x_wconf 89' lang='lat' dir='ltr'><strong>alii</strong></span> <span class='ocrx_word' id='word_1_215' title='bbox 1043 3066 1107 3129; x_wconf 88' lang='lat' dir='ltr'><strong>albi</strong></span> <span class='ocrx_word' id='word_1_216' title='bbox 1137 3069 1170 3129; x_wconf 89' lang='lat' dir='ltr'><strong>et</strong></span> <span class='ocrx_word' id='word_1_217' title='bbox 1192 3087 1244 3128; x_wconf 93' lang='lat' dir='ltr'><strong>ro-</strong></span> 
     </span>
     <span class='ocr_line' id='line_1_24' title="bbox 64 3169 1243 3253; baseline 0 -21"><span class='ocrx_word' id='word_1_218' title='bbox 64 3169 171 3245; x_wconf 92' lang='lat' dir='ltr'><strong>tundi,</strong></span> <span class='ocrx_word' id='word_1_219' title='bbox 204 3190 268 3232; x_wconf 92' lang='lat' dir='ltr'><strong>non</strong></span> <span class='ocrx_word' id='word_1_220' title='bbox 290 3169 358 3252; x_wconf 90' lang='lat' dir='ltr'><strong>apti</strong></span> <span class='ocrx_word' id='word_1_221' title='bbox 388 3172 573 3233; x_wconf 82' lang='lat' dir='ltr'><strong>structurae.</strong></span> <span class='ocrx_word' id='word_1_222' title='bbox 620 3170 650 3233; x_wconf 87' lang='lat'><strong>9.</strong></span> <span class='ocrx_word' id='word_1_223' title='bbox 675 3169 831 3234; x_wconf 88' lang='lat' dir='ltr'><strong>Videbam</strong></span> <span class='ocrx_word' id='word_1_224' title='bbox 863 3175 970 3234; x_wconf 90' lang='lat' dir='ltr'><strong>autem</strong></span> <span class='ocrx_word' id='word_1_225' title='bbox 1001 3169 1079 3233; x_wconf 89' lang='lat' dir='ltr'><strong>alios</strong></span> <span class='ocrx_word' id='word_1_226' title='bbox 1111 3169 1243 3253; x_wconf 88' lang='lat' dir='ltr'><strong>lapides,</strong></span> 
     </span>
     <span class='ocr_line' id='line_1_25' title="bbox 65 3271 1243 3358; baseline -0.001 -22"><span class='ocrx_word' id='word_1_227' title='bbox 65 3274 120 3356; x_wconf 86' lang='lat' dir='ltr'><strong>qui</strong></span> <span class='ocrx_word' id='word_1_228' title='bbox 142 3273 379 3356; x_wconf 89' lang='lat' dir='ltr'><strong>proiciebantur</strong></span> <span class='ocrx_word' id='word_1_229' title='bbox 401 3271 498 3358; x_wconf 82' lang='lat' dir='ltr'><strong>longe</strong></span> <span class='ocrx_word' id='word_1_230' title='bbox 521 3296 540 3336; x_wconf 90' lang='lat' dir='ltr'><strong>a</strong></span> <span class='ocrx_word' id='word_1_231' title='bbox 561 3274 641 3338; x_wconf 83' lang='lat' dir='ltr'><strong>tuni</strong></span> <span class='ocrx_word' id='word_1_232' title='bbox 664 3278 696 3338; x_wconf 91' lang='lat' dir='ltr'><strong>et</strong></span> <span class='ocrx_word' id='word_1_233' title='bbox 710 3274 880 3338; x_wconf 85' lang='lat' dir='ltr'><strong>veniebant</strong></span> <span class='ocrx_word' id='word_1_234' title='bbox 902 3274 935 3337; x_wconf 91' lang='lat' dir='ltr'><strong>in</strong></span> <span class='ocrx_word' id='word_1_235' title='bbox 950 3275 1034 3339; x_wconf 80' lang='lat' dir='ltr'><strong>viam</strong></span> <span class='ocrx_word' id='word_1_236' title='bbox 1056 3294 1158 3358; x_wconf 90' lang='lat' dir='ltr'><strong>neque</strong></span> <span class='ocrx_word' id='word_1_237' title='bbox 1173 3294 1243 3336; x_wconf 88' lang='lat' dir='ltr'><strong>rna-</strong></span> 
     </span>
     <span class='ocr_line' id='line_1_26' title="bbox 63 3376 1283 3452; baseline 0.001 -13"><span class='ocrx_word' id='word_1_238' title='bbox 63 3377 183 3441; x_wconf 91' lang='lat' dir='ltr'><strong>nebant</strong></span> <span class='ocrx_word' id='word_1_239' title='bbox 212 3377 245 3439; x_wconf 92' lang='lat' dir='ltr'><strong>in</strong></span> <span class='ocrx_word' id='word_1_240' title='bbox 268 3376 335 3451; x_wconf 85' lang='lat' dir='ltr'><strong>via,</strong></span> <span class='ocrx_word' id='word_1_241' title='bbox 367 3376 421 3439; x_wconf 89' lang='lat' dir='ltr'><strong>sed</strong></span> <span class='ocrx_word' id='word_1_242' title='bbox 450 3376 638 3441; x_wconf 86' lang='lat' dir='ltr'><strong>volutabant</strong></span> <span class='ocrx_word' id='word_1_243' title='bbox 661 3378 699 3441; x_wconf 87' lang='lat' dir='ltr'><strong>de</strong></span> <span class='ocrx_word' id='word_1_244' title='bbox 721 3378 774 3441; x_wconf 87' lang='lat' dir='ltr'><strong>via</strong></span> <span class='ocrx_word' id='word_1_245' title='bbox 804 3377 965 3442; x_wconf 90' lang='lat' dir='ltr'><strong>inlocum</strong></span> <span class='ocrx_word' id='word_1_246' title='bbox 996 3378 1128 3452; x_wconf 83' lang='lat' dir='ltr'><strong>invium3</strong></span> <span class='ocrx_word' id='word_1_247' title='bbox 1164 3376 1244 3441; x_wconf 90' lang='lat' dir='ltr'><strong>alios</strong></span> <span class='ocrx_word' id='word_1_248' title='bbox 1259 3393 1283 3431; x_wconf 56' lang='grc' dir='ltr'><strong>τε</strong></span> 
     </span>
     <span class='ocr_line' id='line_1_27' title="bbox 64 3480 1244 3567; baseline 0.001 -23"><span class='ocrx_word' id='word_1_249' title='bbox 64 3484 180 3557; x_wconf 87' lang='lat' dir='ltr'><strong>autem,</strong></span> <span class='ocrx_word' id='word_1_250' title='bbox 207 3480 260 3563; x_wconf 90' lang='lat' dir='ltr'><strong>qui</strong></span> <span class='ocrx_word' id='word_1_251' title='bbox 283 3480 439 3565; x_wconf 85' lang='lat' dir='ltr'><strong>inignem</strong></span> <span class='ocrx_word' id='word_1_252' title='bbox 454 3480 635 3545; x_wconf 87' lang='lat' dir='ltr'><strong>incidebant</strong></span> <span class='ocrx_word' id='word_1_253' title='bbox 649 3481 880 3566; x_wconf 83' lang='lat' dir='ltr'><strong>ardebantque;</strong></span> <span class='ocrx_word' id='word_1_254' title='bbox 905 3481 994 3559; x_wconf 89' lang='lat' dir='ltr'><strong>alios,</strong></span> <span class='ocrx_word' id='word_1_255' title='bbox 1019 3481 1074 3567; x_wconf 90' lang='lat' dir='ltr'><strong>qui</strong></span> <span class='ocrx_word' id='word_1_256' title='bbox 1090 3482 1244 3546; x_wconf 88' lang='lat' dir='ltr'><strong>cadebant</strong></span> 
     </span>
     <span class='ocr_line' id='line_1_28' title="bbox 63 3585 1243 3670; baseline 0 -21"><span class='ocrx_word' id='word_1_257' title='bbox 63 3586 154 3649; x_wconf 85' lang='lat' dir='ltr'><strong>iuxta</strong></span> <span class='ocrx_word' id='word_1_258' title='bbox 176 3608 275 3669; x_wconf 89' lang='lat' dir='ltr'><strong>aquas</strong></span> <span class='ocrx_word' id='word_1_259' title='bbox 296 3607 398 3670; x_wconf 92' lang='lat' dir='ltr'><strong>neque</strong></span> <span class='ocrx_word' id='word_1_260' title='bbox 413 3590 562 3670; x_wconf 88' lang='lat' dir='ltr'><strong>poterant</strong></span> <span class='ocrx_word' id='word_1_261' title='bbox 584 3586 668 3650; x_wconf 83' lang='lat' dir='ltr'><strong>volvi</strong></span> <span class='ocrx_word' id='word_1_262' title='bbox 690 3586 723 3650; x_wconf 93' lang='lat' dir='ltr'><strong>in</strong></span> <span class='ocrx_word' id='word_1_263' title='bbox 739 3609 865 3670; x_wconf 89' lang='lat' dir='ltr'><strong>aquam,</strong></span> <span class='ocrx_word' id='word_1_264' title='bbox 887 3608 1078 3670; x_wconf 88' lang='lat' dir='ltr'><strong>quamquam</strong></span> <span class='ocrx_word' id='word_1_265' title='bbox 1092 3585 1243 3650; x_wconf 86' lang='lat' dir='ltr'><strong>volebant</strong></span> 
     </span>
     <span class='ocr_line' id='line_1_29' title="bbox 63 3689 554 3775; baseline 0.004 -23"><span class='ocrx_word' id='word_1_266' title='bbox 63 3689 150 3755; x_wconf 80' lang='lat' dir='ltr'><strong>volvi</strong></span> <span class='ocrx_word' id='word_1_267' title='bbox 173 3695 205 3754; x_wconf 89' lang='lat' dir='ltr'><strong>et</strong></span> <span class='ocrx_word' id='word_1_268' title='bbox 225 3691 350 3774; x_wconf 87' lang='lat' dir='ltr'><strong>ingredi</strong></span> <span class='ocrx_word' id='word_1_269' title='bbox 372 3691 405 3754; x_wconf 91' lang='lat' dir='ltr'><strong>in</strong></span> <span class='ocrx_word' id='word_1_270' title='bbox 429 3712 554 3775; x_wconf 86' lang='lat' dir='ltr'><strong>aquam.</strong></span> 
     </span>
    </p>
   </div>
   <div class='ocr_carea' id='block_1_3' title="bbox 61 3856 1244 4718">
    <p class='ocr_par' dir='ltr' id='par_1_3' title="bbox 61 3856 1244 4718">
     <span class='ocr_line' id='line_1_30' title="bbox 63 3856 981 3935; baseline -0.001 -19"><span class='ocrx_word' id='word_1_271' title='bbox 63 3862 142 3916; x_wconf 82' lang='grc'><strong>5-7.</strong></span> <span class='ocrx_word' id='word_1_272' title='bbox 160 3892 195 3900; x_wconf 94' lang='grc'>-</span> <span class='ocrx_word' id='word_1_273' title='bbox 213 3861 326 3935; x_wconf 79' lang='grc' dir='ltr'><strong><em>ῥάβδον]</em></strong></span> <span class='ocrx_word' id='word_1_274' title='bbox 347 3863 453 3917; x_wconf 82' lang='lat' dir='ltr'><strong>Auctor</strong></span> <span class='ocrx_word' id='word_1_275' title='bbox 465 3863 542 3916; x_wconf 93' lang='lat' dir='ltr'><strong>haud</strong></span> <span class='ocrx_word' id='word_1_276' title='bbox 554 3863 639 3918; x_wconf 88' lang='lat' dir='ltr'><strong>dubie</strong></span> <span class='ocrx_word' id='word_1_277' title='bbox 667 3856 753 3933; x_wconf 77' lang='grc' dir='ltr'>(ὥστε</span> <span class='ocrx_word' id='word_1_278' title='bbox 770 3866 820 3933; x_wconf 75' lang='grc' dir='ltr'><strong>τὴν</strong></span> <span class='ocrx_word' id='word_1_279' title='bbox 839 3859 883 3935; x_wconf 80' lang='grc' dir='ltr'><strong>ἀρ.</strong></span> <span class='ocrx_word' id='word_1_280' title='bbox 901 3865 981 3929; x_wconf 61' lang='grc' dir='ltr'>κτλ).</span> 
     </span>
     <span class='ocr_line' id='line_1_31' title="bbox 62 3945 1244 4018; baseline -0.002 -16"><span class='ocrx_word' id='word_1_281' title='bbox 62 3949 173 4018; x_wconf 73' lang='lat' dir='ltr'><strong>airgam</strong></span> <span class='ocrx_word' id='word_1_282' title='bbox 201 3947 279 4001; x_wconf 87' lang='lat' dir='ltr'><strong>illam</strong></span> <span class='ocrx_word' id='word_1_283' title='bbox 298 3949 351 4003; x_wconf 86' lang='lat' dir='ltr'><strong>Dei</strong></span> <span class='ocrx_word' id='word_1_284' title='bbox 378 3953 445 4004; x_wconf 87' lang='lat' dir='ltr'><strong>ante</strong></span> <span class='ocrx_word' id='word_1_285' title='bbox 471 3950 567 4005; x_wconf 89' lang='lat' dir='ltr'><strong>oculos</strong></span> <span class='ocrx_word' id='word_1_286' title='bbox 592 3951 639 4004; x_wconf 85' lang='lat' dir='ltr'><strong>ha·</strong></span> <span class='ocrx_word' id='word_1_287' title='bbox 701 3950 725 4004; x_wconf 90' lang='lat'><strong>8.</strong></span> <span class='ocrx_word' id='word_1_288' title='bbox 746 3947 856 4017; x_wconf 78' lang='lat' dir='ltr'><strong>Didyna</strong></span> <span class='ocrx_word' id='word_1_289' title='bbox 878 3949 974 4004; x_wconf 77' lang='lat' dir='ltr'><strong>(laten.</strong></span> <span class='ocrx_word' id='word_1_290' title='bbox 994 3946 1031 4002; x_wconf 88' lang='lat' dir='ltr'><strong>ad</strong></span> <span class='ocrx_word' id='word_1_291' title='bbox 1049 3947 1099 4002; x_wconf 91' lang='lat' dir='ltr'><strong>Iob</strong></span> <span class='ocrx_word' id='word_1_292' title='bbox 1116 3949 1195 4008; x_wconf 81' lang='grc'>8,17.</span> <span class='ocrx_word' id='word_1_293' title='bbox 1212 3945 1244 4000; x_wconf 91' lang='grc'><strong>18</strong></span> 
     </span>
     <span class='ocr_line' id='line_1_32' title="bbox 61 4033 1242 4107; baseline -0.003 -16"><span class='ocrx_word' id='word_1_294' title='bbox 61 4037 138 4100; x_wconf 89' lang='lat' dir='ltr'><strong>buit,</strong></span> <span class='ocrx_word' id='word_1_295' title='bbox 166 4052 223 4103; x_wconf 89' lang='lat' dir='ltr'><strong>qua</strong></span> <span class='ocrx_word' id='word_1_296' title='bbox 240 4035 333 4089; x_wconf 85' lang='lat' dir='ltr'><strong>Moses</strong></span> <span class='ocrx_word' id='word_1_297' title='bbox 357 4035 387 4088; x_wconf 92' lang='lat' dir='ltr'><strong>in</strong></span> <span class='ocrx_word' id='word_1_298' title='bbox 409 4036 540 4106; x_wconf 77' lang='lat' dir='ltr'><strong>Aegypto</strong></span> <span class='ocrx_word' id='word_1_299' title='bbox 564 4038 639 4092; x_wconf 90' lang='lat' dir='ltr'><strong>etin</strong></span> <span class='ocrx_word' id='word_1_300' title='bbox 666 4055 694 4107; x_wconf 93' lang='lat' dir='ltr'><strong>p.</strong></span> <span class='ocrx_word' id='word_1_301' title='bbox 713 4037 765 4092; x_wconf 90' lang='grc'><strong>202</strong></span> <span class='ocrx_word' id='word_1_302' title='bbox 782 4036 826 4091; x_wconf 88' lang='lat' dir='ltr'><strong>ed.</strong></span> <span class='ocrx_word' id='word_1_303' title='bbox 846 4036 933 4091; x_wconf 91' lang='lat' dir='ltr'><strong>Lond.</strong></span> <span class='ocrx_word' id='word_1_304' title='bbox 955 4036 1034 4098; x_wconf 83' lang='lat'>1637;</span> <span class='ocrx_word' id='word_1_305' title='bbox 1052 4035 1101 4089; x_wconf 86' lang='lat' dir='ltr'><strong>PG</strong></span> <span class='ocrx_word' id='word_1_306' title='bbox 1119 4033 1242 4097; x_wconf 83' lang='grc'>39,1141</span> 
     </span>
     <span class='ocr_line' id='line_1_33' title="bbox 62 4122 942 4196; baseline -0.001 -17"><span class='ocrx_word' id='word_1_307' title='bbox 62 4141 156 4179; x_wconf 90' lang='lat' dir='ltr'><strong>eremo</strong></span> <span class='ocrx_word' id='word_1_308' title='bbox 181 4124 262 4194; x_wconf 82' lang='lat' dir='ltr'><strong>signa</strong></span> <span class='ocrx_word' id='word_1_309' title='bbox 287 4122 370 4184; x_wconf 86' lang='lat' dir='ltr'><strong>fecit;</strong></span> <span class='ocrx_word' id='word_1_310' title='bbox 398 4122 433 4175; x_wconf 84' lang='lat' dir='ltr'><strong>ef.</strong></span> <span class='ocrx_word' id='word_1_311' title='bbox 460 4123 545 4178; x_wconf 82' lang='lat' dir='ltr'><strong>Exod</strong></span> <span class='ocrx_word' id='word_1_312' title='bbox 563 4125 589 4188; x_wconf 88' lang='grc'><strong>4,</strong></span> <span class='ocrx_word' id='word_1_313' title='bbox 608 4126 640 4187; x_wconf 90' lang='grc'><strong>2;</strong></span> <span class='ocrx_word' id='word_1_314' title='bbox 667 4123 942 4196; x_wconf 57' lang='lat' dir='ltr'><strong>(denegaverant).</strong></span> 
     </span>
     <span class='ocr_line' id='line_1_34' title="bbox 62 4207 1242 4286; baseline -0.007 -18"><span class='ocrx_word' id='word_1_315' title='bbox 62 4216 87 4274; x_wconf 84' lang='grc'><strong>’1,</strong></span> <span class='ocrx_word' id='word_1_316' title='bbox 107 4213 130 4267; x_wconf 89' lang='grc'><strong>9.</strong></span> <span class='ocrx_word' id='word_1_317' title='bbox 151 4212 185 4267; x_wconf 87' lang='grc'><strong>20</strong></span> <span class='ocrx_word' id='word_1_318' title='bbox 211 4213 267 4282; x_wconf 79' lang='grc' dir='ltr'><strong>(καὶ</strong></span> <span class='ocrx_word' id='word_1_319' title='bbox 291 4207 397 4280; x_wconf 79' lang='grc' dir='ltr'><strong><em>ἐπάρας</em></strong></span> <span class='ocrx_word' id='word_1_320' title='bbox 420 4212 453 4279; x_wconf 80' lang='grc' dir='ltr'><strong>τῇ</strong></span> <span class='ocrx_word' id='word_1_321' title='bbox 477 4210 569 4286; x_wconf 79' lang='grc' dir='ltr'><em>ῥάβδῳ</em></span> <span class='ocrx_word' id='word_1_322' title='bbox 594 4210 640 4267; x_wconf 67' lang='lat' dir='ltr'><strong>ab</strong></span> <span class='ocrx_word' id='word_1_323' title='bbox 702 4212 728 4275; x_wconf 83' lang='lat'><strong>3,</strong></span> <span class='ocrx_word' id='word_1_324' title='bbox 750 4212 772 4265; x_wconf 90' lang='lat'><strong>1.</strong></span> <span class='ocrx_word' id='word_1_325' title='bbox 800 4211 969 4284; x_wconf 81' lang='grc' dir='ltr'><strong><em>πανοῦργος]</em></strong></span> <span class='ocrx_word' id='word_1_326' title='bbox 998 4210 1170 4277; x_wconf 88' lang='lat' dir='ltr'><strong>Interpretes</strong></span> <span class='ocrx_word' id='word_1_327' title='bbox 1198 4223 1242 4261; x_wconf 89' lang='lat' dir='ltr'><strong>ve·</strong></span> 
     </span>
     <span class='ocr_line' id='line_1_35' title="bbox 62 4292 1243 4368; baseline -0.007 -12"><span class='ocrx_word' id='word_1_328' title='bbox 62 4308 113 4356; x_wconf 89' lang='grc' dir='ltr'><strong>τοῦ</strong></span> <span class='ocrx_word' id='word_1_329' title='bbox 141 4297 260 4367; x_wconf 79' lang='grc' dir='ltr'>ἐπάταξε</span> <span class='ocrx_word' id='word_1_330' title='bbox 285 4297 318 4352; x_wconf 81' lang='grc' dir='ltr'><strong>τὸ</strong></span> <span class='ocrx_word' id='word_1_331' title='bbox 345 4292 418 4368; x_wconf 70' lang='grc' dir='ltr'><strong>ὕδωρ</strong></span> <span class='ocrx_word' id='word_1_332' title='bbox 435 4299 522 4366; x_wconf 83' lang='grc' dir='ltr'>κτλ.);</span> <span class='ocrx_word' id='word_1_333' title='bbox 548 4298 640 4361; x_wconf 87' lang='grc'>8,16;</span> <span class='ocrx_word' id='word_1_334' title='bbox 666 4303 741 4353; x_wconf 89' lang='lat' dir='ltr'><strong>teres</strong></span> <span class='ocrx_word' id='word_1_335' title='bbox 759 4298 917 4352; x_wconf 88' lang='lat' dir='ltr'><strong>verterunt:</strong></span> <span class='ocrx_word' id='word_1_336' title='bbox 935 4296 1133 4364; x_wconf 67' lang='lat' dir='ltr'><strong>nmndas(L¹),</strong></span> <span class='ocrx_word' id='word_1_337' title='bbox 1151 4296 1243 4364; x_wconf 75' lang='lat' dir='ltr'><strong>exqui-</strong></span> 
     </span>
     <span class='ocr_line' id='line_1_36' title="bbox 64 4381 1243 4453; baseline -0.004 -13"><span class='ocrx_word' id='word_1_338' title='bbox 64 4388 104 4449; x_wconf 81' lang='lat'><strong>14,</strong></span> <span class='ocrx_word' id='word_1_339' title='bbox 126 4387 171 4448; x_wconf 82' lang='lat' dir='ltr'><strong>1e;</strong></span> <span class='ocrx_word' id='word_1_340' title='bbox 191 4386 231 4447; x_wconf 83' lang='lat'><strong>17,</strong></span> <span class='ocrx_word' id='word_1_341' title='bbox 251 4387 275 4438; x_wconf 83' lang='lat'><strong>5.</strong></span> <span class='ocrx_word' id='word_1_342' title='bbox 294 4385 325 4446; x_wconf 88' lang='grc'><strong>9;</strong></span> <span class='ocrx_word' id='word_1_343' title='bbox 344 4384 426 4438; x_wconf 92' lang='lat' dir='ltr'><strong>Num.</strong></span> <span class='ocrx_word' id='word_1_344' title='bbox 446 4383 487 4447; x_wconf 88' lang='grc'><strong>20,</strong></span> <span class='ocrx_word' id='word_1_345' title='bbox 506 4384 530 4438; x_wconf 87' lang='grc'><strong>8.</strong></span> <span class='ocrx_word' id='word_1_346' title='bbox 667 4382 1160 4453; x_wconf 64' lang='grc' dir='ltr'><strong>εἱίίτεὺητττ(Ιι’),ρταῳνομηιτ(Α).</strong></span> <span class='ocrx_word' id='word_1_347' title='bbox 1174 4381 1243 4436; x_wconf 83' lang='lat' dir='ltr'><strong>Con·</strong></span> 
     </span>
     <span class='ocr_line' id='line_1_37' title="bbox 99 4468 1243 4541; baseline -0.005 -13"><span class='ocrx_word' id='word_1_348' title='bbox 99 4475 122 4527; x_wconf 82' lang='lat'><strong>5.</strong></span> <span class='ocrx_word' id='word_1_349' title='bbox 142 4469 173 4540; x_wconf 69' lang='grc' dir='ltr'><strong>ἓξ</strong></span> <span class='ocrx_word' id='word_1_350' title='bbox 191 4472 275 4541; x_wconf 74' lang='lat' dir='ltr'><strong>vaca]</strong></span> <span class='ocrx_word' id='word_1_351' title='bbox 302 4471 504 4541; x_wconf 87' lang='lat' dir='ltr'><strong>Interpretatio</strong></span> <span class='ocrx_word' id='word_1_352' title='bbox 527 4470 640 4526; x_wconf 88' lang='lat' dir='ltr'><strong>exhibe·</strong></span> <span class='ocrx_word' id='word_1_353' title='bbox 667 4475 763 4526; x_wconf 81' lang='lat' dir='ltr'><strong>textus</strong></span> <span class='ocrx_word' id='word_1_354' title='bbox 781 4469 928 4539; x_wconf 88' lang='lat' dir='ltr'><strong>postulare</strong></span> <span class='ocrx_word' id='word_1_355' title='bbox 948 4468 1076 4531; x_wconf 84' lang='lat' dir='ltr'><strong>videtur,</strong></span> <span class='ocrx_word' id='word_1_356' title='bbox 1104 4473 1136 4524; x_wconf 92' lang='lat' dir='ltr'><strong>ut</strong></span> <span class='ocrx_word' id='word_1_357' title='bbox 1154 4470 1243 4523; x_wconf 69' lang='lat' dir='ltr'><strong>verta</strong></span> 
     </span>
     <span class='ocr_line' id='line_1_38' title="bbox 61 4556 1028 4619; baseline -0.007 -4"><span class='ocrx_word' id='word_1_358' title='bbox 61 4565 109 4616; x_wconf 87' lang='lat' dir='ltr'><strong>tur</strong></span> <span class='ocrx_word' id='word_1_359' title='bbox 127 4576 149 4612; x_wconf 89' lang='lat' dir='ltr'><strong>c.</strong></span> <span class='ocrx_word' id='word_1_360' title='bbox 169 4559 193 4611; x_wconf 82' lang='lat'><strong>4.</strong></span> <span class='ocrx_word' id='word_1_361' title='bbox 667 4558 885 4619; x_wconf 60' lang='lat' dir='ltr'><strong>monetariorum</strong></span> <span class='ocrx_word' id='word_1_362' title='bbox 904 4556 941 4610; x_wconf 83' lang='lat' dir='ltr'><strong>cf.</strong></span> <span class='ocrx_word' id='word_1_363' title='bbox 961 4573 984 4610; x_wconf 85' lang='lat' dir='ltr'><strong>v.</strong></span> <span class='ocrx_word' id='word_1_364' title='bbox 1004 4557 1028 4610; x_wconf 87' lang='lat'><strong>5.</strong></span> 
     </span>
     <span class='ocr_line' id='line_1_39' title="bbox 97 4642 1244 4718; baseline -0.003 -18"><span class='ocrx_word' id='word_1_365' title='bbox 97 4647 121 4700; x_wconf 87' lang='grc'><strong>6.</strong></span> <span class='ocrx_word' id='word_1_366' title='bbox 142 4644 218 4715; x_wconf 80' lang='lat' dir='ltr'><strong>Orig.</strong></span> <span class='ocrx_word' id='word_1_367' title='bbox 237 4644 269 4698; x_wconf 90' lang='lat' dir='ltr'><strong>ln</strong></span> <span class='ocrx_word' id='word_1_368' title='bbox 289 4644 335 4699; x_wconf 88' lang='lat' dir='ltr'><strong>Os.</strong></span> <span class='ocrx_word' id='word_1_369' title='bbox 355 4645 396 4699; x_wconf 88' lang='lat' dir='ltr'><strong>ed.</strong></span> <span class='ocrx_word' id='word_1_370' title='bbox 410 4643 514 4699; x_wconf 88' lang='lat' dir='ltr'><strong>Bened.</strong></span> <span class='ocrx_word' id='word_1_371' title='bbox 527 4642 574 4708; x_wconf 82' lang='lat' dir='ltr'><strong>III,</strong></span> <span class='ocrx_word' id='word_1_372' title='bbox 587 4644 640 4699; x_wconf 78' lang='lat'><strong>439</strong></span> <span class='ocrx_word' id='word_1_373' title='bbox 703 4647 727 4700; x_wconf 92' lang='grc'><strong>2.</strong></span> <span class='ocrx_word' id='word_1_374' title='bbox 745 4646 851 4711; x_wconf 74' lang='grc' dir='ltr'><strong><em>κόπους</em></strong></span> <span class='ocrx_word' id='word_1_375' title='bbox 868 4643 944 4718; x_wconf 72' lang='lat' dir='ltr'><strong>adp]</strong></span> <span class='ocrx_word' id='word_1_376' title='bbox 964 4643 1006 4698; x_wconf 82' lang='lat' dir='ltr'><strong>cf.</strong></span> <span class='ocrx_word' id='word_1_377' title='bbox 1026 4642 1088 4698; x_wconf 84' lang='lat' dir='ltr'><strong>Gal.</strong></span> <span class='ocrx_word' id='word_1_378' title='bbox 1106 4643 1132 4707; x_wconf 86' lang='grc'><strong>6,</strong></span> <span class='ocrx_word' id='word_1_379' title='bbox 1153 4645 1193 4697; x_wconf 81' lang='grc'><strong>17.</strong></span> <span class='ocrx_word' id='word_1_380' title='bbox 1210 4673 1244 4682; x_wconf 93' lang='grc'><strong>-</strong></span> 
     </span>
    </p>
   </div>
   <div class='ocr_carea' id='block_1_4' title="bbox 0 0 1422 5018">
    <p class='ocr_par' dir='ltr' id='par_1_4' title="bbox 0 0 1422 5018">
     <span class='ocr_line' id='line_1_40' title="bbox 0 0 1422 5018; baseline 0 2"><span class='ocrx_word' id='word_1_381' title='bbox 0 0 1422 5018; x_wconf 95' lang='lat' dir='ltr'><strong> </strong></span> 
     </span>
    </p>
   </div>
  </div>
 </body>
</html>
