<?xml version="1.0" encoding="UTF-8"?>
<!DOCTYPE html PUBLIC "-//W3C//DTD XHTML 1.0 Transitional//EN"
    "http://www.w3.org/TR/xhtml1/DTD/xhtml1-transitional.dtd">
<html xmlns="http://www.w3.org/1999/xhtml" xml:lang="en" lang="en">
 <head>
  <title>
</title>
<meta http-equiv="Content-Type" content="text/html;charset=utf-8" />
  <meta name='ocr-system' content='tesseract 3.04.00' />
  <meta name='ocr-capabilities' content='ocr_page ocr_carea ocr_par ocr_line ocrx_word'/>
</head>
<body>
  <div class='ocr_page' id='page_1' title='image "./patresapostolic00piongoog_0772.png"; bbox 0 0 2834 5018; ppageno 0'>
   <div class='ocr_carea' id='block_1_1' title="bbox 491 706 1248 776">
    <p class='ocr_par' dir='ltr' id='par_1_1' title="bbox 491 706 1248 776">
     <span class='ocr_line' id='line_1_1' title="bbox 491 706 1248 776; baseline 0.016 -14"><span class='ocrx_word' id='word_1_1' title='bbox 491 706 561 762; x_wconf 79' lang='lat' dir='ltr'>sm.</span> <span class='ocrx_word' id='word_1_2' title='bbox 579 707 626 771; x_wconf 88' lang='lat' dir='ltr'>IX,</span> <span class='ocrx_word' id='word_1_3' title='bbox 646 707 687 772; x_wconf 83' lang='grc'>16,</span> <span class='ocrx_word' id='word_1_4' title='bbox 705 708 799 771; x_wconf 82' lang='grc'><strong>5-17,</strong></span> <span class='ocrx_word' id='word_1_5' title='bbox 810 709 836 761; x_wconf 97' lang='grc'>4.</span> <span class='ocrx_word' id='word_1_6' title='bbox 1186 712 1248 776; x_wconf 84' lang='grc'>611</span> 
     </span>
    </p>
   </div>
   <div class='ocr_carea' id='block_1_2' title="bbox 63 885 1289 3682">
    <p class='ocr_par' dir='ltr' id='par_1_2' title="bbox 63 885 1289 3682">
     <span class='ocr_line' id='line_1_2' title="bbox 69 885 1250 972; baseline -0.002 -20"><span class='ocrx_word' id='word_1_7' title='bbox 69 888 174 972; x_wconf 90' lang='lat' dir='ltr'>iisque</span> <span class='ocrx_word' id='word_1_8' title='bbox 198 893 230 952; x_wconf 92' lang='lat' dir='ltr'>et</span> <span class='ocrx_word' id='word_1_9' title='bbox 251 888 314 972; x_wconf 90' lang='lat' dir='ltr'>ipsi</span> <span class='ocrx_word' id='word_1_10' title='bbox 329 886 481 951; x_wconf 90' lang='lat' dir='ltr'>dederunt</span> <span class='ocrx_word' id='word_1_11' title='bbox 496 886 638 972; x_wconf 79' lang='lat' dir='ltr'>sigilium</span> <span class='ocrx_word' id='word_1_12' title='bbox 659 885 911 971; x_wconf 77' lang='lat' dir='ltr'>praedicationis.</span> <span class='ocrx_word' id='word_1_13' title='bbox 959 888 988 950; x_wconf 91' lang='grc'>6.</span> <span class='ocrx_word' id='word_1_14' title='bbox 1011 886 1250 951; x_wconf 83' lang='lat' dir='ltr'>Descenderunt</span> 
     </span>
     <span class='ocr_line' id='line_1_3' title="bbox 70 992 1250 1077; baseline -0.001 -20"><span class='ocrx_word' id='word_1_15' title='bbox 70 1013 150 1077; x_wconf 84' lang='lat' dir='ltr'>ergo</span> <span class='ocrx_word' id='word_1_16' title='bbox 182 1013 254 1056; x_wconf 90' lang='lat' dir='ltr'>cum</span> <span class='ocrx_word' id='word_1_17' title='bbox 284 992 324 1055; x_wconf 87' lang='lat' dir='ltr'>iis</span> <span class='ocrx_word' id='word_1_18' title='bbox 355 993 389 1055; x_wconf 93' lang='lat' dir='ltr'>in</span> <span class='ocrx_word' id='word_1_19' title='bbox 420 1014 535 1077; x_wconf 87' lang='lat' dir='ltr'>aquam</span> <span class='ocrx_word' id='word_1_20' title='bbox 565 996 597 1057; x_wconf 83' lang='lat' dir='ltr'>ct</span> <span class='ocrx_word' id='word_1_21' title='bbox 627 993 741 1057; x_wconf 86' lang='lat' dir='ltr'>iterum</span> <span class='ocrx_word' id='word_1_22' title='bbox 773 992 988 1056; x_wconf 85' lang='lat' dir='ltr'>ascendemnt.</span> <span class='ocrx_word' id='word_1_23' title='bbox 1035 992 1097 1057; x_wconf 84' lang='lat' dir='ltr'>Sed</span> <span class='ocrx_word' id='word_1_24' title='bbox 1125 992 1159 1056; x_wconf 94' lang='lat' dir='ltr'>hi</span> <span class='ocrx_word' id='word_1_25' title='bbox 1186 993 1250 1056; x_wconf 80' lang='lat' dir='ltr'>viri</span> 
     </span>
     <span class='ocr_line' id='line_1_4' title="bbox 70 1095 1250 1180; baseline 0.003 -21"><span class='ocrx_word' id='word_1_26' title='bbox 70 1095 299 1160; x_wconf 83' lang='lat' dir='ltr'>descenderunt</span> <span class='ocrx_word' id='word_1_27' title='bbox 322 1096 483 1160; x_wconf 86' lang='lat' dir='ltr'>etiterum</span> <span class='ocrx_word' id='word_1_28' title='bbox 505 1096 567 1159; x_wconf 81' lang='lat' dir='ltr'>vivi</span> <span class='ocrx_word' id='word_1_29' title='bbox 582 1096 806 1170; x_wconf 79' lang='lat' dir='ltr'>ascenderunt3</span> <span class='ocrx_word' id='word_1_30' title='bbox 830 1095 879 1159; x_wconf 92' lang='lat' dir='ltr'>illi</span> <span class='ocrx_word' id='word_1_31' title='bbox 893 1116 977 1173; x_wconf 84' lang='lat' dir='ltr'>vero,</span> <span class='ocrx_word' id='word_1_32' title='bbox 1003 1097 1057 1180; x_wconf 91' lang='lat' dir='ltr'>qui</span> <span class='ocrx_word' id='word_1_33' title='bbox 1072 1102 1145 1161; x_wconf 90' lang='lat' dir='ltr'>ante</span> <span class='ocrx_word' id='word_1_34' title='bbox 1160 1102 1250 1162; x_wconf 86' lang='lat' dir='ltr'>erant</span> 
     </span>
     <span class='ocr_line' id='line_1_5' title="bbox 69 1200 1251 1278; baseline 0.003 -15"><span class='ocrx_word' id='word_1_35' title='bbox 69 1200 222 1277; x_wconf 73' lang='lat' dir='ltr'><strong>defuncti,</strong></span> <span class='ocrx_word' id='word_1_36' title='bbox 246 1200 362 1264; x_wconf 89' lang='lat' dir='ltr'>mortui</span> <span class='ocrx_word' id='word_1_37' title='bbox 384 1200 626 1278; x_wconf 89' lang='lat' dir='ltr'>descenderunt,</span> <span class='ocrx_word' id='word_1_38' title='bbox 658 1202 722 1265; x_wconf 82' lang='lat' dir='ltr'>rivi</span> <span class='ocrx_word' id='word_1_39' title='bbox 745 1205 851 1265; x_wconf 88' lang='lat' dir='ltr'>autem</span> <span class='ocrx_word' id='word_1_40' title='bbox 873 1202 1088 1265; x_wconf 86' lang='lat' dir='ltr'>ascenderunt.</span> <span class='ocrx_word' id='word_1_41' title='bbox 1136 1203 1164 1266; x_wconf 84' lang='lat'>7.</span> <span class='ocrx_word' id='word_1_42' title='bbox 1189 1202 1251 1267; x_wconf 89' lang='lat' dir='ltr'>Per</span> 
     </span>
     <span class='ocr_line' id='line_1_6' title="bbox 67 1305 1276 1390; baseline -0.001 -22"><span class='ocrx_word' id='word_1_43' title='bbox 67 1306 131 1369; x_wconf 91' lang='lat' dir='ltr'>hos</span> <span class='ocrx_word' id='word_1_44' title='bbox 164 1305 264 1390; x_wconf 82' lang='lat' dir='ltr'>igitur</span> <span class='ocrx_word' id='word_1_45' title='bbox 295 1305 394 1369; x_wconf 82' lang='lat' dir='ltr'>vitam</span> <span class='ocrx_word' id='word_1_46' title='bbox 428 1310 614 1389; x_wconf 83' lang='lat' dir='ltr'>receperunt</span> <span class='ocrx_word' id='word_1_47' title='bbox 648 1310 680 1370; x_wconf 83' lang='lat' dir='ltr'>ct</span> <span class='ocrx_word' id='word_1_48' title='bbox 713 1309 929 1390; x_wconf 79' lang='lat' dir='ltr'>cognoverunt</span> <span class='ocrx_word' id='word_1_49' title='bbox 962 1327 1076 1370; x_wconf 91' lang='lat' dir='ltr'>nomeu</span> <span class='ocrx_word' id='word_1_50' title='bbox 1108 1306 1167 1370; x_wconf 91' lang='lat' dir='ltr'>filii</span> <span class='ocrx_word' id='word_1_51' title='bbox 1189 1308 1276 1371; x_wconf 74' lang='lat' dir='ltr'>deis</span> 
     </span>
     <span class='ocr_line' id='line_1_7' title="bbox 69 1409 1248 1493; baseline 0.003 -20"><span class='ocrx_word' id='word_1_52' title='bbox 69 1409 246 1493; x_wconf 80' lang='lat' dir='ltr'>Propterea</span> <span class='ocrx_word' id='word_1_53' title='bbox 268 1409 365 1473; x_wconf 85' lang='lat' dir='ltr'>etiam</span> <span class='ocrx_word' id='word_1_54' title='bbox 397 1429 469 1473; x_wconf 91' lang='lat' dir='ltr'>cum</span> <span class='ocrx_word' id='word_1_55' title='bbox 491 1410 531 1474; x_wconf 90' lang='lat' dir='ltr'>iis</span> <span class='ocrx_word' id='word_1_56' title='bbox 560 1412 767 1476; x_wconf 88' lang='lat' dir='ltr'>ascenderunt</span> <span class='ocrx_word' id='word_1_57' title='bbox 797 1431 835 1476; x_wconf 90' lang='lat' dir='ltr'>ac</span> <span class='ocrx_word' id='word_1_58' title='bbox 858 1416 1069 1476; x_wconf 83' lang='lat' dir='ltr'>convenemnt</span> <span class='ocrx_word' id='word_1_59' title='bbox 1091 1411 1124 1475; x_wconf 92' lang='lat' dir='ltr'>in</span> <span class='ocrx_word' id='word_1_60' title='bbox 1147 1417 1248 1476; x_wconf 89' lang='lat' dir='ltr'>struc-</span> 
     </span>
     <span class='ocr_line' id='line_1_8' title="bbox 68 1514 1251 1599; baseline 0.001 -21"><span class='ocrx_word' id='word_1_61' title='bbox 68 1519 178 1578; x_wconf 89' lang='lat' dir='ltr'>turam</span> <span class='ocrx_word' id='word_1_62' title='bbox 192 1514 289 1577; x_wconf 90' lang='lat' dir='ltr'>turris</span> <span class='ocrx_word' id='word_1_63' title='bbox 313 1536 384 1578; x_wconf 90' lang='lat' dir='ltr'>cum</span> <span class='ocrx_word' id='word_1_64' title='bbox 400 1514 502 1599; x_wconf 90' lang='lat' dir='ltr'>iisque</span> <span class='ocrx_word' id='word_1_65' title='bbox 525 1516 683 1580; x_wconf 83' lang='lat' dir='ltr'>aedificati</span> <span class='ocrx_word' id='word_1_66' title='bbox 697 1520 772 1580; x_wconf 89' lang='lat' dir='ltr'>suut</span> <span class='ocrx_word' id='word_1_67' title='bbox 785 1537 850 1579; x_wconf 92' lang='lat' dir='ltr'>non</span> <span class='ocrx_word' id='word_1_68' title='bbox 865 1516 1057 1592; x_wconf 89' lang='lat' dir='ltr'>circumcisi;</span> <span class='ocrx_word' id='word_1_69' title='bbox 1080 1515 1251 1581; x_wconf 86' lang='lat' dir='ltr'>iniustitia</span> 
     </span>
     <span class='ocr_line' id='line_1_9' title="bbox 69 1617 1249 1705; baseline 0.002 -23"><span class='ocrx_word' id='word_1_70' title='bbox 69 1618 154 1682; x_wconf 88' lang='lat' dir='ltr'>enim</span> <span class='ocrx_word' id='word_1_71' title='bbox 177 1617 369 1682; x_wconf 88' lang='lat' dir='ltr'>dormierunt</span> <span class='ocrx_word' id='word_1_72' title='bbox 392 1623 424 1682; x_wconf 87' lang='lat' dir='ltr'>ct</span> <span class='ocrx_word' id='word_1_73' title='bbox 445 1620 479 1683; x_wconf 94' lang='lat' dir='ltr'>in</span> <span class='ocrx_word' id='word_1_74' title='bbox 501 1641 618 1705; x_wconf 79' lang='lat' dir='ltr'>magna</span> <span class='ocrx_word' id='word_1_75' title='bbox 640 1620 803 1694; x_wconf 84' lang='lat' dir='ltr'>castitatc;</span> <span class='ocrx_word' id='word_1_76' title='bbox 832 1621 1051 1686; x_wconf 87' lang='lat' dir='ltr'>tantummodo</span> <span class='ocrx_word' id='word_1_77' title='bbox 1074 1622 1137 1686; x_wconf 93' lang='lat' dir='ltr'>hoc</span> <span class='ocrx_word' id='word_1_78' title='bbox 1158 1619 1249 1704; x_wconf 80' lang='lat' dir='ltr'>sigil-</span> 
     </span>
     <span class='ocr_line' id='line_1_10' title="bbox 66 1722 1248 1810; baseline 0.003 -24"><span class='ocrx_word' id='word_1_79' title='bbox 66 1722 136 1786; x_wconf 91' lang='lat' dir='ltr'>lum</span> <span class='ocrx_word' id='word_1_80' title='bbox 170 1744 234 1786; x_wconf 92' lang='lat' dir='ltr'>non</span> <span class='ocrx_word' id='word_1_81' title='bbox 267 1723 456 1788; x_wconf 87' lang='lat' dir='ltr'>habuerunt.</span> <span class='ocrx_word' id='word_1_82' title='bbox 502 1724 612 1789; x_wconf 88' lang='lat' dir='ltr'>Habes</span> <span class='ocrx_word' id='word_1_83' title='bbox 645 1724 745 1808; x_wconf 85' lang='lat' dir='ltr'>igitur</span> <span class='ocrx_word' id='word_1_84' title='bbox 774 1729 806 1789; x_wconf 89' lang='lat' dir='ltr'>et</span> <span class='ocrx_word' id='word_1_85' title='bbox 838 1724 952 1789; x_wconf 89' lang='lat' dir='ltr'>horum</span> <span class='ocrx_word' id='word_1_86' title='bbox 986 1724 1248 1810; x_wconf 74' lang='lat' dir='ltr'><strong>explanationem.</strong></span> 
     </span>
     <span class='ocr_line' id='line_1_11' title="bbox 69 1826 1288 1910; baseline -0.004 -19"><span class='ocrx_word' id='word_1_87' title='bbox 69 1826 194 1904; x_wconf 91' lang='lat' dir='ltr'>Habeo,</span> <span class='ocrx_word' id='word_1_88' title='bbox 219 1827 359 1910; x_wconf 90' lang='lat' dir='ltr'>inquam,</span> <span class='ocrx_word' id='word_1_89' title='bbox 383 1827 517 1892; x_wconf 90' lang='lat' dir='ltr'>domine.</span> <span class='ocrx_word' id='word_1_90' title='bbox 1263 1849 1288 1886; x_wconf 83' lang='grc' dir='ltr'>ιο</span> 
     </span>
     <span class='ocr_line' id='line_1_12' title="bbox 161 1928 1247 2017; baseline 0.001 -21"><span class='ocrx_word' id='word_1_91' title='bbox 161 1928 222 1996; x_wconf 90' lang='grc'>17.</span> <span class='ocrx_word' id='word_1_92' title='bbox 247 1930 343 1997; x_wconf 88' lang='lat' dir='ltr'>Nunc</span> <span class='ocrx_word' id='word_1_93' title='bbox 373 1949 469 2017; x_wconf 61' lang='lat' dir='ltr'>ergo}</span> <span class='ocrx_word' id='word_1_94' title='bbox 501 1931 643 2010; x_wconf 89' lang='lat' dir='ltr'>domine,</span> <span class='ocrx_word' id='word_1_95' title='bbox 675 1933 713 1997; x_wconf 92' lang='lat' dir='ltr'>de</span> <span class='ocrx_word' id='word_1_96' title='bbox 742 1934 903 1998; x_wconf 87' lang='lat' dir='ltr'>montibus</span> <span class='ocrx_word' id='word_1_97' title='bbox 935 1933 1014 1997; x_wconf 92' lang='lat' dir='ltr'>mihi</span> <span class='ocrx_word' id='word_1_98' title='bbox 1049 1932 1247 1997; x_wconf 86' lang='lat' dir='ltr'>demonstra:</span> 
     </span>
     <span class='ocr_line' id='line_1_13' title="bbox 68 2035 1249 2122; baseline 0 -22"><span class='ocrx_word' id='word_1_99' title='bbox 68 2057 168 2120; x_wconf 87' lang='lat' dir='ltr'>quare</span> <span class='ocrx_word' id='word_1_100' title='bbox 191 2035 273 2100; x_wconf 83' lang='lat' dir='ltr'>aliae</span> <span class='ocrx_word' id='word_1_101' title='bbox 305 2042 401 2121; x_wconf 90' lang='lat' dir='ltr'>atque</span> <span class='ocrx_word' id='word_1_102' title='bbox 425 2037 506 2101; x_wconf 86' lang='lat' dir='ltr'>aliae</span> <span class='ocrx_word' id='word_1_103' title='bbox 529 2042 603 2102; x_wconf 90' lang='lat' dir='ltr'>sunt</span> <span class='ocrx_word' id='word_1_104' title='bbox 627 2037 753 2122; x_wconf 83' lang='lat' dir='ltr'>figurae</span> <span class='ocrx_word' id='word_1_105' title='bbox 776 2043 808 2102; x_wconf 90' lang='lat' dir='ltr'>et</span> <span class='ocrx_word' id='word_1_106' title='bbox 829 2038 959 2102; x_wconf 81' lang='lat' dir='ltr'>variae?</span> <span class='ocrx_word' id='word_1_107' title='bbox 993 2036 1097 2115; x_wconf 84' lang='lat' dir='ltr'>Audi,</span> <span class='ocrx_word' id='word_1_108' title='bbox 1129 2038 1249 2121; x_wconf 87' lang='lat' dir='ltr'>inquit:</span> 
     </span>
     <span class='ocr_line' id='line_1_14' title="bbox 67 2141 1250 2226; baseline 0.001 -22"><span class='ocrx_word' id='word_1_109' title='bbox 67 2144 193 2204; x_wconf 88' lang='lat' dir='ltr'>montes</span> <span class='ocrx_word' id='word_1_110' title='bbox 215 2141 249 2204; x_wconf 92' lang='lat' dir='ltr'>hi</span> <span class='ocrx_word' id='word_1_111' title='bbox 272 2141 437 2205; x_wconf 81' lang='lat' dir='ltr'>duodecim</span> <span class='ocrx_word' id='word_1_112' title='bbox 459 2141 623 2207; x_wconf 85' lang='lat' dir='ltr'>duodecim</span> <span class='ocrx_word' id='word_1_113' title='bbox 645 2142 749 2207; x_wconf 88' lang='lat' dir='ltr'>tribus</span> <span class='ocrx_word' id='word_1_114' title='bbox 771 2145 854 2219; x_wconf 90' lang='lat' dir='ltr'>sunt,</span> <span class='ocrx_word' id='word_1_115' title='bbox 880 2163 961 2226; x_wconf 87' lang='lat' dir='ltr'>quae</span> <span class='ocrx_word' id='word_1_116' title='bbox 975 2142 1124 2206; x_wconf 88' lang='lat' dir='ltr'>habitant</span> <span class='ocrx_word' id='word_1_117' title='bbox 1145 2145 1250 2206; x_wconf 90' lang='lat' dir='ltr'>totum</span> 
     </span>
     <span class='ocr_line' id='line_1_15' title="bbox 66 2243 1247 2331; baseline 0.001 -23"><span class='ocrx_word' id='word_1_118' title='bbox 66 2244 231 2308; x_wconf 90' lang='lat' dir='ltr'>mundum.</span> <span class='ocrx_word' id='word_1_119' title='bbox 277 2243 315 2308; x_wconf 89' lang='lat' dir='ltr'>Iu</span> <span class='ocrx_word' id='word_1_120' title='bbox 336 2245 387 2308; x_wconf 89' lang='lat' dir='ltr'>his</span> <span class='ocrx_word' id='word_1_121' title='bbox 410 2267 486 2331; x_wconf 81' lang='lat' dir='ltr'>ergo</span> <span class='ocrx_word' id='word_1_122' title='bbox 508 2268 565 2330; x_wconf 91' lang='lat' dir='ltr'>per</span> <span class='ocrx_word' id='word_1_123' title='bbox 597 2246 759 2330; x_wconf 88' lang='lat' dir='ltr'>apostolos</span> <span class='ocrx_word' id='word_1_124' title='bbox 781 2247 866 2310; x_wconf 87' lang='lat' dir='ltr'>filius</span> <span class='ocrx_word' id='word_1_125' title='bbox 890 2247 939 2311; x_wconf 90' lang='lat' dir='ltr'>dei</span> <span class='ocrx_word' id='word_1_126' title='bbox 967 2246 1167 2331; x_wconf 85' lang='lat' dir='ltr'>praedicatus</span> <span class='ocrx_word' id='word_1_127' title='bbox 1189 2249 1247 2309; x_wconf 90' lang='lat' dir='ltr'>est.</span> 
     </span>
     <span class='ocr_line' id='line_1_16' title="bbox 67 2347 1289 2436; baseline -0.001 -23"><span class='ocrx_word' id='word_1_128' title='bbox 67 2351 100 2413; x_wconf 83' lang='lat'>2.</span> <span class='ocrx_word' id='word_1_129' title='bbox 126 2347 230 2424; x_wconf 83' lang='lat' dir='ltr'>Quare</span> <span class='ocrx_word' id='word_1_130' title='bbox 253 2353 360 2414; x_wconf 86' lang='lat' dir='ltr'>autem</span> <span class='ocrx_word' id='word_1_131' title='bbox 381 2349 461 2414; x_wconf 84' lang='lat' dir='ltr'>varii</span> <span class='ocrx_word' id='word_1_132' title='bbox 484 2350 548 2415; x_wconf 87' lang='lat' dir='ltr'>sint</span> <span class='ocrx_word' id='word_1_133' title='bbox 569 2355 694 2415; x_wconf 88' lang='lat' dir='ltr'>montes</span> <span class='ocrx_word' id='word_1_134' title='bbox 718 2356 750 2416; x_wconf 92' lang='lat' dir='ltr'>et</span> <span class='ocrx_word' id='word_1_135' title='bbox 772 2351 836 2415; x_wconf 87' lang='lat' dir='ltr'>alia</span> <span class='ocrx_word' id='word_1_136' title='bbox 852 2357 947 2436; x_wconf 90' lang='lat' dir='ltr'>atque</span> <span class='ocrx_word' id='word_1_137' title='bbox 970 2350 1034 2414; x_wconf 86' lang='lat' dir='ltr'>alia</span> <span class='ocrx_word' id='word_1_138' title='bbox 1055 2349 1166 2433; x_wconf 84' lang='lat' dir='ltr'>figura,</span> <span class='ocrx_word' id='word_1_139' title='bbox 1192 2349 1247 2413; x_wconf 91' lang='lat' dir='ltr'>de·</span> <span class='ocrx_word' id='word_1_140' title='bbox 1264 2366 1289 2403; x_wconf 75' lang='lat'>¹⁶</span> 
     </span>
     <span class='ocr_line' id='line_1_17' title="bbox 66 2452 1245 2540; baseline 0.002 -24"><span class='ocrx_word' id='word_1_141' title='bbox 66 2456 211 2517; x_wconf 86' lang='lat' dir='ltr'>monstra</span> <span class='ocrx_word' id='word_1_142' title='bbox 233 2452 326 2530; x_wconf 90' lang='lat' dir='ltr'>mihi,</span> <span class='ocrx_word' id='word_1_143' title='bbox 361 2452 493 2518; x_wconf 90' lang='lat' dir='ltr'>domine.</span> <span class='ocrx_word' id='word_1_144' title='bbox 539 2454 641 2533; x_wconf 89' lang='lat' dir='ltr'>Audi,</span> <span class='ocrx_word' id='word_1_145' title='bbox 674 2456 796 2540; x_wconf 88' lang='lat' dir='ltr'>inquit:</span> <span class='ocrx_word' id='word_1_146' title='bbox 832 2455 996 2521; x_wconf 89' lang='lat' dir='ltr'>duodecim</span> <span class='ocrx_word' id='word_1_147' title='bbox 1024 2454 1106 2519; x_wconf 89' lang='lat' dir='ltr'>istae</span> <span class='ocrx_word' id='word_1_148' title='bbox 1134 2454 1245 2530; x_wconf 88' lang='lat' dir='ltr'>tribus,</span> 
     </span>
     <span class='ocr_line' id='line_1_18' title="bbox 67 2557 1246 2644; baseline 0.001 -24"><span class='ocrx_word' id='word_1_149' title='bbox 67 2578 151 2642; x_wconf 87' lang='lat' dir='ltr'>quae</span> <span class='ocrx_word' id='word_1_150' title='bbox 173 2557 322 2623; x_wconf 88' lang='lat' dir='ltr'>habitant</span> <span class='ocrx_word' id='word_1_151' title='bbox 343 2559 525 2623; x_wconf 86' lang='lat' dir='ltr'>universum</span> <span class='ocrx_word' id='word_1_152' title='bbox 546 2559 714 2638; x_wconf 89' lang='lat' dir='ltr'>mundum,</span> <span class='ocrx_word' id='word_1_153' title='bbox 738 2560 903 2626; x_wconf 90' lang='lat' dir='ltr'>duodecim</span> <span class='ocrx_word' id='word_1_154' title='bbox 926 2563 1038 2644; x_wconf 86' lang='lat' dir='ltr'>gentes</span> <span class='ocrx_word' id='word_1_155' title='bbox 1061 2563 1144 2623; x_wconf 86' lang='lat' dir='ltr'>sunt.</span> <span class='ocrx_word' id='word_1_156' title='bbox 1177 2558 1246 2622; x_wconf 90' lang='lat' dir='ltr'>Va·</span> 
     </span>
     <span class='ocr_line' id='line_1_19' title="bbox 64 2662 1245 2749; baseline 0 -23"><span class='ocrx_word' id='word_1_157' title='bbox 64 2662 135 2726; x_wconf 88' lang='lat' dir='ltr'>riae</span> <span class='ocrx_word' id='word_1_158' title='bbox 158 2666 231 2725; x_wconf 89' lang='lat' dir='ltr'>sunt</span> <span class='ocrx_word' id='word_1_159' title='bbox 254 2683 347 2726; x_wconf 86' lang='lat' dir='ltr'>sensu</span> <span class='ocrx_word' id='word_1_160' title='bbox 370 2667 402 2726; x_wconf 87' lang='lat' dir='ltr'>et</span> <span class='ocrx_word' id='word_1_161' title='bbox 423 2663 606 2739; x_wconf 87' lang='lat' dir='ltr'>intellectu;</span> <span class='ocrx_word' id='word_1_162' title='bbox 638 2668 902 2749; x_wconf 90' lang='lat' dir='ltr'>quemadmodum</span> <span class='ocrx_word' id='word_1_163' title='bbox 932 2664 1031 2749; x_wconf 80' lang='lat' dir='ltr'>igitur</span> <span class='ocrx_word' id='word_1_164' title='bbox 1052 2667 1175 2728; x_wconf 87' lang='lat' dir='ltr'>montes</span> <span class='ocrx_word' id='word_1_165' title='bbox 1197 2663 1245 2726; x_wconf 83' lang='lat' dir='ltr'>vi·</span> 
     </span>
     <span class='ocr_line' id='line_1_20' title="bbox 65 2765 1246 2854; baseline 0 -23"><span class='ocrx_word' id='word_1_166' title='bbox 65 2765 145 2831; x_wconf 89' lang='lat' dir='ltr'>disti</span> <span class='ocrx_word' id='word_1_167' title='bbox 166 2766 284 2845; x_wconf 89' lang='lat' dir='ltr'>varios,</span> <span class='ocrx_word' id='word_1_168' title='bbox 318 2766 363 2831; x_wconf 88' lang='lat' dir='ltr'>sic</span> <span class='ocrx_word' id='word_1_169' title='bbox 386 2771 419 2831; x_wconf 89' lang='lat' dir='ltr'>et</span> <span class='ocrx_word' id='word_1_170' title='bbox 440 2768 608 2833; x_wconf 86' lang='lat' dir='ltr'>varietates</span> <span class='ocrx_word' id='word_1_171' title='bbox 640 2769 783 2854; x_wconf 78' lang='lat' dir='ltr'>gentium</span> <span class='ocrx_word' id='word_1_172' title='bbox 804 2769 938 2833; x_wconf 87' lang='lat' dir='ltr'>istarum</span> <span class='ocrx_word' id='word_1_173' title='bbox 971 2771 1045 2832; x_wconf 90' lang='lat' dir='ltr'>suut</span> <span class='ocrx_word' id='word_1_174' title='bbox 1066 2766 1246 2832; x_wconf 86' lang='lat' dir='ltr'>intellectus</span> 
     </span>
     <span class='ocr_line' id='line_1_21' title="bbox 64 2869 1287 2957; baseline -0.001 -22"><span class='ocrx_word' id='word_1_175' title='bbox 64 2874 101 2935; x_wconf 92' lang='lat' dir='ltr'>et</span> <span class='ocrx_word' id='word_1_176' title='bbox 124 2891 243 2934; x_wconf 86' lang='lat' dir='ltr'>sensus.</span> <span class='ocrx_word' id='word_1_177' title='bbox 267 2869 500 2936; x_wconf 75' lang='lat' dir='ltr'>Demonstrabo</span> <span class='ocrx_word' id='word_1_178' title='bbox 517 2876 623 2937; x_wconf 87' lang='lat' dir='ltr'>autem</span> <span class='ocrx_word' id='word_1_179' title='bbox 638 2872 699 2938; x_wconf 92' lang='lat' dir='ltr'>tibi</span> <span class='ocrx_word' id='word_1_180' title='bbox 721 2873 965 2957; x_wconf 88' lang='lat' dir='ltr'>uniuscuiusque</span> <span class='ocrx_word' id='word_1_181' title='bbox 982 2876 1097 2936; x_wconf 91' lang='lat' dir='ltr'>actum.</span> <span class='ocrx_word' id='word_1_182' title='bbox 1121 2873 1151 2936; x_wconf 85' lang='lat'>3.</span> <span class='ocrx_word' id='word_1_183' title='bbox 1175 2870 1246 2934; x_wconf 92' lang='lat' dir='ltr'>Pri·</span> <span class='ocrx_word' id='word_1_184' title='bbox 1262 2889 1287 2927; x_wconf 57' lang='grc' dir='ltr'>πο</span> 
     </span>
     <span class='ocr_line' id='line_1_22' title="bbox 65 2975 1245 3061; baseline -0.001 -21"><span class='ocrx_word' id='word_1_185' title='bbox 65 2997 166 3050; x_wconf 91' lang='lat' dir='ltr'>mum,</span> <span class='ocrx_word' id='word_1_186' title='bbox 189 2975 328 3059; x_wconf 89' lang='lat' dir='ltr'>inquam,</span> <span class='ocrx_word' id='word_1_187' title='bbox 354 2975 487 3054; x_wconf 89' lang='lat' dir='ltr'>domine,</span> <span class='ocrx_word' id='word_1_188' title='bbox 511 2975 573 3041; x_wconf 92' lang='lat' dir='ltr'>hoc</span> <span class='ocrx_word' id='word_1_189' title='bbox 596 2977 785 3054; x_wconf 87' lang='lat' dir='ltr'>demonstra,</span> <span class='ocrx_word' id='word_1_190' title='bbox 810 2998 907 3061; x_wconf 90' lang='lat' dir='ltr'>quare</span> <span class='ocrx_word' id='word_1_191' title='bbox 923 2980 1046 3039; x_wconf 88' lang='lat' dir='ltr'>montes</span> <span class='ocrx_word' id='word_1_192' title='bbox 1068 2978 1134 3039; x_wconf 92' lang='lat' dir='ltr'>tam</span> <span class='ocrx_word' id='word_1_193' title='bbox 1156 2975 1245 3053; x_wconf 86' lang='lat' dir='ltr'>varii,</span> 
     </span>
     <span class='ocr_line' id='line_1_23' title="bbox 64 3079 1248 3164; baseline -0.001 -20"><span class='ocrx_word' id='word_1_194' title='bbox 64 3102 140 3145; x_wconf 89' lang='lat' dir='ltr'>cum</span> <span class='ocrx_word' id='word_1_195' title='bbox 162 3079 195 3143; x_wconf 93' lang='lat' dir='ltr'>in</span> <span class='ocrx_word' id='word_1_196' title='bbox 218 3081 376 3143; x_wconf 77' lang='lat' dir='ltr'>structura</span> <span class='ocrx_word' id='word_1_197' title='bbox 397 3079 496 3164; x_wconf 89' lang='lat' dir='ltr'>positi</span> <span class='ocrx_word' id='word_1_198' title='bbox 519 3079 737 3164; x_wconf 89' lang='lat' dir='ltr'>suntlapides</span> <span class='ocrx_word' id='word_1_199' title='bbox 761 3103 877 3157; x_wconf 88' lang='lat' dir='ltr'>eorum,</span> <span class='ocrx_word' id='word_1_200' title='bbox 902 3079 1058 3163; x_wconf 87' lang='lat' dir='ltr'>splendidi</span> <span class='ocrx_word' id='word_1_201' title='bbox 1081 3080 1146 3143; x_wconf 87' lang='lat' dir='ltr'>sint</span> <span class='ocrx_word' id='word_1_202' title='bbox 1169 3079 1248 3144; x_wconf 86' lang='lat' dir='ltr'>facti</span> 
     </span>
     <span class='ocr_line' id='line_1_24' title="bbox 63 3183 1246 3270; baseline -0.003 -21"><span class='ocrx_word' id='word_1_203' title='bbox 63 3206 132 3249; x_wconf 91' lang='lat' dir='ltr'>uno</span> <span class='ocrx_word' id='word_1_204' title='bbox 156 3183 278 3260; x_wconf 89' lang='lat' dir='ltr'>colore,</span> <span class='ocrx_word' id='word_1_205' title='bbox 313 3184 396 3248; x_wconf 90' lang='lat' dir='ltr'>sicut</span> <span class='ocrx_word' id='word_1_206' title='bbox 428 3190 460 3248; x_wconf 91' lang='lat' dir='ltr'>et</span> <span class='ocrx_word' id='word_1_207' title='bbox 491 3184 632 3269; x_wconf 85' lang='lat' dir='ltr'>Iapides,</span> <span class='ocrx_word' id='word_1_208' title='bbox 669 3185 723 3270; x_wconf 90' lang='lat' dir='ltr'>qui</span> <span class='ocrx_word' id='word_1_209' title='bbox 754 3185 791 3248; x_wconf 90' lang='lat' dir='ltr'>de</span> <span class='ocrx_word' id='word_1_210' title='bbox 824 3183 983 3266; x_wconf 88' lang='lat' dir='ltr'>profundo</span> <span class='ocrx_word' id='word_1_211' title='bbox 1015 3183 1246 3246; x_wconf 81' lang='lat' dir='ltr'>ascenderunt?</span> 
     </span>
     <span class='ocr_line' id='line_1_25' title="bbox 63 3286 1245 3375; baseline -0.003 -22"><span class='ocrx_word' id='word_1_212' title='bbox 63 3290 98 3353; x_wconf 87' lang='grc'>4.</span> <span class='ocrx_word' id='word_1_213' title='bbox 124 3286 215 3365; x_wconf 87' lang='lat' dir='ltr'>Quia,</span> <span class='ocrx_word' id='word_1_214' title='bbox 238 3288 351 3373; x_wconf 88' lang='lat' dir='ltr'>inquit,</span> <span class='ocrx_word' id='word_1_215' title='bbox 376 3310 485 3353; x_wconf 88' lang='lat' dir='ltr'>omnes</span> <span class='ocrx_word' id='word_1_216' title='bbox 508 3294 635 3375; x_wconf 84' lang='lat' dir='ltr'>gentes,</span> <span class='ocrx_word' id='word_1_217' title='bbox 673 3310 753 3374; x_wconf 85' lang='lat' dir='ltr'>quac</span> <span class='ocrx_word' id='word_1_218' title='bbox 776 3289 834 3353; x_wconf 91' lang='lat' dir='ltr'>sub</span> <span class='ocrx_word' id='word_1_219' title='bbox 858 3287 946 3352; x_wconf 89' lang='lat' dir='ltr'>caelo</span> <span class='ocrx_word' id='word_1_220' title='bbox 968 3287 1130 3365; x_wconf 86' lang='lat' dir='ltr'>habitant,</span> <span class='ocrx_word' id='word_1_221' title='bbox 1154 3291 1245 3371; x_wconf 88' lang='lat' dir='ltr'>post-</span> 
     </span>
     <span class='ocr_line' id='line_1_26' title="bbox 65 3390 1287 3477; baseline -0.001 -21"><span class='ocrx_word' id='word_1_222' title='bbox 65 3414 166 3477; x_wconf 88' lang='lat' dir='ltr'>quam</span> <span class='ocrx_word' id='word_1_223' title='bbox 189 3391 355 3456; x_wconf 86' lang='lat' dir='ltr'>audiemnt</span> <span class='ocrx_word' id='word_1_224' title='bbox 379 3414 416 3457; x_wconf 89' lang='lat' dir='ltr'>ac</span> <span class='ocrx_word' id='word_1_225' title='bbox 439 3394 652 3471; x_wconf 89' lang='lat' dir='ltr'>crediderunt,</span> <span class='ocrx_word' id='word_1_226' title='bbox 675 3394 710 3457; x_wconf 93' lang='lat' dir='ltr'>in</span> <span class='ocrx_word' id='word_1_227' title='bbox 731 3393 858 3456; x_wconf 91' lang='lat' dir='ltr'>nomine</span> <span class='ocrx_word' id='word_1_228' title='bbox 880 3391 939 3455; x_wconf 88' lang='lat' dir='ltr'>filii</span> <span class='ocrx_word' id='word_1_229' title='bbox 962 3391 1011 3455; x_wconf 92' lang='lat' dir='ltr'>dei</span> <span class='ocrx_word' id='word_1_230' title='bbox 1033 3390 1137 3454; x_wconf 88' lang='lat' dir='ltr'>vocati</span> <span class='ocrx_word' id='word_1_231' title='bbox 1160 3395 1245 3455; x_wconf 90' lang='lat' dir='ltr'>sunt.</span> <span class='ocrx_word' id='word_1_232' title='bbox 1260 3407 1287 3447; x_wconf 74' lang='lat'>²⁶</span> 
     </span>
     <span class='ocr_line' id='line_1_27' title="bbox 63 3494 1246 3581; baseline -0.004 -20"><span class='ocrx_word' id='word_1_233' title='bbox 63 3495 211 3580; x_wconf 85' lang='lat' dir='ltr'>Accepto</span> <span class='ocrx_word' id='word_1_234' title='bbox 240 3495 340 3581; x_wconf 85' lang='lat' dir='ltr'>igitur</span> <span class='ocrx_word' id='word_1_235' title='bbox 369 3495 475 3580; x_wconf 77' lang='lat' dir='ltr'>sigillo</span> <span class='ocrx_word' id='word_1_236' title='bbox 504 3519 600 3561; x_wconf 88' lang='lat' dir='ltr'>unam</span> <span class='ocrx_word' id='word_1_237' title='bbox 630 3496 856 3580; x_wconf 81' lang='lat' dir='ltr'>cogitationem</span> <span class='ocrx_word' id='word_1_238' title='bbox 886 3494 1065 3558; x_wconf 88' lang='lat' dir='ltr'>habuerunt</span> <span class='ocrx_word' id='word_1_239' title='bbox 1087 3497 1120 3557; x_wconf 91' lang='lat' dir='ltr'>et</span> <span class='ocrx_word' id='word_1_240' title='bbox 1147 3516 1246 3557; x_wconf 91' lang='lat' dir='ltr'>unum</span> 
     </span>
     <span class='ocr_line' id='line_1_28' title="bbox 63 3598 1245 3682; baseline -0.002 -19"><span class='ocrx_word' id='word_1_241' title='bbox 63 3619 204 3676; x_wconf 85' lang='lat' dir='ltr'>sensum,</span> <span class='ocrx_word' id='word_1_242' title='bbox 228 3603 260 3663; x_wconf 92' lang='lat' dir='ltr'>et</span> <span class='ocrx_word' id='word_1_243' title='bbox 282 3621 345 3663; x_wconf 87' lang='lat' dir='ltr'>uua</span> <span class='ocrx_word' id='word_1_244' title='bbox 366 3598 444 3663; x_wconf 87' lang='lat' dir='ltr'>fides</span> <span class='ocrx_word' id='word_1_245' title='bbox 466 3621 575 3664; x_wconf 89' lang='lat' dir='ltr'>eorum</span> <span class='ocrx_word' id='word_1_246' title='bbox 598 3599 661 3663; x_wconf 91' lang='lat' dir='ltr'>fuit</span> <span class='ocrx_word' id='word_1_247' title='bbox 684 3603 716 3663; x_wconf 90' lang='lat' dir='ltr'>et</span> <span class='ocrx_word' id='word_1_248' title='bbox 737 3621 801 3663; x_wconf 91' lang='lat' dir='ltr'>uua</span> <span class='ocrx_word' id='word_1_249' title='bbox 824 3598 949 3676; x_wconf 89' lang='lat' dir='ltr'>caritas,</span> <span class='ocrx_word' id='word_1_250' title='bbox 973 3602 1006 3662; x_wconf 89' lang='lat' dir='ltr'>et</span> <span class='ocrx_word' id='word_1_251' title='bbox 1027 3598 1157 3682; x_wconf 86' lang='lat' dir='ltr'>spiritns</span> <span class='ocrx_word' id='word_1_252' title='bbox 1179 3598 1245 3661; x_wconf 84' lang='lat' dir='ltr'>vir·</span> 
     </span>
    </p>
   </div>
   <div class='ocr_carea' id='block_1_3' title="bbox 137 3750 401 3821">
    <p class='ocr_par' dir='ltr' id='par_1_3' title="bbox 137 3750 401 3821">
     <span class='ocr_line' id='line_1_29' title="bbox 137 3750 401 3821; baseline 0.011 -18"><span class='ocrx_word' id='word_1_253' title='bbox 137 3750 401 3821; x_wconf 53' lang='lat' dir='ltr'>mmaw.</span> 
     </span>
    </p>
   </div>
   <div class='ocr_carea' id='block_1_4' title="bbox 61 3869 1247 4811">
    <p class='ocr_par' dir='ltr' id='par_1_4' title="bbox 61 3869 1247 4811">
     <span class='ocr_line' id='line_1_30' title="bbox 63 3869 1247 3944; baseline 0.002 -17"><span class='ocrx_word' id='word_1_254' title='bbox 63 3888 138 3935; x_wconf 83' lang='lat' dir='ltr'>esse,</span> <span class='ocrx_word' id='word_1_255' title='bbox 158 3875 190 3925; x_wconf 89' lang='lat' dir='ltr'>ut</span> <span class='ocrx_word' id='word_1_256' title='bbox 202 3874 330 3927; x_wconf 90' lang='lat' dir='ltr'>nonnulli</span> <span class='ocrx_word' id='word_1_257' title='bbox 342 3877 520 3944; x_wconf 83' lang='lat' dir='ltr'>putaverunt,</span> <span class='ocrx_word' id='word_1_258' title='bbox 541 3872 643 3927; x_wconf 87' lang='lat' dir='ltr'>duode-</span> <span class='ocrx_word' id='word_1_259' title='bbox 671 3871 819 3926; x_wconf 85' lang='lat' dir='ltr'>ecclesiam</span> <span class='ocrx_word' id='word_1_260' title='bbox 838 3871 1019 3941; x_wconf 90' lang='lat' dir='ltr'>recipiuntur.</span> <span class='ocrx_word' id='word_1_261' title='bbox 1045 3869 1150 3926; x_wconf 88' lang='lat' dir='ltr'>Vocem</span> <span class='ocrx_word' id='word_1_262' title='bbox 1163 3876 1247 3944; x_wconf 77' lang='grc' dir='ltr'><strong><em>φυλαὶ</em></strong></span> 
     </span>
     <span class='ocr_line' id='line_1_31' title="bbox 64 3958 1245 4024; baseline -0.002 -10"><span class='ocrx_word' id='word_1_263' title='bbox 64 3960 125 4014; x_wconf 91' lang='lat' dir='ltr'>cim</span> <span class='ocrx_word' id='word_1_264' title='bbox 134 3960 224 4015; x_wconf 89' lang='lat' dir='ltr'>tribus</span> <span class='ocrx_word' id='word_1_265' title='bbox 235 3961 328 4015; x_wconf 86' lang='lat' dir='ltr'>Israel.</span> <span class='ocrx_word' id='word_1_266' title='bbox 348 3958 467 4013; x_wconf 82' lang='lat' dir='ltr'>Hermas</span> <span class='ocrx_word' id='word_1_267' title='bbox 477 3959 549 4014; x_wconf 90' lang='lat' dir='ltr'>dicit</span> <span class='ocrx_word' id='word_1_268' title='bbox 561 3960 644 4024; x_wconf 89' lang='lat' dir='ltr'>enim,</span> <span class='ocrx_word' id='word_1_269' title='bbox 672 3962 767 4013; x_wconf 88' lang='lat' dir='ltr'>autem</span> <span class='ocrx_word' id='word_1_270' title='bbox 794 3959 911 4013; x_wconf 85' lang='lat' dir='ltr'>Hermas</span> <span class='ocrx_word' id='word_1_271' title='bbox 939 3958 1102 4012; x_wconf 86' lang='lat' dir='ltr'>adhibuisse</span> <span class='ocrx_word' id='word_1_272' title='bbox 1126 3959 1245 4023; x_wconf 84' lang='lat' dir='ltr'>videtur,</span> 
     </span>
     <span class='ocr_line' id='line_1_32' title="bbox 64 4045 1246 4115; baseline 0 -15"><span class='ocrx_word' id='word_1_273' title='bbox 64 4047 217 4101; x_wconf 89' lang='lat' dir='ltr'>duodecim</span> <span class='ocrx_word' id='word_1_274' title='bbox 236 4046 328 4101; x_wconf 84' lang='lat' dir='ltr'>tribus</span> <span class='ocrx_word' id='word_1_275' title='bbox 359 4048 385 4115; x_wconf 86' lang='lat'>1)</span> <span class='ocrx_word' id='word_1_276' title='bbox 401 4046 533 4101; x_wconf 88' lang='lat' dir='ltr'>habitare</span> <span class='ocrx_word' id='word_1_277' title='bbox 551 4050 644 4102; x_wconf 90' lang='lat' dir='ltr'>totum</span> <span class='ocrx_word' id='word_1_278' title='bbox 670 4046 738 4114; x_wconf 87' lang='lat' dir='ltr'>quia</span> <span class='ocrx_word' id='word_1_279' title='bbox 755 4045 902 4099; x_wconf 81' lang='lat' dir='ltr'>ecclesiam</span> <span class='ocrx_word' id='word_1_280' title='bbox 926 4045 1108 4099; x_wconf 86' lang='lat' dir='ltr'>christianam</span> <span class='ocrx_word' id='word_1_281' title='bbox 1134 4046 1177 4099; x_wconf 87' lang='lat' dir='ltr'>vel</span> <span class='ocrx_word' id='word_1_282' title='bbox 1197 4063 1246 4115; x_wconf 91' lang='lat' dir='ltr'>po·</span> 
     </span>
     <span class='ocr_line' id='line_1_33' title="bbox 63 4131 1246 4205; baseline -0.003 -15"><span class='ocrx_word' id='word_1_283' title='bbox 63 4134 220 4197; x_wconf 88' lang='lat' dir='ltr'>mundum,</span> <span class='ocrx_word' id='word_1_284' title='bbox 247 4135 275 4205; x_wconf 82' lang='lat'>2)</span> <span class='ocrx_word' id='word_1_285' title='bbox 295 4151 356 4189; x_wconf 84' lang='lat' dir='ltr'>csse</span> <span class='ocrx_word' id='word_1_286' title='bbox 374 4133 524 4189; x_wconf 88' lang='lat' dir='ltr'>duodecim</span> <span class='ocrx_word' id='word_1_287' title='bbox 544 4137 643 4205; x_wconf 81' lang='lat' dir='ltr'>gentes</span> <span class='ocrx_word' id='word_1_288' title='bbox 670 4131 751 4201; x_wconf 85' lang='lat' dir='ltr'>pulos</span> <span class='ocrx_word' id='word_1_289' title='bbox 769 4148 787 4185; x_wconf 85' lang='lat' dir='ltr'>a</span> <span class='ocrx_word' id='word_1_290' title='bbox 799 4132 911 4187; x_wconf 80' lang='lat' dir='ltr'>Christo</span> <span class='ocrx_word' id='word_1_291' title='bbox 929 4134 1090 4200; x_wconf 82' lang='lat' dir='ltr'>redemptos</span> <span class='ocrx_word' id='word_1_292' title='bbox 1111 4148 1162 4200; x_wconf 85' lang='lat' dir='ltr'>pro</span> <span class='ocrx_word' id='word_1_293' title='bbox 1180 4149 1246 4187; x_wconf 76' lang='lat' dir='ltr'>vero</span> 
     </span>
     <span class='ocr_line' id='line_1_34' title="bbox 62 4215 1245 4293; baseline -0.002 -19"><span class='ocrx_word' id='word_1_294' title='bbox 62 4223 103 4293; x_wconf 86' lang='lat' dir='ltr'>(v.</span> <span class='ocrx_word' id='word_1_295' title='bbox 123 4221 151 4288; x_wconf 87' lang='lat'>2)</span> <span class='ocrx_word' id='word_1_296' title='bbox 177 4220 223 4275; x_wconf 83' lang='lat' dir='ltr'>vel</span> <span class='ocrx_word' id='word_1_297' title='bbox 241 4238 337 4275; x_wconf 85' lang='lat' dir='ltr'>omnes</span> <span class='ocrx_word' id='word_1_298' title='bbox 356 4224 471 4291; x_wconf 81' lang='lat' dir='ltr'>gentes,</span> <span class='ocrx_word' id='word_1_299' title='bbox 499 4237 572 4289; x_wconf 88' lang='lat' dir='ltr'>quae</span> <span class='ocrx_word' id='word_1_300' title='bbox 591 4220 643 4275; x_wconf 84' lang='lat' dir='ltr'>sub</span> <span class='ocrx_word' id='word_1_301' title='bbox 669 4218 774 4290; x_wconf 90' lang='lat' dir='ltr'>populo</span> <span class='ocrx_word' id='word_1_302' title='bbox 793 4218 881 4273; x_wconf 84' lang='lat' dir='ltr'>Israel</span> <span class='ocrx_word' id='word_1_303' title='bbox 899 4218 1007 4273; x_wconf 84' lang='lat' dir='ltr'>habuit.</span> <span class='ocrx_word' id='word_1_304' title='bbox 1043 4218 1085 4273; x_wconf 79' lang='lat' dir='ltr'>cf.</span> <span class='ocrx_word' id='word_1_305' title='bbox 1101 4216 1178 4270; x_wconf 86' lang='lat' dir='ltr'>Zahn</span> <span class='ocrx_word' id='word_1_306' title='bbox 1191 4215 1208 4270; x_wconf 90' lang='lat' dir='ltr'>I</span> <span class='ocrx_word' id='word_1_307' title='bbox 1223 4233 1245 4272; x_wconf 91' lang='lat' dir='ltr'>c.</span> 
     </span>
     <span class='ocr_line' id='line_1_35' title="bbox 63 4305 1245 4378; baseline -0.003 -15"><span class='ocrx_word' id='word_1_308' title='bbox 63 4306 147 4363; x_wconf 83' lang='lat' dir='ltr'>caelo</span> <span class='ocrx_word' id='word_1_309' title='bbox 172 4307 305 4362; x_wconf 85' lang='lat' dir='ltr'>habitant</span> <span class='ocrx_word' id='word_1_310' title='bbox 332 4309 367 4376; x_wconf 86' lang='lat' dir='ltr'>(v.</span> <span class='ocrx_word' id='word_1_311' title='bbox 387 4308 423 4376; x_wconf 86' lang='lat'>4).</span> <span class='ocrx_word' id='word_1_312' title='bbox 460 4308 571 4363; x_wconf 85' lang='lat' dir='ltr'>Montes</span> <span class='ocrx_word' id='word_1_313' title='bbox 593 4325 642 4378; x_wconf 88' lang='lat' dir='ltr'>po·</span> <span class='ocrx_word' id='word_1_314' title='bbox 669 4305 861 4375; x_wconf 77' lang='lat' dir='ltr'>p.224-232;</span> <span class='ocrx_word' id='word_1_315' title='bbox 880 4306 975 4361; x_wconf 65' lang='lat' dir='ltr'>Jahrb.</span> <span class='ocrx_word' id='word_1_316' title='bbox 992 4305 1245 4374; x_wconf 70' lang='lat' dir='ltr'>fideretacbchcoL</span> 
     </span>
     <span class='ocr_line' id='line_1_36' title="bbox 61 4389 1245 4465; baseline -0.005 -15"><span class='ocrx_word' id='word_1_317' title='bbox 61 4395 298 4450; x_wconf 86' lang='lat' dir='ltr'>tiusuniversum</span> <span class='ocrx_word' id='word_1_318' title='bbox 311 4394 534 4449; x_wconf 85' lang='lat' dir='ltr'>sunthominum</span> <span class='ocrx_word' id='word_1_319' title='bbox 546 4412 642 4465; x_wconf 81' lang='lat' dir='ltr'>genua,</span> <span class='ocrx_word' id='word_1_320' title='bbox 672 4391 738 4447; x_wconf 90' lang='grc'><strong>1870</strong></span> <span class='ocrx_word' id='word_1_321' title='bbox 756 4409 783 4461; x_wconf 90' lang='lat' dir='ltr'>p.</span> <span class='ocrx_word' id='word_1_322' title='bbox 804 4391 853 4447; x_wconf 89' lang='lat'>199</span> <span class='ocrx_word' id='word_1_323' title='bbox 872 4409 913 4460; x_wconf 86' lang='lat' dir='ltr'>sq.</span> <span class='ocrx_word' id='word_1_324' title='bbox 942 4424 977 4432; x_wconf 92' lang='lat'>—</span> <span class='ocrx_word' id='word_1_325' title='bbox 1001 4389 1069 4450; x_wconf 75' lang='grc' dir='ltr'><strong><em>ὅλον</em></strong></span> <span class='ocrx_word' id='word_1_326' title='bbox 1085 4413 1108 4449; x_wconf 79' lang='grc' dir='ltr'>τ.</span> <span class='ocrx_word' id='word_1_327' title='bbox 1126 4391 1245 4462; x_wconf 76' lang='grc' dir='ltr'><strong><em>κόσμον]</em></strong></span> 
     </span>
     <span class='ocr_line' id='line_1_37' title="bbox 63 4477 1167 4552; baseline -0.005 -14"><span class='ocrx_word' id='word_1_328' title='bbox 63 4487 97 4538; x_wconf 90' lang='lat' dir='ltr'>et</span> <span class='ocrx_word' id='word_1_329' title='bbox 115 4481 225 4552; x_wconf 87' lang='lat' dir='ltr'>Iapides</span> <span class='ocrx_word' id='word_1_330' title='bbox 245 4497 259 4534; x_wconf 88' lang='lat' dir='ltr'>e</span> <span class='ocrx_word' id='word_1_331' title='bbox 277 4480 421 4535; x_wconf 80' lang='lat' dir='ltr'>montibus</span> <span class='ocrx_word' id='word_1_332' title='bbox 448 4483 485 4535; x_wconf 90' lang='lat' dir='ltr'>ad</span> <span class='ocrx_word' id='word_1_333' title='bbox 513 4480 643 4536; x_wconf 83' lang='lat' dir='ltr'>aedifica-</span> <span class='ocrx_word' id='word_1_334' title='bbox 670 4479 713 4534; x_wconf 84' lang='lat' dir='ltr'>Cf.</span> <span class='ocrx_word' id='word_1_335' title='bbox 732 4478 798 4532; x_wconf 87' lang='lat' dir='ltr'>Sim.</span> <span class='ocrx_word' id='word_1_336' title='bbox 817 4477 890 4541; x_wconf 87' lang='lat' dir='ltr'>VIII,</span> <span class='ocrx_word' id='word_1_337' title='bbox 909 4481 933 4541; x_wconf 80' lang='lat'>3,</span> <span class='ocrx_word' id='word_1_338' title='bbox 953 4480 982 4541; x_wconf 77' lang='lat'>23</span> <span class='ocrx_word' id='word_1_339' title='bbox 1001 4478 1046 4532; x_wconf 83' lang='lat' dir='ltr'>Pa.</span> <span class='ocrx_word' id='word_1_340' title='bbox 1065 4481 1106 4543; x_wconf 92' lang='grc'>71,</span> <span class='ocrx_word' id='word_1_341' title='bbox 1127 4480 1167 4535; x_wconf 91' lang='grc'>17.</span> 
     </span>
     <span class='ocr_line' id='line_1_38' title="bbox 61 4566 1244 4642; baseline -0.003 -17"><span class='ocrx_word' id='word_1_342' title='bbox 61 4569 174 4625; x_wconf 90' lang='lat' dir='ltr'>tionem</span> <span class='ocrx_word' id='word_1_343' title='bbox 192 4567 278 4622; x_wconf 86' lang='lat' dir='ltr'>turris</span> <span class='ocrx_word' id='word_1_344' title='bbox 303 4566 424 4622; x_wconf 84' lang='lat' dir='ltr'>adhibiti</span> <span class='ocrx_word' id='word_1_345' title='bbox 447 4571 514 4623; x_wconf 86' lang='lat' dir='ltr'>aunt</span> <span class='ocrx_word' id='word_1_346' title='bbox 530 4568 565 4633; x_wconf 86' lang='lat' dir='ltr'>ii,</span> <span class='ocrx_word' id='word_1_347' title='bbox 593 4568 644 4636; x_wconf 89' lang='lat' dir='ltr'>qui</span> <span class='ocrx_word' id='word_1_348' title='bbox 702 4569 727 4621; x_wconf 82' lang='lat'>4.</span> <span class='ocrx_word' id='word_1_349' title='bbox 745 4570 812 4638; x_wconf 73' lang='lat' dir='ltr'>pluo</span> <span class='ocrx_word' id='word_1_350' title='bbox 838 4567 974 4642; x_wconf 76' lang='grc' dir='ltr'>φρόνησιν</span> <span class='ocrx_word' id='word_1_351' title='bbox 999 4566 1070 4638; x_wconf 66' lang='lat' dir='ltr'>nt]</span> <span class='ocrx_word' id='word_1_352' title='bbox 1100 4567 1140 4622; x_wconf 81' lang='lat' dir='ltr'>cf.</span> <span class='ocrx_word' id='word_1_353' title='bbox 1160 4583 1183 4620; x_wconf 91' lang='lat' dir='ltr'>c.</span> <span class='ocrx_word' id='word_1_354' title='bbox 1205 4569 1244 4633; x_wconf 82' lang='grc'>13,</span> 
     </span>
     <span class='ocr_line' id='line_1_39' title="bbox 63 4651 1133 4724; baseline -0.004 -13"><span class='ocrx_word' id='word_1_355' title='bbox 63 4672 81 4711; x_wconf 86' lang='lat' dir='ltr'>e</span> <span class='ocrx_word' id='word_1_356' title='bbox 103 4653 224 4724; x_wconf 81' lang='lat' dir='ltr'>singulis</span> <span class='ocrx_word' id='word_1_357' title='bbox 236 4651 350 4723; x_wconf 81' lang='lat' dir='ltr'>populis</span> <span class='ocrx_word' id='word_1_358' title='bbox 366 4669 417 4723; x_wconf 86' lang='lat' dir='ltr'>per</span> <span class='ocrx_word' id='word_1_359' title='bbox 427 4653 601 4724; x_wconf 82' lang='lat' dir='ltr'>baptismum</span> <span class='ocrx_word' id='word_1_360' title='bbox 612 4655 644 4709; x_wconf 88' lang='lat' dir='ltr'>in</span> <span class='ocrx_word' id='word_1_361' title='bbox 670 4655 695 4709; x_wconf 87' lang='lat'>5.</span> <span class='ocrx_word' id='word_1_362' title='bbox 714 4655 745 4719; x_wconf 73' lang='lat'>73</span> <span class='ocrx_word' id='word_1_363' title='bbox 765 4653 806 4717; x_wconf 90' lang='lat'>18,</span> <span class='ocrx_word' id='word_1_364' title='bbox 824 4655 855 4718; x_wconf 84' lang='lat'>4;</span> <span class='ocrx_word' id='word_1_365' title='bbox 872 4652 934 4724; x_wconf 77' lang='lat' dir='ltr'>Igu.</span> <span class='ocrx_word' id='word_1_366' title='bbox 952 4654 1046 4724; x_wconf 77' lang='lat' dir='ltr'>Magn</span> <span class='ocrx_word' id='word_1_367' title='bbox 1067 4655 1090 4719; x_wconf 88' lang='grc'>7,</span> <span class='ocrx_word' id='word_1_368' title='bbox 1111 4655 1133 4709; x_wconf 92' lang='lat'>1.</span> 
     </span>
     <span class='ocr_line' id='line_1_40' title="bbox 972 4741 1039 4811; baseline 0.015 -1"><span class='ocrx_word' id='word_1_369' title='bbox 972 4741 1039 4811; x_wconf 83' lang='lat'>39*</span> 
     </span>
    </p>
   </div>
   <div class='ocr_carea' id='block_1_5' title="bbox 0 0 1422 5018">
    <p class='ocr_par' dir='ltr' id='par_1_5' title="bbox 0 0 1422 5018">
     <span class='ocr_line' id='line_1_41' title="bbox 0 0 1422 5018; baseline 0 2"><span class='ocrx_word' id='word_1_370' title='bbox 0 0 1422 5018; x_wconf 95' lang='lat' dir='ltr'> </span> 
     </span>
    </p>
   </div>
  </div>
 </body>
</html>
