2834 5018
116 293 224 358 XXIV
558 287 839 344 PuoLaGOMENa

116 492 210 553 quam
231 468 289 531 illi.
336 467 507 551 Templum
531 490 656 545 novum,
681 469 742 532 nisi
766 469 848 533 forte
871 471 1036 554 spirituale
1052 474 1109 548 est,
1132 470 1218 534 haud
1234 470 1292 533 du·

114 575 166 640 bie
188 574 295 658 potius
317 572 507 636 Iudaeorum
534 594 629 655 quam
651 572 864 637 Romanorum
889 580 944 639 est.
991 573 1024 640 Si
1047 575 1211 640 Barnabas
1234 574 1294 638 hoc

113 678 262 761 respexit,
287 699 389 741 sermo
413 676 594 740 distinctior
617 678 645 740 ei
669 677 864 743 adhibendus
888 680 948 743 t'uit
971 685 1003 744 et
1018 680 1103 744 haud
1126 680 1222 744 dubie
1237 680 1292 743 ad-

116 783 238 848 hibitus
262 782 383 857 fuisset,
409 803 480 845 curn
502 781 544 857 id,
569 783 652 864 quod
668 782 730 846 sibi
747 784 1021 849 demonstrandum
1037 784 1212 868 proposuit,
1232 783 1292 848 sci-

116 889 191 954 licet
214 910 312 972 spem,
346 909 441 971 quam
462 886 570 950 ludaei
598 887 631 950 in
653 887 772 971 templo
795 910 851 952 suo
874 889 1042 972 ponebant,
1067 889 1193 952 inanem
1216 909 1291 961 esse,

116 995 211 1058 etiam
242 991 441 1056 manifestius
472 991 570 1067 fieret,
600 992 627 1055 si
657 992 761 1057 locum
789 993 901 1076 templi
931 993 1116 1058 Iudaeorum
1138 991 1293 1076 templum

116 1097 285 1182 gentilium
308 1096 450 1160 obtinere
474 1096 523 1160 vel
539 1096 743 1162 obtenturum
768 1120 835 1162 esse
851 1100 953 1164 dicere
967 1099 1081 1182 potuit.
1113 1096 1291 1162 Schlatter¹

116 1203 176 1266 hoc
198 1205 282 1264 recte
305 1205 416 1264 contra
438 1199 527 1263 illam
550 1202 739 1266 sententiam
762 1203 884 1267 statuit.
931 1202 985 1268 Sin
1002 1207 1108 1267 autem
1124 1201 1294 1287 epistulam

114 1305 319 1370 nihilominus
342 1305 381 1368 ad
406 1326 523 1367 annum
550 1305 740 1381 merefort,
765 1328 828 1370 non
851 1308 950 1385 video,
976 1329 1038 1392 cluo
1060 1308 1128 1371 iure
1151 1308 1198 1371 ita
1221 1326 1293 1370 cen-

116 1412 192 1472 seat.
239 1406 453 1490 chronologia
478 1407 518 1469 ad
541 1429 657 1471 annum
682 1410 744 1473 130
767 1411 816 1474 vel
834 1412 894 1475 131
919 1416 1065 1495 spectans
1088 1412 1122 1476 in
1136 1411 1293 1494 interpre-

116 1513 236 1577 tatione
258 1510 371 1594 templi
392 1510 465 1574 novi
488 1510 712 1576 Hamaclriana
733 1514 853 1578 nititur.

204 1616 297 1682 Alter
317 1617 416 1692 locus,
442 1638 504 1700 quo
528 1621 637 1681 auctor
661 1619 700 1682 ad
723 1641 772 1683 rea
795 1642 852 1684 suo
874 1626 1016 1704 tempore
1039 1624 1147 1704 gestas
1171 1617 1294 1690 alludit,

115 1724 145 1799 4,
170 1723 254 1786 4-5
285 1725 398 1786 exstat.
431 1721 595 1786 Barnabas
627 1722 678 1786 hic
708 1723 872 1788 Danielem
904 1725 1013 1790 laudat
1039 1724 1295 1809 prophetantem,

116 1832 223 1895 decem
255 1848 346 1910 reges
377 1831 564 1911 regnaturos
595 1826 645 1890 vel
678 1829 783 1892 decern
814 1851 931 1893 cornua
952 1834 1100 1893 exortura
1130 1832 1163 1891 et
1185 1831 1298 1912 postea

118 1929 288 2017 (ὄπισθεν),
317 1952 392 2015 ergo
413 1931 578 1994 undecimo
601 1931 681 2006 locO,
706 1955 840 2016 parvum
861 1954 968 2017 regem
991 1934 1041 1997 vel
1064 1955 1162 1997 comu
1184 1954 1297 1996 exsur-

116 2043 274 2103 recturum
290 2058 326 2100 ae
341 2040 406 2098 tres
423 2056 460 2098 er
475 2033 540 2098 illis
555 2036 648 2099 simul
665 2033 732 2116 (ὑφ’
747 2035 793 2119 ἓν)
810 2038 1049 2102 humiliatumm
1064 2058 1141 2114 esse,
1166 2042 1199 2100 et
1221 2058 1296 2120 pro·

117 2142 258 2226 phetiam
281 2162 338 2204 suo
360 2146 503 2223 tempore
525 2139 690 2224 impletam
715 2162 782 2205 esse
805 2142 881 2206 satis
905 2141 988 2206 clare
1008 2140 1136 2204 indicat.
1183 2139 1297 2223 Itaque

118 2246 288 2330 quaeritur,
314 2244 383 2326 quis
405 2243 630 2327 imperatorum
655 2250 687 2308 et
702 2245 885 2309 undecimus
902 2245 1060 2328 designari
1075 2250 1108 2308 et
1124 2249 1189 2309 tres
1205 2265 1295 2327 prae·

117 2350 295 2414 decessores
318 2346 412 2411 simul
436 2347 616 2431 deposuisse
639 2349 701 2413 dici
724 2349 873 2431 potuerit.

203 2449 341 2518 Iaoman²
375 2456 524 2534 quartum
554 2452 671 2516 animal
696 2453 762 2529 4,5
787 2460 1064 2518 commemoratum
1087 2475 1145 2537 pro
1168 2452 1297 2518 Nerone

116 2560 237 2623 habens
267 2563 299 2621 et
328 2557 535 2639 imperatores
567 2558 606 2621 ab
631 2557 697 2621 eius
721 2579 899 2621 successore
928 2557 979 2621 vel
1002 2557 1104 2623 Galba
1125 2578 1298 2622 numerans

118 2662 288 2747 epistulam
325 2661 415 2725 annis
454 2659 611 2725 Hadriani
651 2663 821 2726 135-138
860 2667 1019 2726 exaratam
1057 2684 1124 2726 esse
1158 2661 1297 2746 putavit.

117 2766 273 2846 Quartum
296 2771 403 2831 autem
427 2765 545 2830 animal
567 2767 652 2830 haud
675 2768 767 2832 dubie
789 2767 956 2850 imperium
979 2767 1205 2842 Romanorum,
1234 2786 1298 2829 non

115 2872 338 2955 imperatorem
376 2871 533 2955 quendam
571 2872 709 2935 denotat.
774 2869 952 2935 Wieseler³
991 2875 1023 2934 et
1060 2869 1297 2953 ltiggenbach⁴

117 2998 214 3041 comu
236 2997 368 3059 parvum
391 2975 428 3038 de
452 2973 644 3050 Domitiano,
672 2973 899 3038 Weizsitclrer⁶
931 2981 962 3039 et
984 2973 1229 3058 Cunningham⁶
1262 2975 1299 3037 de

117 3081 317 3165 Vespasiano
348 3079 650 3162 interpretabantur.
696 3078 898 3143 Domitianus
924 3079 1068 3162 profecto
1091 3078 1125 3141 in
1148 3077 1299 3162 catalogo

116 3186 340 3269 imperatorum
357 3183 573 3247 Romanorum
597 3184 716 3246 usitato
739 3182 843 3248 locurn
859 3183 1056 3247 undecimum
1072 3182 1206 3259 obtinet,
1231 3181 1298 3246 Ve-

117 3290 281 3374 spasianus
314 3310 385 3353 oum
416 3286 518 3351 tribus
550 3286 791 3370 imperatoribus
821 3288 1015 3362 succederet,
1051 3286 1106 3369 qui
1138 3285 1299 3350 coniuncti

116 3393 241 3458 nonnisi
263 3413 386 3456 menses
411 3391 626 3476 duodeviginti
649 3396 868 3474 regnaverunt,
893 3390 987 3454 facile
1008 3395 1073 3453 tres
1089 3410 1182 3473 reges
1199 3390 1299 3473 depo-

117 3500 216 3563 suisse
247 3496 400 3561 declarari
422 3497 540 3577 potuit.
586 3496 656 3559 Hoc
680 3499 785 3559 autem
808 3495 846 3558 de
868 3493 1050 3557 Domitiano
1075 3514 1171 3576 aegre
1195 3514 1298 3558 enun-

118 3637 170 3646 ...-
193 3637 325 3645 .--——-..

189 3718 202 3770 l
222 3716 278 3771 Die
298 3717 369 3786 Taya
389 3716 510 3782 stajano
528 3717 585 3770 und
603 3703 744 3771 Hadriana
764 3717 829 3771 1897
848 3734 874 3785 p.
888 3716 989 3769 61-67
1010 3715 1150 3785 (Bedrttpe
1166 3732 1218 3769 eur
1230 3715 1302 3770 Fur-

119 3804 221 3872 cauny
238 3803 339 3857 atriatl.
361 3802 502 3870 Theoloqa'e
518 3802 538 3864 Ι,
560 3803 595 3871 3),

187 3891 203 3944 2
224 3889 396 3959 ΤΙκοὶορὼοΙο
417 3888 577 3956 Tq'jobctrift
597 3887 664 3943 1884
682 3904 709 3954 p.
730 3885 873 3940 lea-226.

187 3976 203 4030 3
221 3975 389 4030 Jatroucter
401 3977 455 4044 fur
474 3974 597 4028 dmtscbe
617 3973 757 4040 Theolopie
777 3972 843 4026 1870
860 3989 887 4039 p.
906 3971 1051 4026 603-614.

186 4063 458 4133 marcomannes
476 4060 563 4127 Brief
578 4059 623 4112 dcc
640 4058 787 4112 Barvmbar
807 4056 880 4112 1873.

188 4150 281 4204 5Ζιιν
299 4149 393 4203 Krisa
411 4147 456 4202 dea
478 4144 719 4211 Barnobcabnesea
739 4142 813 4197 1863.

186 4237 203 4291 6
221 4237 249 4290 Α
267 4236 440 4292 &mertuum
457 4249 492 4287 oa
510 4232 553 4286 tte
571 4230 676 4299 Epuotle
694 4233 727 4298 of
742 4229 769 4285 S.
789 4230 934 4284 Barnabas
955 4229 1028 4283 1877.
