<?xml version="1.0" encoding="UTF-8"?>
<!DOCTYPE html PUBLIC "-//W3C//DTD XHTML 1.0 Transitional//EN"
    "http://www.w3.org/TR/xhtml1/DTD/xhtml1-transitional.dtd">
<html xmlns="http://www.w3.org/1999/xhtml" xml:lang="en" lang="en">
 <head>
  <title>
</title>
<meta http-equiv="Content-Type" content="text/html;charset=utf-8" />
  <meta name='ocr-system' content='tesseract 3.04.00' />
  <meta name='ocr-capabilities' content='ocr_page ocr_carea ocr_par ocr_line ocrx_word'/>
</head>
<body>
  <div class='ocr_page' id='page_1' title='image "./patresapostolic00piongoog_0027.png"; bbox 0 0 2834 5018; ppageno 0'>
   <div class='ocr_carea' id='block_1_1' title="bbox 166 276 888 349">
    <p class='ocr_par' dir='ltr' id='par_1_1' title="bbox 166 276 888 349">
     <span class='ocr_line' id='line_1_1' title="bbox 166 276 888 349; baseline -0.006 -14"><span class='ocrx_word' id='word_1_1' title='bbox 166 283 246 349; x_wconf 76' lang='lat' dir='ltr'>xw</span> <span class='ocrx_word' id='word_1_2' title='bbox 606 276 888 335; x_wconf 78' lang='lat' dir='ltr'>Paomoounua</span> 
     </span>
    </p>
   </div>
   <div class='ocr_carea' id='block_1_2' title="bbox 163 456 1339 647">
    <p class='ocr_par' dir='ltr' id='par_1_2' title="bbox 163 456 1339 647">
     <span class='ocr_line' id='line_1_2' title="bbox 163 456 1339 541; baseline -0.002 -20"><span class='ocrx_word' id='word_1_3' title='bbox 163 461 258 541; x_wconf 88' lang='lat' dir='ltr'>caput</span> <span class='ocrx_word' id='word_1_4' title='bbox 280 456 370 534; x_wconf 87' lang='lat' dir='ltr'>VIII,</span> <span class='ocrx_word' id='word_1_5' title='bbox 409 459 464 522; x_wconf 92' lang='lat' dir='ltr'>ubi</span> <span class='ocrx_word' id='word_1_6' title='bbox 495 463 620 536; x_wconf 78' lang='lat' dir='ltr'>auctor,</span> <span class='ocrx_word' id='word_1_7' title='bbox 659 457 859 541; x_wconf 78' lang='lat' dir='ltr'>hypocritas,</span> <span class='ocrx_word' id='word_1_8' title='bbox 892 479 948 521; x_wconf 89' lang='lat' dir='ltr'>seu</span> <span class='ocrx_word' id='word_1_9' title='bbox 978 458 1166 523; x_wconf 80' lang='lat' dir='ltr'>Pharisaeos</span> <span class='ocrx_word' id='word_1_10' title='bbox 1198 478 1254 521; x_wconf 91' lang='lat' dir='ltr'>seu</span> <span class='ocrx_word' id='word_1_11' title='bbox 1285 456 1339 520; x_wconf 90' lang='lat' dir='ltr'>I·</span> 
     </span>
     <span class='ocr_line' id='line_1_3' title="bbox 164 561 1300 647; baseline -0.002 -21"><span class='ocrx_word' id='word_1_12' title='bbox 164 562 258 627; x_wconf 88' lang='lat' dir='ltr'>daeos</span> <span class='ocrx_word' id='word_1_13' title='bbox 281 584 398 640; x_wconf 91' lang='lat' dir='ltr'>omnes,</span> <span class='ocrx_word' id='word_1_14' title='bbox 421 564 601 647; x_wconf 82' lang='lat' dir='ltr'>respiciens,</span> <span class='ocrx_word' id='word_1_15' title='bbox 624 563 747 627; x_wconf 89' lang='lat' dir='ltr'>medios</span> <span class='ocrx_word' id='word_1_16' title='bbox 768 562 852 625; x_wconf 84' lang='lat' dir='ltr'>inter</span> <span class='ocrx_word' id='word_1_17' title='bbox 874 561 1008 627; x_wconf 89' lang='lat' dir='ltr'>Iudaeos</span> <span class='ocrx_word' id='word_1_18' title='bbox 1033 584 1066 626; x_wconf 91' lang='lat' dir='ltr'>se</span> <span class='ocrx_word' id='word_1_19' title='bbox 1091 583 1161 626; x_wconf 92' lang='lat' dir='ltr'>esse</span> <span class='ocrx_word' id='word_1_20' title='bbox 1184 563 1300 647; x_wconf 84' lang='lat' dir='ltr'>prodit.</span> 
     </span>
    </p>
   </div>
   <div class='ocr_carea' id='block_1_3' title="bbox 720 735 777 800">
    <p class='ocr_par' dir='ltr' id='par_1_3' title="bbox 720 735 777 800">
     <span class='ocr_line' id='line_1_4' title="bbox 720 735 777 800; baseline -0.018 0"><span class='ocrx_word' id='word_1_21' title='bbox 720 735 777 800; x_wconf 91' lang='lat' dir='ltr'>IV.</span> 
     </span>
    </p>
   </div>
   <div class='ocr_carea' id='block_1_4' title="bbox 162 873 1341 2109">
    <p class='ocr_par' dir='ltr' id='par_1_4' title="bbox 162 873 1341 1473">
     <span class='ocr_line' id='line_1_5' title="bbox 250 873 1339 959; baseline -0.002 -20"><span class='ocrx_word' id='word_1_22' title='bbox 250 875 299 939; x_wconf 92' lang='lat' dir='ltr'>De</span> <span class='ocrx_word' id='word_1_23' title='bbox 322 875 405 940; x_wconf 85' lang='lat' dir='ltr'>fide</span> <span class='ocrx_word' id='word_1_24' title='bbox 434 875 580 951; x_wconf 88' lang='lat' dir='ltr'>auctoris,</span> <span class='ocrx_word' id='word_1_25' title='bbox 610 873 661 938; x_wconf 84' lang='lat' dir='ltr'>vel</span> <span class='ocrx_word' id='word_1_26' title='bbox 684 896 746 959; x_wconf 94' lang='lat' dir='ltr'>quo</span> <span class='ocrx_word' id='word_1_27' title='bbox 768 875 878 940; x_wconf 88' lang='lat' dir='ltr'>tendat</span> <span class='ocrx_word' id='word_1_28' title='bbox 900 877 1066 959; x_wconf 80' lang='lat' dir='ltr'>scriptura,</span> <span class='ocrx_word' id='word_1_29' title='bbox 1098 874 1214 939; x_wconf 89' lang='lat' dir='ltr'>iudicia</span> <span class='ocrx_word' id='word_1_30' title='bbox 1236 875 1339 938; x_wconf 84' lang='lat' dir='ltr'>diver-</span> 
     </span>
     <span class='ocr_line' id='line_1_6' title="bbox 164 977 1340 1045; baseline 0 -2"><span class='ocrx_word' id='word_1_31' title='bbox 164 980 287 1044; x_wconf 90' lang='lat' dir='ltr'>sissima</span> <span class='ocrx_word' id='word_1_32' title='bbox 310 979 396 1044; x_wconf 89' lang='lat' dir='ltr'>facta</span> <span class='ocrx_word' id='word_1_33' title='bbox 419 984 499 1044; x_wconf 90' lang='lat' dir='ltr'>sunt.</span> <span class='ocrx_word' id='word_1_34' title='bbox 539 980 660 1045; x_wconf 85' lang='lat' dir='ltr'>Auctor</span> <span class='ocrx_word' id='word_1_35' title='bbox 683 983 715 1043; x_wconf 91' lang='lat' dir='ltr'>et</span> <span class='ocrx_word' id='word_1_36' title='bbox 731 977 917 1044; x_wconf 86' lang='lat' dir='ltr'>Christianis</span> <span class='ocrx_word' id='word_1_37' title='bbox 933 1002 950 1044; x_wconf 92' lang='lat' dir='ltr'>e</span> <span class='ocrx_word' id='word_1_38' title='bbox 965 979 1091 1044; x_wconf 91' lang='lat' dir='ltr'>ludaeis</span> <span class='ocrx_word' id='word_1_39' title='bbox 1106 985 1137 1043; x_wconf 93' lang='lat' dir='ltr'>et</span> <span class='ocrx_word' id='word_1_40' title='bbox 1152 977 1340 1043; x_wconf 89' lang='lat' dir='ltr'>Christianis</span> 
     </span>
     <span class='ocr_line' id='line_1_7' title="bbox 164 1084 1339 1169; baseline -0.002 -20"><span class='ocrx_word' id='word_1_41' title='bbox 164 1106 181 1148; x_wconf 88' lang='lat' dir='ltr'>e</span> <span class='ocrx_word' id='word_1_42' title='bbox 203 1085 377 1169; x_wconf 81' lang='lat' dir='ltr'>gentilibus</span> <span class='ocrx_word' id='word_1_43' title='bbox 407 1090 439 1149; x_wconf 89' lang='lat' dir='ltr'>et</span> <span class='ocrx_word' id='word_1_44' title='bbox 462 1085 619 1149; x_wconf 83' lang='lat' dir='ltr'>Ebionitis</span> <span class='ocrx_word' id='word_1_45' title='bbox 650 1084 816 1148; x_wconf 87' lang='lat' dir='ltr'>haereticis</span> <span class='ocrx_word' id='word_1_46' title='bbox 839 1085 1062 1148; x_wconf 89' lang='lat' dir='ltr'>adnumeratus</span> <span class='ocrx_word' id='word_1_47' title='bbox 1085 1090 1134 1148; x_wconf 90' lang='lat' dir='ltr'>est</span> <span class='ocrx_word' id='word_1_48' title='bbox 1147 1086 1169 1148; x_wconf 88' lang='lat'>¹.</span> <span class='ocrx_word' id='word_1_49' title='bbox 1215 1084 1339 1166; x_wconf 84' lang='lat' dir='ltr'>Bryen·</span> 
     </span>
     <span class='ocr_line' id='line_1_8' title="bbox 162 1188 1339 1273; baseline 0.001 -21"><span class='ocrx_word' id='word_1_50' title='bbox 162 1189 233 1253; x_wconf 88' lang='lat' dir='ltr'>nius</span> <span class='ocrx_word' id='word_1_51' title='bbox 257 1212 329 1253; x_wconf 89' lang='lat' dir='ltr'>eum</span> <span class='ocrx_word' id='word_1_52' title='bbox 348 1188 515 1254; x_wconf 76' lang='lat' dir='ltr'>Gnosticos</span> <span class='ocrx_word' id='word_1_53' title='bbox 538 1195 569 1253; x_wconf 92' lang='lat' dir='ltr'>et</span> <span class='ocrx_word' id='word_1_54' title='bbox 592 1188 803 1253; x_wconf 89' lang='lat' dir='ltr'>Montenistas</span> <span class='ocrx_word' id='word_1_55' title='bbox 825 1188 1014 1273; x_wconf 78' lang='lat' dir='ltr'>impugnare</span> <span class='ocrx_word' id='word_1_56' title='bbox 1035 1191 1177 1272; x_wconf 80' lang='lat' dir='ltr'>putavit3</span> <span class='ocrx_word' id='word_1_57' title='bbox 1201 1188 1339 1273; x_wconf 82' lang='lat' dir='ltr'>Hilgen-</span> 
     </span>
     <span class='ocr_line' id='line_1_9' title="bbox 163 1290 1341 1377; baseline 0.001 -21"><span class='ocrx_word' id='word_1_58' title='bbox 163 1292 230 1357; x_wconf 84' lang='lat' dir='ltr'>feld</span> <span class='ocrx_word' id='word_1_59' title='bbox 252 1315 291 1357; x_wconf 82' lang='lat' dir='ltr'>ex</span> <span class='ocrx_word' id='word_1_60' title='bbox 314 1295 473 1358; x_wconf 91' lang='lat' dir='ltr'>contrario</span> <span class='ocrx_word' id='word_1_61' title='bbox 495 1294 528 1357; x_wconf 92' lang='lat' dir='ltr'>in</span> <span class='ocrx_word' id='word_1_62' title='bbox 551 1294 709 1377; x_wconf 89' lang='lat' dir='ltr'>scriptura</span> <span class='ocrx_word' id='word_1_63' title='bbox 730 1292 866 1375; x_wconf 84' lang='lat' dir='ltr'>vestigia</span> <span class='ocrx_word' id='word_1_64' title='bbox 888 1290 1094 1357; x_wconf 87' lang='lat' dir='ltr'>Montanismi</span> <span class='ocrx_word' id='word_1_65' title='bbox 1116 1294 1256 1357; x_wconf 91' lang='lat' dir='ltr'>invenire</span> <span class='ocrx_word' id='word_1_66' title='bbox 1280 1294 1341 1358; x_wconf 91' lang='lat' dir='ltr'>sibi</span> 
     </span>
     <span class='ocr_line' id='line_1_10' title="bbox 163 1397 750 1473; baseline -0.002 -12"><span class='ocrx_word' id='word_1_67' title='bbox 163 1398 249 1461; x_wconf 81' lang='lat' dir='ltr'>visus</span> <span class='ocrx_word' id='word_1_68' title='bbox 273 1402 337 1473; x_wconf 87' lang='lat' dir='ltr'>est;</span> <span class='ocrx_word' id='word_1_69' title='bbox 361 1397 416 1461; x_wconf 86' lang='lat' dir='ltr'>alii</span> <span class='ocrx_word' id='word_1_70' title='bbox 439 1397 532 1461; x_wconf 87' lang='lat' dir='ltr'>aliter</span> <span class='ocrx_word' id='word_1_71' title='bbox 554 1401 750 1461; x_wconf 88' lang='lat' dir='ltr'>censuerunt.</span> 
     </span>
    </p>

    <p class='ocr_par' dir='ltr' id='par_1_5' title="bbox 163 1500 1341 2109">
     <span class='ocr_line' id='line_1_11' title="bbox 251 1500 1341 1586; baseline 0.002 -21"><span class='ocrx_word' id='word_1_72' title='bbox 251 1501 374 1565; x_wconf 85' lang='lat' dir='ltr'>Revera</span> <span class='ocrx_word' id='word_1_73' title='bbox 388 1500 542 1565; x_wconf 85' lang='lat' dir='ltr'>Doctrina</span> <span class='ocrx_word' id='word_1_74' title='bbox 556 1522 658 1585; x_wconf 89' lang='lat' dir='ltr'>neque</span> <span class='ocrx_word' id='word_1_75' title='bbox 674 1500 879 1565; x_wconf 90' lang='lat' dir='ltr'>Montanismi</span> <span class='ocrx_word' id='word_1_76' title='bbox 902 1523 1003 1586; x_wconf 92' lang='lat' dir='ltr'>neque</span> <span class='ocrx_word' id='word_1_77' title='bbox 1018 1502 1224 1566; x_wconf 82' lang='lat' dir='ltr'>Ebionitismi</span> <span class='ocrx_word' id='word_1_78' title='bbox 1238 1524 1341 1584; x_wconf 90' lang='lat' dir='ltr'>neque</span> 
     </span>
     <span class='ocr_line' id='line_1_12' title="bbox 165 1604 1341 1692; baseline 0.002 -22"><span class='ocrx_word' id='word_1_79' title='bbox 165 1606 245 1670; x_wconf 90' lang='lat' dir='ltr'>alius</span> <span class='ocrx_word' id='word_1_80' title='bbox 268 1606 408 1670; x_wconf 87' lang='lat' dir='ltr'>haeresis</span> <span class='ocrx_word' id='word_1_81' title='bbox 430 1605 549 1670; x_wconf 89' lang='lat' dir='ltr'>saeculi</span> <span class='ocrx_word' id='word_1_82' title='bbox 571 1604 602 1669; x_wconf 95' lang='grc' dir='ltr'>ΙΙ</span> <span class='ocrx_word' id='word_1_83' title='bbox 623 1605 740 1669; x_wconf 88' lang='lat' dir='ltr'>indicia</span> <span class='ocrx_word' id='word_1_84' title='bbox 762 1605 904 1683; x_wconf 79' lang='lat' dir='ltr'>exhibet,</span> <span class='ocrx_word' id='word_1_85' title='bbox 937 1606 1032 1684; x_wconf 90' lang='lat' dir='ltr'>etsi,</span> <span class='ocrx_word' id='word_1_86' title='bbox 1055 1608 1089 1671; x_wconf 89' lang='lat' dir='ltr'>id</span> <span class='ocrx_word' id='word_1_87' title='bbox 1112 1608 1197 1692; x_wconf 94' lang='lat' dir='ltr'>quod</span> <span class='ocrx_word' id='word_1_88' title='bbox 1220 1612 1341 1672; x_wconf 88' lang='lat' dir='ltr'>certum</span> 
     </span>
     <span class='ocr_line' id='line_1_13' title="bbox 163 1709 1341 1793; baseline 0.004 -21"><span class='ocrx_word' id='word_1_89' title='bbox 163 1731 231 1773; x_wconf 91' lang='lat' dir='ltr'>esse</span> <span class='ocrx_word' id='word_1_90' title='bbox 253 1710 385 1785; x_wconf 84' lang='lat' dir='ltr'>videtur,</span> <span class='ocrx_word' id='word_1_91' title='bbox 409 1709 473 1773; x_wconf 92' lang='lat' dir='ltr'>iam</span> <span class='ocrx_word' id='word_1_92' title='bbox 495 1709 652 1773; x_wconf 90' lang='lat' dir='ltr'>saeculol</span> <span class='ocrx_word' id='word_1_93' title='bbox 675 1713 807 1773; x_wconf 85' lang='lat' dir='ltr'>exeunte</span> <span class='ocrx_word' id='word_1_94' title='bbox 830 1711 1007 1793; x_wconf 87' lang='lat' dir='ltr'>composita</span> <span class='ocrx_word' id='word_1_95' title='bbox 1021 1715 1079 1788; x_wconf 89' lang='lat' dir='ltr'>est,</span> <span class='ocrx_word' id='word_1_96' title='bbox 1103 1713 1135 1776; x_wconf 89' lang='lat' dir='ltr'>id</span> <span class='ocrx_word' id='word_1_97' title='bbox 1151 1711 1254 1776; x_wconf 92' lang='lat' dir='ltr'>solum</span> <span class='ocrx_word' id='word_1_98' title='bbox 1268 1735 1341 1777; x_wconf 83' lang='lat' dir='ltr'>rere</span> 
     </span>
     <span class='ocr_line' id='line_1_14' title="bbox 164 1811 1341 1899; baseline 0.003 -20"><span class='ocrx_word' id='word_1_99' title='bbox 164 1815 334 1899; x_wconf 89' lang='lat' dir='ltr'>quaeritur,</span> <span class='ocrx_word' id='word_1_100' title='bbox 367 1837 443 1878; x_wconf 91' lang='lat' dir='ltr'>num</span> <span class='ocrx_word' id='word_1_101' title='bbox 465 1818 575 1877; x_wconf 88' lang='lat' dir='ltr'>auctor</span> <span class='ocrx_word' id='word_1_102' title='bbox 598 1811 796 1879; x_wconf 85' lang='lat' dir='ltr'>Christianus</span> <span class='ocrx_word' id='word_1_103' title='bbox 827 1816 990 1881; x_wconf 88' lang='lat' dir='ltr'>eIudaeis</span> <span class='ocrx_word' id='word_1_104' title='bbox 1014 1817 1056 1881; x_wconf 91' lang='lat' dir='ltr'>sit</span> <span class='ocrx_word' id='word_1_105' title='bbox 1079 1840 1120 1881; x_wconf 90' lang='lat' dir='ltr'>an</span> <span class='ocrx_word' id='word_1_106' title='bbox 1142 1816 1341 1883; x_wconf 83' lang='lat' dir='ltr'>Christianus</span> 
     </span>
     <span class='ocr_line' id='line_1_15' title="bbox 163 1918 1340 2005; baseline 0.002 -22"><span class='ocrx_word' id='word_1_107' title='bbox 163 1941 180 1983; x_wconf 92' lang='lat' dir='ltr'>e</span> <span class='ocrx_word' id='word_1_108' title='bbox 204 1919 376 2002; x_wconf 86' lang='lat' dir='ltr'>gentilibus</span> <span class='ocrx_word' id='word_1_109' title='bbox 405 1918 471 1995; x_wconf 88' lang='lat' dir='ltr'>vel,</span> <span class='ocrx_word' id='word_1_110' title='bbox 501 1921 538 1981; x_wconf 90' lang='lat' dir='ltr'>ut</span> <span class='ocrx_word' id='word_1_111' title='bbox 564 1922 695 1982; x_wconf 84' lang='lat' dir='ltr'>vocatus</span> <span class='ocrx_word' id='word_1_112' title='bbox 718 1923 779 1997; x_wconf 89' lang='lat' dir='ltr'>est,</span> <span class='ocrx_word' id='word_1_113' title='bbox 813 1919 1009 1986; x_wconf 83' lang='lat' dir='ltr'>Christianus</span> <span class='ocrx_word' id='word_1_114' title='bbox 1032 1943 1049 1984; x_wconf 93' lang='lat' dir='ltr'>e</span> <span class='ocrx_word' id='word_1_115' title='bbox 1073 1922 1247 2005; x_wconf 84' lang='lat' dir='ltr'>gentilibus</span> <span class='ocrx_word' id='word_1_116' title='bbox 1269 1921 1340 1986; x_wconf 89' lang='lat' dir='ltr'>vul-</span> 
     </span>
     <span class='ocr_line' id='line_1_16' title="bbox 164 2022 1339 2109; baseline 0.003 -22"><span class='ocrx_word' id='word_1_117' title='bbox 164 2025 259 2109; x_wconf 81' lang='lat' dir='ltr'>garis.</span> <span class='ocrx_word' id='word_1_118' title='bbox 305 2023 398 2087; x_wconf 88' lang='lat' dir='ltr'>Hanc</span> <span class='ocrx_word' id='word_1_119' title='bbox 420 2022 609 2086; x_wconf 89' lang='lat' dir='ltr'>sententiam</span> <span class='ocrx_word' id='word_1_120' title='bbox 632 2024 819 2105; x_wconf 89' lang='lat' dir='ltr'>praesertim</span> <span class='ocrx_word' id='word_1_121' title='bbox 840 2025 992 2091; x_wconf 83' lang='lat' dir='ltr'>Hamack</span> <span class='ocrx_word' id='word_1_122' title='bbox 1015 2031 1132 2104; x_wconf 88' lang='lat' dir='ltr'>tuetur,</span> <span class='ocrx_word' id='word_1_123' title='bbox 1166 2027 1257 2091; x_wconf 91' lang='lat' dir='ltr'>illam</span> <span class='ocrx_word' id='word_1_124' title='bbox 1280 2027 1339 2091; x_wconf 84' lang='lat' dir='ltr'>Sa-</span> 
     </span>
    </p>
   </div>
   <div class='ocr_carea' id='block_1_5' title="bbox 163 2126 1342 2530">
    <p class='ocr_par' dir='ltr' id='par_1_6' title="bbox 163 2126 1342 2530">
     <span class='ocr_line' id='line_1_17' title="bbox 165 2126 1341 2214; baseline 0.003 -21"><span class='ocrx_word' id='word_1_125' title='bbox 165 2130 278 2203; x_wconf 86' lang='lat' dir='ltr'>batier,</span> <span class='ocrx_word' id='word_1_126' title='bbox 304 2127 414 2192; x_wconf 85' lang='lat' dir='ltr'>Schaff</span> <span class='ocrx_word' id='word_1_127' title='bbox 433 2132 466 2191; x_wconf 89' lang='lat' dir='ltr'>et</span> <span class='ocrx_word' id='word_1_128' title='bbox 480 2126 587 2210; x_wconf 91' lang='lat' dir='ltr'>plures</span> <span class='ocrx_word' id='word_1_129' title='bbox 602 2127 666 2191; x_wconf 90' lang='lat' dir='ltr'>alii.</span> <span class='ocrx_word' id='word_1_130' title='bbox 701 2128 856 2193; x_wconf 88' lang='lat' dir='ltr'>Indicium</span> <span class='ocrx_word' id='word_1_131' title='bbox 875 2131 1012 2195; x_wconf 85' lang='lat' dir='ltr'>maxime</span> <span class='ocrx_word' id='word_1_132' title='bbox 1027 2152 1066 2195; x_wconf 85' lang='lat' dir='ltr'>ex</span> <span class='ocrx_word' id='word_1_133' title='bbox 1080 2132 1341 2214; x_wconf 86' lang='lat' dir='ltr'>interpretatione</span> 
     </span>
     <span class='ocr_line' id='line_1_18' title="bbox 163 2229 1341 2319; baseline 0.003 -22"><span class='ocrx_word' id='word_1_134' title='bbox 163 2233 247 2298; x_wconf 86' lang='lat' dir='ltr'>vocis</span> <span class='ocrx_word' id='word_1_135' title='bbox 270 2229 382 2315; x_wconf 79' lang='grc' dir='ltr'>βρῶσις</span> <span class='ocrx_word' id='word_1_136' title='bbox 406 2233 472 2308; x_wconf 87' lang='lat'>6,3</span> <span class='ocrx_word' id='word_1_137' title='bbox 494 2233 620 2316; x_wconf 87' lang='lat' dir='ltr'>pendet.</span> <span class='ocrx_word' id='word_1_138' title='bbox 666 2233 765 2297; x_wconf 85' lang='lat' dir='ltr'>Estne</span> <span class='ocrx_word' id='word_1_139' title='bbox 785 2255 846 2298; x_wconf 82' lang='lat' dir='ltr'>vox</span> <span class='ocrx_word' id='word_1_140' title='bbox 870 2236 907 2298; x_wconf 92' lang='lat' dir='ltr'>de</span> <span class='ocrx_word' id='word_1_141' title='bbox 930 2235 1055 2319; x_wconf 80' lang='lat' dir='ltr'>legibus</span> <span class='ocrx_word' id='word_1_142' title='bbox 1078 2234 1204 2300; x_wconf 85' lang='lat' dir='ltr'>Veteris</span> <span class='ocrx_word' id='word_1_143' title='bbox 1228 2236 1341 2301; x_wconf 86' lang='lat' dir='ltr'>Testa-</span> 
     </span>
     <span class='ocr_line' id='line_1_19' title="bbox 163 2335 1342 2422; baseline 0.003 -19"><span class='ocrx_word' id='word_1_144' title='bbox 163 2338 263 2403; x_wconf 90' lang='lat' dir='ltr'>menti</span> <span class='ocrx_word' id='word_1_145' title='bbox 285 2337 412 2401; x_wconf 87' lang='lat' dir='ltr'>cibariis</span> <span class='ocrx_word' id='word_1_146' title='bbox 433 2335 649 2421; x_wconf 84' lang='lat' dir='ltr'>intellegenda</span> <span class='ocrx_word' id='word_1_147' title='bbox 672 2360 712 2401; x_wconf 92' lang='lat' dir='ltr'>an</span> <span class='ocrx_word' id='word_1_148' title='bbox 736 2339 773 2402; x_wconf 91' lang='lat' dir='ltr'>de</span> <span class='ocrx_word' id='word_1_149' title='bbox 796 2340 895 2403; x_wconf 89' lang='lat' dir='ltr'>ascesi</span> <span class='ocrx_word' id='word_1_150' title='bbox 919 2341 1056 2422; x_wconf 88' lang='lat' dir='ltr'>quadam</span> <span class='ocrx_word' id='word_1_151' title='bbox 1079 2341 1119 2405; x_wconf 89' lang='lat' dir='ltr'>ad</span> <span class='ocrx_word' id='word_1_152' title='bbox 1134 2343 1222 2406; x_wconf 92' lang='lat' dir='ltr'>cibos</span> <span class='ocrx_word' id='word_1_153' title='bbox 1238 2346 1270 2405; x_wconf 86' lang='lat' dir='ltr'>et</span> <span class='ocrx_word' id='word_1_154' title='bbox 1291 2342 1342 2405; x_wconf 91' lang='lat' dir='ltr'>in·</span> 
     </span>
     <span class='ocr_line' id='line_1_20' title="bbox 163 2440 1341 2530; baseline 0.004 -25"><span class='ocrx_word' id='word_1_155' title='bbox 163 2442 275 2528; x_wconf 91' lang='lat' dir='ltr'>primis</span> <span class='ocrx_word' id='word_1_156' title='bbox 298 2463 386 2505; x_wconf 89' lang='lat' dir='ltr'>esum</span> <span class='ocrx_word' id='word_1_157' title='bbox 409 2440 551 2506; x_wconf 92' lang='lat' dir='ltr'>carnium</span> <span class='ocrx_word' id='word_1_158' title='bbox 574 2445 763 2524; x_wconf 76' lang='lat' dir='ltr'>spectante?</span> <span class='ocrx_word' id='word_1_159' title='bbox 796 2441 874 2507; x_wconf 91' lang='lat' dir='ltr'>Cum</span> <span class='ocrx_word' id='word_1_160' title='bbox 897 2441 955 2506; x_wconf 87' lang='lat' dir='ltr'>illa</span> <span class='ocrx_word' id='word_1_161' title='bbox 976 2443 1196 2528; x_wconf 86' lang='lat' dir='ltr'>interpretatio</span> <span class='ocrx_word' id='word_1_162' title='bbox 1213 2447 1341 2530; x_wconf 88' lang='lat' dir='ltr'>praefe-</span> 
     </span>
    </p>
   </div>
   <div class='ocr_carea' id='block_1_6' title="bbox 162 2542 1344 4093">
    <p class='ocr_par' dir='ltr' id='par_1_7' title="bbox 162 2542 1343 3659">
     <span class='ocr_line' id='line_1_21' title="bbox 162 2542 1343 2628; baseline 0.004 -18"><span class='ocrx_word' id='word_1_163' title='bbox 162 2548 261 2612; x_wconf 89' lang='lat' dir='ltr'>renda</span> <span class='ocrx_word' id='word_1_164' title='bbox 288 2547 347 2621; x_wconf 94' lang='lat' dir='ltr'>sit,</span> <span class='ocrx_word' id='word_1_165' title='bbox 378 2545 536 2628; x_wconf 88' lang='lat' dir='ltr'>scriptura</span> <span class='ocrx_word' id='word_1_166' title='bbox 566 2542 786 2609; x_wconf 89' lang='lat' dir='ltr'>aChristiano</span> <span class='ocrx_word' id='word_1_167' title='bbox 817 2546 1092 2610; x_wconf 88' lang='lat' dir='ltr'>ecircumcisione</span> <span class='ocrx_word' id='word_1_168' title='bbox 1121 2554 1251 2614; x_wconf 84' lang='lat' dir='ltr'>exarata</span> <span class='ocrx_word' id='word_1_169' title='bbox 1274 2572 1343 2615; x_wconf 90' lang='lat' dir='ltr'>esse</span> 
     </span>
     <span class='ocr_line' id='line_1_22' title="bbox 164 2648 1342 2737; baseline 0 -20"><span class='ocrx_word' id='word_1_170' title='bbox 164 2653 306 2737; x_wconf 88' lang='lat' dir='ltr'>putanda</span> <span class='ocrx_word' id='word_1_171' title='bbox 329 2655 385 2715; x_wconf 89' lang='lat' dir='ltr'>est.</span> <span class='ocrx_word' id='word_1_172' title='bbox 431 2650 519 2714; x_wconf 88' lang='lat' dir='ltr'>ldem</span> <span class='ocrx_word' id='word_1_173' title='bbox 542 2648 645 2714; x_wconf 89' lang='lat' dir='ltr'>elucet</span> <span class='ocrx_word' id='word_1_174' title='bbox 667 2671 706 2714; x_wconf 88' lang='lat' dir='ltr'>ex</span> <span class='ocrx_word' id='word_1_175' title='bbox 730 2649 779 2728; x_wconf 84' lang='lat'>13,</span> <span class='ocrx_word' id='word_1_176' title='bbox 799 2652 829 2726; x_wconf 89' lang='lat'>3,</span> <span class='ocrx_word' id='word_1_177' title='bbox 853 2650 908 2714; x_wconf 92' lang='lat' dir='ltr'>ubi</span> <span class='ocrx_word' id='word_1_178' title='bbox 931 2656 1042 2715; x_wconf 89' lang='lat' dir='ltr'>auctor</span> <span class='ocrx_word' id='word_1_179' title='bbox 1064 2652 1206 2717; x_wconf 84' lang='lat' dir='ltr'>officium</span> <span class='ocrx_word' id='word_1_180' title='bbox 1227 2654 1342 2737; x_wconf 91' lang='lat' dir='ltr'>primi-</span> 
     </span>
     <span class='ocr_line' id='line_1_23' title="bbox 164 2753 1341 2840; baseline 0 -19"><span class='ocrx_word' id='word_1_181' title='bbox 164 2758 281 2822; x_wconf 89' lang='lat' dir='ltr'>tiarum</span> <span class='ocrx_word' id='word_1_182' title='bbox 302 2755 467 2840; x_wconf 89' lang='lat' dir='ltr'>prophetis</span> <span class='ocrx_word' id='word_1_183' title='bbox 489 2753 720 2819; x_wconf 88' lang='lat' dir='ltr'>offerendarum</span> <span class='ocrx_word' id='word_1_184' title='bbox 744 2777 781 2819; x_wconf 88' lang='lat' dir='ltr'>eo</span> <span class='ocrx_word' id='word_1_185' title='bbox 805 2755 930 2839; x_wconf 90' lang='lat' dir='ltr'>probat,</span> <span class='ocrx_word' id='word_1_186' title='bbox 955 2757 1039 2840; x_wconf 92' lang='lat' dir='ltr'>quod</span> <span class='ocrx_word' id='word_1_187' title='bbox 1058 2757 1233 2840; x_wconf 86' lang='lat' dir='ltr'>prophetae</span> <span class='ocrx_word' id='word_1_188' title='bbox 1249 2757 1341 2822; x_wconf 88' lang='lat' dir='ltr'>Chri·</span> 
     </span>
     <span class='ocr_line' id='line_1_24' title="bbox 163 2859 1343 2940; baseline 0 -13"><span class='ocrx_word' id='word_1_189' title='bbox 163 2863 337 2927; x_wconf 89' lang='lat' dir='ltr'>stianorum</span> <span class='ocrx_word' id='word_1_190' title='bbox 366 2859 517 2940; x_wconf 81' lang='grc' dir='ltr'><strong>ἀρχιερεῖς</strong></span> <span class='ocrx_word' id='word_1_191' title='bbox 549 2859 622 2935; x_wconf 90' lang='lat' dir='ltr'>sint,</span> <span class='ocrx_word' id='word_1_192' title='bbox 654 2863 685 2923; x_wconf 91' lang='lat' dir='ltr'>et</span> <span class='ocrx_word' id='word_1_193' title='bbox 708 2881 746 2923; x_wconf 85' lang='lat' dir='ltr'>ex</span> <span class='ocrx_word' id='word_1_194' title='bbox 770 2860 820 2936; x_wconf 88' lang='lat'>13,</span> <span class='ocrx_word' id='word_1_195' title='bbox 838 2861 867 2935; x_wconf 89' lang='lat'>5,</span> <span class='ocrx_word' id='word_1_196' title='bbox 899 2860 954 2923; x_wconf 93' lang='lat' dir='ltr'>ubi</span> <span class='ocrx_word' id='word_1_197' title='bbox 976 2860 1060 2924; x_wconf 89' lang='lat' dir='ltr'>idem</span> <span class='ocrx_word' id='word_1_198' title='bbox 1081 2860 1232 2938; x_wconf 90' lang='lat' dir='ltr'>officium,</span> <span class='ocrx_word' id='word_1_199' title='bbox 1255 2862 1343 2927; x_wconf 88' lang='lat' dir='ltr'>haud</span> 
     </span>
     <span class='ocr_line' id='line_1_25' title="bbox 164 2963 1341 3047; baseline -0.001 -16"><span class='ocrx_word' id='word_1_200' title='bbox 164 2966 258 3031; x_wconf 89' lang='lat' dir='ltr'>dubie</span> <span class='ocrx_word' id='word_1_201' title='bbox 280 2965 381 3029; x_wconf 90' lang='lat' dir='ltr'>Vetus</span> <span class='ocrx_word' id='word_1_202' title='bbox 402 2964 641 3028; x_wconf 82' lang='lat' dir='ltr'>Testamentum</span> <span class='ocrx_word' id='word_1_203' title='bbox 663 2963 842 3047; x_wconf 88' lang='lat' dir='ltr'>respiciens,</span> <span class='ocrx_word' id='word_1_204' title='bbox 867 2963 1055 3046; x_wconf 86' lang='lat' dir='ltr'>simpliciter</span> <span class='ocrx_word' id='word_1_205' title='bbox 1076 2966 1260 3030; x_wconf 88' lang='lat' dir='ltr'>mandatum</span> <span class='ocrx_word' id='word_1_206' title='bbox 1283 2988 1341 3030; x_wconf 90' lang='lat' dir='ltr'>no·</span> 
     </span>
     <span class='ocr_line' id='line_1_26' title="bbox 163 3066 1343 3155; baseline 0 -20"><span class='ocrx_word' id='word_1_207' title='bbox 163 3072 274 3136; x_wconf 85' lang='lat' dir='ltr'>minat.</span> <span class='ocrx_word' id='word_1_208' title='bbox 319 3069 432 3154; x_wconf 84' lang='lat' dir='ltr'>Neque</span> <span class='ocrx_word' id='word_1_209' title='bbox 461 3068 494 3132; x_wconf 92' lang='lat' dir='ltr'>id</span> <span class='ocrx_word' id='word_1_210' title='bbox 524 3068 557 3132; x_wconf 93' lang='lat' dir='ltr'>in</span> <span class='ocrx_word' id='word_1_211' title='bbox 586 3066 647 3132; x_wconf 89' lang='lat' dir='ltr'>hac</span> <span class='ocrx_word' id='word_1_212' title='bbox 670 3068 853 3153; x_wconf 89' lang='lat' dir='ltr'>quaestione</span> <span class='ocrx_word' id='word_1_213' title='bbox 876 3070 1139 3152; x_wconf 87' lang='lat' dir='ltr'>praetereundum</span> <span class='ocrx_word' id='word_1_214' title='bbox 1161 3075 1225 3147; x_wconf 90' lang='lat' dir='ltr'>est,</span> <span class='ocrx_word' id='word_1_215' title='bbox 1259 3071 1343 3155; x_wconf 90' lang='lat' dir='ltr'>quod</span> 
     </span>
     <span class='ocr_line' id='line_1_27' title="bbox 165 3172 1343 3257; baseline 0.001 -18"><span class='ocrx_word' id='word_1_216' title='bbox 165 3177 202 3239; x_wconf 91' lang='lat' dir='ltr'>de</span> <span class='ocrx_word' id='word_1_217' title='bbox 217 3175 334 3239; x_wconf 89' lang='lat' dir='ltr'>ieiunio</span> <span class='ocrx_word' id='word_1_218' title='bbox 350 3179 382 3238; x_wconf 91' lang='lat' dir='ltr'>et</span> <span class='ocrx_word' id='word_1_219' title='bbox 397 3173 539 3238; x_wconf 88' lang='lat' dir='ltr'>oratione</span> <span class='ocrx_word' id='word_1_220' title='bbox 555 3194 653 3257; x_wconf 82' lang='lat' dir='ltr'>agens</span> <span class='ocrx_word' id='word_1_221' title='bbox 669 3172 856 3237; x_wconf 87' lang='lat' dir='ltr'>Pharisaeos</span> <span class='ocrx_word' id='word_1_222' title='bbox 872 3172 988 3236; x_wconf 88' lang='lat' dir='ltr'>diserte</span> <span class='ocrx_word' id='word_1_223' title='bbox 1003 3173 1181 3257; x_wconf 84' lang='lat' dir='ltr'>impugnat.</span> <span class='ocrx_word' id='word_1_224' title='bbox 1205 3174 1343 3240; x_wconf 80' lang='lat' dir='ltr'>Etiamsi</span> 
     </span>
     <span class='ocr_line' id='line_1_28' title="bbox 164 3277 1342 3362; baseline 0 -18"><span class='ocrx_word' id='word_1_225' title='bbox 164 3280 248 3344; x_wconf 89' lang='lat' dir='ltr'>enim</span> <span class='ocrx_word' id='word_1_226' title='bbox 271 3302 426 3343; x_wconf 88' lang='lat' dir='ltr'>summam</span> <span class='ocrx_word' id='word_1_227' title='bbox 448 3278 561 3362; x_wconf 89' lang='lat' dir='ltr'>capitis</span> <span class='ocrx_word' id='word_1_228' title='bbox 585 3300 622 3342; x_wconf 85' lang='lat' dir='ltr'>ex</span> <span class='ocrx_word' id='word_1_229' title='bbox 637 3277 814 3361; x_wconf 79' lang='lat' dir='ltr'>Evangelio</span> <span class='ocrx_word' id='word_1_230' title='bbox 830 3277 987 3342; x_wconf 87' lang='lat' dir='ltr'>Matthaei</span> <span class='ocrx_word' id='word_1_231' title='bbox 1005 3279 1211 3362; x_wconf 91' lang='lat' dir='ltr'>deprompsit,</span> <span class='ocrx_word' id='word_1_232' title='bbox 1235 3285 1342 3344; x_wconf 91' lang='lat' dir='ltr'>tamen</span> 
     </span>
     <span class='ocr_line' id='line_1_29' title="bbox 165 3383 1343 3470; baseline -0.001 -21"><span class='ocrx_word' id='word_1_233' title='bbox 165 3385 338 3470; x_wconf 91' lang='lat' dir='ltr'>quaeritur,</span> <span class='ocrx_word' id='word_1_234' title='bbox 370 3406 448 3448; x_wconf 92' lang='lat' dir='ltr'>num</span> <span class='ocrx_word' id='word_1_235' title='bbox 474 3384 572 3448; x_wconf 83' lang='lat' dir='ltr'>verba</span> <span class='ocrx_word' id='word_1_236' title='bbox 600 3389 666 3448; x_wconf 88' lang='lat' dir='ltr'>tam</span> <span class='ocrx_word' id='word_1_237' title='bbox 696 3383 781 3446; x_wconf 85' lang='lat' dir='ltr'>acria</span> <span class='ocrx_word' id='word_1_238' title='bbox 809 3383 1004 3467; x_wconf 87' lang='lat' dir='ltr'>repetiisset,</span> <span class='ocrx_word' id='word_1_239' title='bbox 1036 3383 1098 3447; x_wconf 90' lang='lat' dir='ltr'>nisi</span> <span class='ocrx_word' id='word_1_240' title='bbox 1121 3385 1343 3448; x_wconf 89' lang='lat' dir='ltr'>commercium</span> 
     </span>
     <span class='ocr_line' id='line_1_30' title="bbox 164 3485 1343 3574; baseline 0 -21"><span class='ocrx_word' id='word_1_241' title='bbox 164 3489 293 3574; x_wconf 89' lang='lat' dir='ltr'>aliquod</span> <span class='ocrx_word' id='word_1_242' title='bbox 316 3512 387 3553; x_wconf 93' lang='lat' dir='ltr'>cum</span> <span class='ocrx_word' id='word_1_243' title='bbox 409 3487 590 3553; x_wconf 85' lang='lat' dir='ltr'>Pharisaeis</span> <span class='ocrx_word' id='word_1_244' title='bbox 613 3486 776 3551; x_wconf 88' lang='lat' dir='ltr'>habuisset</span> <span class='ocrx_word' id='word_1_245' title='bbox 797 3485 847 3551; x_wconf 85' lang='lat' dir='ltr'>vel</span> <span class='ocrx_word' id='word_1_246' title='bbox 870 3487 903 3550; x_wconf 95' lang='lat' dir='ltr'>in</span> <span class='ocrx_word' id='word_1_247' title='bbox 924 3488 1029 3569; x_wconf 88' lang='lat' dir='ltr'>patria</span> <span class='ocrx_word' id='word_1_248' title='bbox 1052 3485 1303 3552; x_wconf 87' lang='lat' dir='ltr'>Christianorum</span> <span class='ocrx_word' id='word_1_249' title='bbox 1326 3511 1343 3553; x_wconf 92' lang='lat' dir='ltr'>e</span> 
     </span>
     <span class='ocr_line' id='line_1_31' title="bbox 164 3594 448 3659; baseline -0.004 -2"><span class='ocrx_word' id='word_1_250' title='bbox 164 3594 287 3659; x_wconf 89' lang='lat' dir='ltr'>Indaeis</span> <span class='ocrx_word' id='word_1_251' title='bbox 310 3595 448 3657; x_wconf 82' lang='lat' dir='ltr'>vixisset.</span> 
     </span>
    </p>

    <p class='ocr_par' dir='ltr' id='par_1_8' title="bbox 164 3694 1344 4093">
     <span class='ocr_line' id='line_1_32' title="bbox 252 3694 1342 3780; baseline -0.003 -17"><span class='ocrx_word' id='word_1_252' title='bbox 252 3698 308 3763; x_wconf 88' lang='lat' dir='ltr'>Sin</span> <span class='ocrx_word' id='word_1_253' title='bbox 331 3701 440 3762; x_wconf 86' lang='lat' dir='ltr'>auctor</span> <span class='ocrx_word' id='word_1_254' title='bbox 466 3700 571 3760; x_wconf 77' lang='lat' dir='ltr'>cirtem</span> <span class='ocrx_word' id='word_1_255' title='bbox 594 3694 790 3759; x_wconf 80' lang='lat' dir='ltr'>Christianus</span> <span class='ocrx_word' id='word_1_256' title='bbox 821 3717 837 3759; x_wconf 94' lang='lat' dir='ltr'>e</span> <span class='ocrx_word' id='word_1_257' title='bbox 861 3697 1097 3761; x_wconf 88' lang='lat' dir='ltr'>circumcisione</span> <span class='ocrx_word' id='word_1_258' title='bbox 1120 3700 1197 3773; x_wconf 88' lang='lat' dir='ltr'>erat,</span> <span class='ocrx_word' id='word_1_259' title='bbox 1221 3719 1342 3780; x_wconf 90' lang='lat' dir='ltr'>nequa·</span> 
     </span>
     <span class='ocr_line' id='line_1_33' title="bbox 165 3798 1342 3888; baseline -0.002 -22"><span class='ocrx_word' id='word_1_260' title='bbox 165 3825 261 3888; x_wconf 89' lang='lat' dir='ltr'>quam</span> <span class='ocrx_word' id='word_1_261' title='bbox 282 3807 384 3866; x_wconf 91' lang='lat' dir='ltr'>totam</span> <span class='ocrx_word' id='word_1_262' title='bbox 405 3801 509 3883; x_wconf 83' lang='lat' dir='ltr'>legem</span> <span class='ocrx_word' id='word_1_263' title='bbox 531 3800 692 3864; x_wconf 87' lang='lat' dir='ltr'>observari</span> <span class='ocrx_word' id='word_1_264' title='bbox 706 3798 816 3863; x_wconf 84' lang='lat' dir='ltr'>voluit.</span> <span class='ocrx_word' id='word_1_265' title='bbox 853 3800 984 3865; x_wconf 91' lang='lat' dir='ltr'>Minime</span> <span class='ocrx_word' id='word_1_266' title='bbox 1001 3801 1085 3865; x_wconf 91' lang='lat' dir='ltr'>enim</span> <span class='ocrx_word' id='word_1_267' title='bbox 1100 3806 1148 3865; x_wconf 90' lang='lat' dir='ltr'>est</span> <span class='ocrx_word' id='word_1_268' title='bbox 1163 3801 1342 3877; x_wconf 85' lang='lat' dir='ltr'>verisimile,</span> 
     </span>
     <span class='ocr_line' id='line_1_34' title="bbox 164 3901 1341 3989; baseline -0.004 -17"><span class='ocrx_word' id='word_1_269' title='bbox 164 3907 269 3971; x_wconf 81' lang='lat' dir='ltr'>verbis</span> <span class='ocrx_word' id='word_1_270' title='bbox 292 3904 385 3987; x_wconf 81' lang='grc' dir='ltr'>ζυγὸς</span> <span class='ocrx_word' id='word_1_271' title='bbox 407 3911 462 3965; x_wconf 84' lang='grc' dir='ltr'>τοῦ</span> <span class='ocrx_word' id='word_1_272' title='bbox 479 3901 586 3983; x_wconf 78' lang='grc' dir='ltr'>κυρίου</span> <span class='ocrx_word' id='word_1_273' title='bbox 610 3905 638 3980; x_wconf 79' lang='grc'>6,</span> <span class='ocrx_word' id='word_1_274' title='bbox 656 3906 676 3967; x_wconf 84' lang='grc'>2</span> <span class='ocrx_word' id='word_1_275' title='bbox 699 3903 804 3989; x_wconf 86' lang='lat' dir='ltr'>legem</span> <span class='ocrx_word' id='word_1_276' title='bbox 820 3903 944 3970; x_wconf 85' lang='lat' dir='ltr'>Veteris</span> <span class='ocrx_word' id='word_1_277' title='bbox 961 3905 1156 3970; x_wconf 86' lang='lat' dir='ltr'>Testamenti</span> <span class='ocrx_word' id='word_1_278' title='bbox 1172 3906 1341 3989; x_wconf 78' lang='lat' dir='ltr'>designari.</span> 
     </span>
     <span class='ocr_line' id='line_1_35' title="bbox 164 4009 1344 4093; baseline -0.004 -16"><span class='ocrx_word' id='word_1_279' title='bbox 164 4012 334 4077; x_wconf 88' lang='lat' dir='ltr'>Praeterea</span> <span class='ocrx_word' id='word_1_280' title='bbox 356 4011 394 4075; x_wconf 86' lang='lat' dir='ltr'>de</span> <span class='ocrx_word' id='word_1_281' title='bbox 417 4009 652 4074; x_wconf 86' lang='lat' dir='ltr'>circumcisione</span> <span class='ocrx_word' id='word_1_282' title='bbox 674 4031 804 4093; x_wconf 87' lang='lat' dir='ltr'>prorsus</span> <span class='ocrx_word' id='word_1_283' title='bbox 826 4014 919 4074; x_wconf 89' lang='lat' dir='ltr'>tacet.</span> <span class='ocrx_word' id='word_1_284' title='bbox 965 4010 1015 4074; x_wconf 91' lang='lat' dir='ltr'>Ne</span> <span class='ocrx_word' id='word_1_285' title='bbox 1030 4014 1201 4093; x_wconf 86' lang='lat' dir='ltr'>praecepta</span> <span class='ocrx_word' id='word_1_286' title='bbox 1217 4009 1344 4093; x_wconf 91' lang='lat' dir='ltr'>quidem</span> 
     </span>
    </p>
   </div>
   <div class='ocr_carea' id='block_1_7' title="bbox 166 4143 1343 4303">
    <p class='ocr_par' dir='ltr' id='par_1_9' title="bbox 166 4143 1343 4303">
     <span class='ocr_line' id='line_1_36' title="bbox 239 4143 1343 4214; baseline -0.004 -12"><span class='ocrx_word' id='word_1_287' title='bbox 239 4145 433 4202; x_wconf 76' lang='lat' dir='ltr'>lEbionItam</span> <span class='ocrx_word' id='word_1_288' title='bbox 462 4150 608 4200; x_wconf 86' lang='lat' dir='ltr'>auctorem</span> <span class='ocrx_word' id='word_1_289' title='bbox 635 4144 789 4200; x_wconf 86' lang='lat' dir='ltr'>declaravit</span> <span class='ocrx_word' id='word_1_290' title='bbox 816 4145 1005 4214; x_wconf 83' lang='lat' dir='ltr'>Krawutzcky</span> <span class='ocrx_word' id='word_1_291' title='bbox 1025 4143 1054 4196; x_wconf 91' lang='lat' dir='ltr'>in</span> <span class='ocrx_word' id='word_1_292' title='bbox 1075 4145 1195 4214; x_wconf 62' lang='lat' dir='ltr'>moloc.</span> <span class='ocrx_word' id='word_1_293' title='bbox 1216 4143 1343 4213; x_wconf 66' lang='lat' dir='ltr'>Quartah</span> 
     </span>
     <span class='ocr_line' id='line_1_37' title="bbox 166 4230 1152 4303; baseline -0.003 -13"><span class='ocrx_word' id='word_1_294' title='bbox 166 4237 261 4302; x_wconf 72' lang='lat' dir='ltr'>schrift</span> <span class='ocrx_word' id='word_1_295' title='bbox 280 4232 348 4290; x_wconf 82' lang='grc'>1884</span> <span class='ocrx_word' id='word_1_296' title='bbox 365 4252 392 4303; x_wconf 92' lang='lat' dir='ltr'>p.</span> <span class='ocrx_word' id='word_1_297' title='bbox 413 4234 563 4297; x_wconf 82' lang='lat'>581-585;</span> <span class='ocrx_word' id='word_1_298' title='bbox 582 4233 809 4287; x_wconf 77' lang='lat' dir='ltr'>Kirchenleccikon</span> <span class='ocrx_word' id='word_1_299' title='bbox 828 4232 865 4285; x_wconf 86' lang='lat'>111</span> <span class='ocrx_word' id='word_1_300' title='bbox 886 4232 986 4301; x_wconf 84' lang='lat'>(1884),</span> <span class='ocrx_word' id='word_1_301' title='bbox 1008 4230 1152 4288; x_wconf 73' lang='lat' dir='ltr'>isos-72.</span> 
     </span>
    </p>
   </div>
   <div class='ocr_carea' id='block_1_8' title="bbox 0 0 1423 5018">
    <p class='ocr_par' dir='ltr' id='par_1_10' title="bbox 0 0 1423 5018">
     <span class='ocr_line' id='line_1_38' title="bbox 0 0 1423 5018; baseline 0 0"><span class='ocrx_word' id='word_1_302' title='bbox 0 0 1423 5018; x_wconf 95' lang='lat' dir='ltr'> </span> 
     </span>
    </p>
   </div>
  </div>
 </body>
</html>
