2834 5018
196 326 358 394 CXXXVI
635 321 918 379 raomoouana

197 502 412 579 summabitur,
435 505 468 565 et
490 500 600 565 deinde
623 502 682 565 erit
703 501 783 565 finis.
830 501 975 576 Hermas,
1000 499 1089 565 addit
1110 500 1263 580 Ecclesia,
1287 502 1367 567 haec

197 607 342 671 omnibus
373 605 554 669 manifestet
582 608 614 667 et
644 605 761 669 sanctis
791 606 968 688 praedicet,
1004 627 1085 689 quae
1108 605 1177 689 ipsa
1206 610 1280 691 post
1302 611 1367 671 tres

197 711 262 776 dies
284 711 470 775 mandatura
485 709 526 773 sit
549 709 588 791 (c.
606 709 635 785 8,
652 707 783 791 9-11),
808 730 849 772 sc.
874 713 910 773 ut
931 731 1043 792 pacem
1056 710 1139 774 inter
1160 732 1194 775 se
1215 709 1367 787 habeant,

196 819 232 878 ut
253 815 448 899 possidentes
471 815 547 878 dent
560 814 775 897 indigentibus
798 818 857 878 etc.
882 813 921 896 (c.
938 812 981 896 9).
1029 814 1116 890 Quae
1131 837 1202 879 cum
1225 815 1367 892 dixisset,

196 940 291 983 aser
323 919 487 983 iuvenibus
518 916 557 980 ad
588 917 701 980 turrim
732 917 841 982 ablata
871 923 926 982 est.
973 918 1108 983 Hermas
1140 924 1246 983 autam
1275 922 1370 1002 rogat

196 1045 273 1101 eam,
298 1028 334 1087 ut
354 1028 418 1087 tres
434 1023 552 1106 figuras
573 1021 635 1104 ipsi
651 1021 796 1105 explicet,
820 1023 853 1087 in
876 1023 991 1106 quibus
1007 1030 1205 1108 apparuerat,
1230 1028 1262 1088 et
1276 1028 1368 1108 post-

197 1153 291 1214 quam
313 1128 456 1194 Ecclesia
478 1127 604 1191 iubente
632 1149 730 1190 unum
762 1127 844 1191 diem
866 1128 1031 1203 ieiunavit,
1062 1133 1196 1213 apparet
1218 1128 1247 1192 ei
1276 1131 1370 1192 nocte

195 1235 316 1298 iuvenis
346 1231 385 1312 (c.
411 1231 465 1310 lo)
496 1236 528 1295 et
556 1231 674 1296 revelat
703 1253 755 1309 ea,
789 1254 869 1315 quae
898 1233 1055 1317 quaesivit
1084 1231 1122 1314 (c.
1150 1230 1301 1313 11-13).
1325 1266 1370 1277 -

199 1338 324 1422 viginti
347 1338 456 1402 diebus
478 1340 552 1420 post
574 1336 740 1401 ambulans
762 1337 795 1401 in
818 1358 931 1421 agrum
953 1335 1048 1400 aliam
1078 1337 1194 1421 accipit
1215 1337 1369 1401 visionem

198 1441 277 1524 (Vis.
302 1441 370 1524 IV).
416 1441 512 1506 Videt
545 1440 680 1505 bestiam
713 1440 883 1505 maximam
916 1446 949 1506 et
981 1442 1165 1506 horribilem
1197 1442 1369 1508 habentem

195 1547 229 1611 in
253 1547 356 1630 capite
387 1550 537 1630 quattuor
559 1544 695 1622 colores,
727 1567 829 1628 neque
861 1550 967 1610 tamen
996 1546 1073 1610 mali
1096 1545 1216 1630 aliquid
1247 1547 1371 1631 patitur

198 1650 237 1731 (c.
256 1651 297 1734 1).
343 1651 515 1734 Postquam
539 1653 644 1713 autam
675 1654 778 1714 cetum
805 1650 984 1734 praeteriit,
1008 1649 1151 1715 Ecclesia
1173 1652 1202 1715 ei
1225 1658 1368 1736 apparet,

198 1762 310 1822 ornata
333 1757 424 1842 quasi
444 1757 535 1839 virgo
559 1757 597 1821 de
620 1756 762 1820 thalamo
784 1758 964 1839 procedens,
989 1760 1021 1820 et
1043 1757 1153 1820 laudat
1173 1755 1269 1819 fidem
1292 1757 1367 1819 eius.

197 1862 259 1927 Per
281 1863 362 1926 hanc
378 1862 471 1940 enim,
495 1862 548 1939 ait,
572 1860 748 1943 pericnlum
771 1882 842 1924 eum
858 1860 1025 1945 effugisse;
1048 1860 1183 1925 bestiam
1198 1882 1265 1925 esse
1284 1862 1369 1945 figu-

197 1988 266 2030 ram
280 1966 505 2049 persecutionis
527 1986 661 2049 magnae
676 1964 816 2043 futurae3
840 1966 983 2029 enuntiet
997 1965 1104 2029 electis
1120 1965 1190 2040 Dei,
1212 1986 1265 2028 eos
1279 1965 1369 2029 illam

198 2070 336 2153 effugere
359 2090 460 2153 posse,
485 2068 513 2132 si
534 2090 607 2132 vere
628 2068 855 2151 paenitemiam
876 2070 998 2153 egerint
1020 2074 1052 2133 et
1071 2069 1209 2133 Domino
1233 2070 1300 2134 sine
1323 2071 1369 2134 vi·

199 2174 397 2257 tuperatione
428 2173 592 2238 servierint
623 2172 662 2254 (c.
687 2169 730 2252 2).
776 2173 920 2256 Denique
954 2174 1073 2237 colores
1104 2174 1257 2258 explicat,
1292 2193 1369 2257 quos

198 2278 302 2342 bestia
324 2276 445 2352 habuit,
470 2280 502 2339 et
524 2277 591 2341 abit
614 2273 653 2354 (c.
671 2274 714 2357 3),
737 2298 800 2340 non
824 2277 959 2359 amplius
981 2299 1152 2342 reversura.

285 2381 461 2466 Postquam
474 2381 618 2444 Ecclesia
632 2380 783 2445 Hermam
805 2381 947 2458 erudivit,
971 2382 1059 2446 venit
1080 2382 1119 2445 ad
1142 2403 1215 2445 eum
1238 2381 1370 2465 angelus

200 2487 411 2571 paenitentiae
432 2487 466 2549 in
487 2484 599 2548 habitu
621 2483 775 2567 pastoris,
799 2485 913 2548 missus
936 2486 976 2549 ab
1000 2484 1114 2570 angelo
1137 2484 1370 2549 venerabilissi-

199 2613 267 2669 mo,
297 2596 335 2655 ut
361 2592 475 2654 itarum
498 2589 526 2653 ei
556 2588 750 2665 ostenderet,
784 2609 865 2671 quae
893 2588 1030 2667 viderat,
1063 2588 1371 2672 communicaretque

199 2696 348 2760 mandata
370 2699 401 2757 et
429 2692 649 2757 similitudines
673 2692 754 2774 (Vis.
778 2692 832 2774 V).
878 2692 1011 2758 Mandat
1033 2699 1156 2771 antem,
1180 2699 1217 2758 ut
1238 2695 1373 2759 firmiter

199 2801 232 2865 in
253 2799 357 2865 Deum
380 2800 487 2863 credat
510 2797 628 2879 (Mand.
649 2795 692 2876 Ι),
718 2802 755 2861 ut
777 2797 1033 2861 detrectationem
1064 2799 1169 2882 fugiat
1192 2803 1224 2862 et
1247 2799 1371 2883 simpli-

199 2906 276 2970 citer
298 2906 351 2969 det
372 2904 517 2968 omnibus
531 2902 747 2987 indigentibus
771 2900 838 2984 (Il),
862 2905 898 2965 ut
919 2923 1043 2985 semper
1056 2924 1165 2966 verum
1188 2902 1272 2967 dicat
1287 2901 1371 2984 (ΙΙΙ),

199 3013 236 3072 ut
257 3009 436 3073 castitatear
466 3007 623 3072 custodiat
645 3004 718 3088 (IV;
753 3006 823 3091 agit
853 3010 962 3070 auctor
992 3007 1089 3070 etiam
1111 3007 1149 3070 de
1181 3006 1317 3071 divortio
1340 3007 1372 3070 in

201 3134 276 3177 casu
299 3111 445 3175 adulterii
468 3134 493 3174 c.
520 3111 548 3188 1,
571 3113 693 3186 4-11;
718 3111 755 3174 de
775 3111 971 3194 paenitentia
986 3132 1012 3175 c.
1029 3112 1065 3185 3;
1092 3111 1287 3175 desecando
1302 3133 1371 3174 ma·

201 3215 348 3279 trimonio
371 3237 397 3278 c.
414 3214 466 3296 4),
498 3219 534 3279 ut
556 3214 746 3299 longanimis
775 3214 818 3277 sit
840 3217 871 3277 et
894 3215 934 3278 ab
956 3215 1118 3277 iracundia
1148 3235 1181 3277 se
1214 3215 1373 3279 abstineat

202 3317 269 3402 (V),
294 3323 330 3383 ut
350 3319 507 3384 iustitiam
529 3324 681 3395 exerceat,
704 3318 878 3402 nequitiam
900 3318 1005 3402 fugiat
1027 3318 1115 3401 (Vl),
1144 3323 1180 3381 nt
1202 3318 1308 3382 Deum
1330 3319 1372 3382 ti-

199 3429 293 3503 meat,
318 3424 478 3489 diabolum
492 3444 556 3487 non
578 3424 687 3487 timeat
704 3422 800 3505 (Vll),
824 3427 860 3485 ut
882 3444 901 3485 a
922 3422 1007 3485 malo
1030 3444 1063 3486 se
1079 3424 1246 3500 abstineat,
1270 3444 1373 3506 neque

200 3552 315 3595 veroa
342 3530 425 3593 bono
448 3526 571 3609 (VIII),
603 3532 640 3590 ut
671 3527 794 3591 auferat
816 3549 835 3589 a
857 3547 890 3589 se
920 3547 1044 3589 omnem
1075 3526 1293 3609 duplicitate1n
1322 3526 1374 3591 vel

203 3635 396 3699 dubietatem
418 3638 450 3698 et
473 3633 577 3697 animo
600 3632 736 3717 simplici
759 3631 896 3696 confidat
916 3629 949 3692 in
972 3628 1075 3692 Deum
1099 3628 1186 3712 (ΙΧ),
1210 3635 1247 3695 ut
1269 3630 1376 3716 fugiat

203 3740 365 3803 tristitiam
387 3739 558 3821 induatque
573 3736 766 3801 hilaritatem
782 3731 848 3815 (X),
871 3738 908 3797 ut
923 3733 1041 3796 devitet
1062 3733 1376 3818 pseudoprophetam

202 3839 282 3921 (ΧΙ),
305 3847 341 3905 ut
363 3840 458 3905 tollat
479 3864 499 3905 a
522 3861 554 3905 se
577 3860 668 3903 omne
684 3838 872 3902 desiderium
892 3836 1010 3899 malurn
1033 3841 1065 3900 et
1086 3838 1204 3901 serviat
1219 3837 1375 3902 desiderio

203 3945 295 4009 bono.
340 3945 377 4009 In
392 3946 443 4010 his
465 3944 623 4009 mandatis
639 3942 779 4007 ambulet
801 3946 834 4004 ct
856 3941 1018 4005 audientes
1033 3940 1186 4012 hortetur.
1211 3946 1247 4005 ut
1261 3942 1374 4025 paeni-

202 4048 334 4112 teutiam
360 4053 467 4134 agant.
513 4047 562 4111 Ea
585 4045 692 4109 facilia
714 4065 797 4122 esse,
827 4045 854 4108 si
877 4045 998 4121 credat,
1030 4066 1067 4108 ea
1089 4045 1239 4108 custodiri
1269 4066 1374 4127 posse.

203 4150 374 4216 Diabolum
394 4174 457 4217 non
478 4151 653 4216 timendum
676 4171 742 4213 esse
764 4148 819 4225 iis,
850 4149 902 4232 qui
926 4154 1055 4232 sperent
1077 4149 1110 4211 in
1132 4148 1244 4212 Deum.
1292 4148 1375 4213 Luc·

202 4256 264 4319 tari
285 4257 411 4340 quidem
439 4278 511 4321 eum
540 4277 646 4340 posse,
679 4274 780 4337 neque
808 4274 881 4317 vero
911 4254 1040 4316 vincere.
1088 4251 1280 4315 Timendum
1306 4274 1374 4316 esse
