2834 5018
485 630 554 684 SIM.
572 630 619 694 IX,
641 630 679 693 15,
697 631 793 693 4-16,
812 631 836 685 5.
1186 638 1248 703 609

73 811 241 875 dicationis
263 810 321 873 filii
344 810 402 874 dei.
449 810 478 873 5.
503 808 606 885 Quare
628 810 743 895 igitur,
775 811 921 895 inquam,
947 811 1085 890 domine,
1110 812 1248 897 virgines

71 914 133 979 hos
158 934 282 999 quoque
304 914 426 998 lapides
448 914 482 977 in
504 918 696 979 structuram
719 916 815 979 turris
838 919 1054 999 porrexerunt,
1078 916 1249 981 translatos

72 1043 132 1105 per
147 1023 298 1105 portam?
322 1021 351 1083 6.
376 1019 422 1083 Hi
439 1019 531 1095 enim,
548 1019 660 1102 inquit,
683 1020 778 1102 primi
797 1021 928 1104 spiritus
950 1020 1028 1083 istos
1042 1025 1250 1104 portaverunt

72 1129 106 1189 et
129 1124 256 1189 omnino
280 1123 361 1187 alius
384 1125 424 1188 ab
449 1123 511 1188 alio
534 1145 598 1186 non
620 1129 824 1201 recessemnt,
849 1145 907 1188 nec
927 1123 1057 1207 spiritus
1080 1125 1120 1189 ab
1143 1124 1247 1189 homi·

72 1227 167 1291 nibus
190 1249 247 1290 nec
269 1227 412 1292 homines
436 1251 455 1291 a
477 1227 659 1311 spiritibus,
684 1228 738 1291 sed
761 1232 1002 1311 permanserunt
1025 1229 1154 1313 spiritus
1178 1243 1275 1293 cum⁶

70 1331 138 1395 illis
160 1354 261 1415 usque
285 1333 325 1396 ad
347 1331 568 1396 dormitionem
583 1353 701 1396 eorum.
747 1332 820 1398 Nisi
843 1337 949 1398 eutem
963 1333 1022 1398 hos
1046 1334 1175 1417 spiritus
1198 1355 1248 1397 se·

71 1458 146 1500 cum
167 1437 361 1513 habuissent,
385 1459 450 1500 uon
473 1436 608 1500 fuissent
630 1437 724 1502 utiles
748 1439 787 1502 ad
810 1442 1000 1503 structuram
1027 1439 1121 1502 huius
1143 1439 1247 1503 turris.

163 1536 224 1605 16.
249 1540 373 1617 Adhuc,
398 1541 531 1618 domine,
555 1541 693 1624 inquam,
718 1543 898 1607 demonstra
912 1543 1000 1606 mihi.
1047 1542 1129 1619 Quid
1152 1565 1249 1626 quae·

70 1647 143 1710 ris?
166 1646 278 1730 inquit.
326 1644 439 1723 Quare,
463 1646 602 1729 inquam,
620 1646 752 1723 domine,
777 1645 897 1730 lapides
913 1648 950 1712 de
965 1648 1123 1732 profundo
1139 1669 1249 1711 ascen·

71 1751 186 1813 derunt
221 1754 254 1812 et
287 1749 320 1812 in
358 1754 517 1813 structura
552 1751 647 1813 turris
683 1751 780 1835 positi
816 1755 906 1829 sunt,
947 1774 1018 1817 cum
1054 1752 1249 1838 portaverint
1264 1771 1288 1807 1⁰

71 1855 132 1919 hos
156 1855 309 1938 spiritus?
341 1855 370 1918 2.
395 1853 533 1918 Necesse
554 1855 748 1932 habuerunt,
772 1857 892 1941 inquit,
920 1879 978 1940 per
1000 1879 1115 1940 aquam
1139 1879 1248 1921 ascen-

71 1960 155 2037 dere,
172 1964 208 2023 ut
230 1959 330 2023 uitam
346 1964 626 2043 consequerentur;
651 1959 744 2024 aliter
766 1961 849 2025 enim
864 1981 929 2025 non
947 1970 1106 2042 poterent
1120 1968 1250 2025 intrare

70 2072 108 2129 in
132 2083 269 2143 reanum
292 2065 356 2143 dei,
379 2063 440 2127 nisi
461 2054 689 2127 mortalitatem
704 2064 905 2147 deposuerint
927 2066 1010 2129 vitae
1033 2086 1107 2128 suae
1122 2065 1247 2149 prioris.

70 2171 102 2232 3.
128 2167 329 2251 Acceperunt
351 2188 425 2252 ergo
449 2172 481 2231 et
501 2167 565 2246 isti,
592 2169 646 2252 qui
669 2168 877 2245 dormierunt,
902 2168 1042 2253 sigillum
1064 2169 1123 2232 filii
1146 2169 1195 2233 dei
1217 2172 1249 2232 et

70 2279 282 2336 intrauerunt
303 2278 337 2335 r'n
360 2292 497 2352 requam
519 2276 593 2353 ἀρὴ·
613 2274 799 2357 priusquam
815 2272 907 2348 enim,
931 2274 1043 2357 inquit,
1068 2273 1164 2337 homo
1187 2294 1246 2337 no·
1262 2286 1286 2324 1⁶

69 2398 143 2441 men
167 2375 226 2439 filii
250 2376 299 2439 dei
321 2376 504 2460 portaverit,
528 2381 671 2441 mortuus
694 2381 761 2450 est;
797 2398 869 2441 cum
893 2381 998 2441 autem
1026 2378 1182 2460 acceperit
1205 2378 1249 2441 si:

69 2481 195 2567 gillmn,
221 2481 351 2564 deponit
364 2480 592 2545 mortalitatem
607 2486 639 2544 et
654 2481 784 2546 resumit
800 2481 907 2544 vitam.
954 2483 983 2544 4.
1009 2479 1158 2565 Sigillum
1173 2503 1249 2565 ergo

69 2590 121 2648 est
144 2607 244 2668 aqua;
269 2585 301 2648 in
328 2608 441 2669 aquam
465 2587 565 2669 igitur
588 2587 779 2650 descendunt
793 2587 911 2650 mortui
934 2591 966 2650 et
989 2588 1160 2651 ascendunt
1175 2588 1247 2651 vivi.

67 2690 116 2755 Et
138 2689 202 2754 illis
234 2711 310 2773 ergo
333 2690 549 2774 praedicatum
579 2695 628 2755 est
651 2689 710 2754 hoc
733 2690 876 2775 sigillum
905 2696 937 2755 et
959 2692 1008 2755 usi
1030 2695 1104 2755 sunt
1126 2712 1182 2768 eo,
1213 2695 1250 2755 ut

67 2800 296 2859 intrarentin
327 2814 464 2874 reustum
486 2797 550 2859 uer.
596 2797 625 2860 5.
650 2795 769 2872 Quare,
793 2796 938 2880 inquam,
973 2796 1110 2875 domine,
1145 2802 1177 2860 et
1198 2795 1247 2860 illi
1261 2815 1285 2851 20

69 2899 285 2984 quadraginta
307 2898 429 2981 lapides
453 2921 524 2963 cum
546 2899 585 2964 iis
609 2901 815 2964 ascenderunt
838 2901 875 2964 de
898 2901 1066 2984 profundo,
1091 2923 1162 2966 cum
1185 2901 1248 2964 iam

66 3003 257 3067 habuissent
279 3001 444 3086 sigillum?
475 3001 572 3079 Quia,
597 3003 715 3086 inquit,
745 3003 779 3066 hi
802 3004 940 3087 apostoli
963 3008 994 3068 et
1016 3005 1169 3080 doctores
1194 3004 1247 3086 qui

66 3128 185 3173 nomen
200 3106 258 3170 filii
280 3107 330 3170 dei
345 3107 616 3191 praedicaverunt,
640 3112 811 3192 postquam
826 3108 1020 3172 dormierunt
1041 3108 1074 3170 in
1088 3112 1246 3191 potestate

67 3217 103 3275 et
125 3210 186 3274 fide
208 3210 267 3273 filii
290 3211 348 3284 dei,
371 3212 411 3276 iis
435 3233 560 3296 quoque
583 3213 851 3296 praedicaverunt,
877 3213 930 3296 qui
953 3216 1026 3275 ante
1043 3211 1244 3287 dormierant,

144 3389 206 3443 141
225 3387 321 3442 loann.
339 3390 363 3452 3,
384 3390 411 3442 5.

66 3555 96 3608 p.
116 3537 167 3590 452
197 3535 233 3602 (oi
252 3535 404 3594 ἀπόστολοι
423 3535 527 3594 -οὐκ
551 3532 720 3616 εἷχον).]1ίῐ,
746 3538 816 3592 mihi
845 3555 903 3592 non
929 3539 1140 3605 persuaserunt.
1176 3535 1247 3589 Mihi

105 3625 128 3676 5.
148 3625 197 3694 ’tta
209 3621 364 3694 ἐσχηκότες]
378 3623 419 3678 cf.
435 3624 520 3679 Clem.
533 3623 575 3677 Al.
589 3624 645 3692 Hy·
671 3625 766 3693 potius
794 3627 806 3679 1
825 3626 899 3679 Petr.
918 3626 942 3687 3,
963 3622 994 3678 19
1021 3620 1095 3675 mals
1121 3620 1246 3675 intellec·

66 3711 166 3779 potyp.
186 3709 211 3762 V
232 3711 273 3764 ed.
293 3711 390 3765 Potter
412 3729 439 3780 p.
461 3711 542 3773 1016;
571 3711 645 3763 Tert.
671 3713 732 3764 tum
750 3711 837 3765 fuisse
856 3711 973 3765 videtur.
1009 3708 1109 3762 Petrus
1131 3708 1246 3775 quidem

65 3797 112 3851 De
133 3795 273 3866 baptismo
293 3813 315 3850 c.
331 3798 369 3850 12.
391 3797 430 3861 13,
449 3797 499 3850 ubi
516 3786 784 3887 legimualnonnisi
808 3799 842 3851 de
861 3796 967 3852 Christi
992 3796 1128 3848 descensu
1152 3795 1186 3848 ad
1205 3795 1246 3847 in-

67 3883 239 3937 Tertulliani
259 3885 385 3952 tempore
412 3882 591 3953 quaestiones
611 3883 645 3938 de
672 3882 746 3938 feros
771 3885 858 3938 rerba
884 3884 962 3937 fecit
1005 3881 1123 3935 Hermae
1151 3884 1245 3935 autem

65 3970 211 4039 baptismo
240 3972 433 4040 apostolorum
459 3969 562 4026 multos
587 3975 644 4026 tur·
657 3926 659 4009 l
672 3969 793 4026 fortasse
811 3971 887 4025 idem
905 3967 1047 4023 sentiebat
1066 3984 1099 4021 ac
1118 3969 1246 4023 Clemens

66 4059 397 4129 nasse-xopaeeec
409 4056 439 4115 ἐν
451 4059 562 4128 δυνάμει
574 4058 644 4127 κτλ]
673 4058 756 4121 Alex„
784 4060 833 4129 qui
860 4059 947 4130 (solus
973 4058 1005 4110 ut
1026 4056 1150 4124 videtur)
1176 4053 1246 4108 illud

68 4145 112 4200 Cf.
132 4162 156 4197 v.
177 4146 200 4197 7.
219 4175 254 4184 —
274 4153 324 4201 τοῦ
342 4142 412 4213 υἱοῦ]
432 4145 584 4200 Genetirus
597 4146 644 4199 ob·
656 4152 659 4272 p
671 4145 909 4216 theologumenon
927 4143 1041 4214 recepit,
1062 4142 1173 4197 scilicet
1191 4160 1245 4197 mo·

66 4233 204 4294 iectivns;
224 4233 259 4284 cf.
280 4229 356 4284 Zahn
374 4229 391 4283 l.
411 4247 432 4284 c.
451 4249 478 4301 p.
493 4231 542 4286 149
556 4249 596 4299 sq.
611 4263 644 4271 —
669 4234 787 4303 pistmm
812 4236 947 4288 imitantes
971 4230 1116 4300 apostolos
1145 4229 1182 4281 ad
1205 4229 1245 4281 in·

67 4318 203 4394 ἐκήρυξαν
228 4341 253 4375 κ.
279 4339 302 4375 τ.
331 4319 454 4390 sponsa]
484 4318 559 4373 Zahn
583 4319 600 4372 l.
621 4337 643 4373 c.
671 4318 746 4373 feros
765 4319 941 4374 descendisse
960 4319 1071 4385 (Strom
1091 4316 1137 4381 Vl,
1156 4318 1180 4381 6,
1202 4317 1244 4371 45.

66 4425 95 4477 p.
114 4408 253 4461 449-452
272 4405 399 4469 coniecit,
419 4404 551 4460 Hermam
570 4405 644 4459 hanc
655 4382 658 4505 l
669 4407 704 4460 46
714 4424 742 4475 p.
752 4407 803 4460 763
813 4406 874 4474 sq.).
894 4403 1064 4474 Hippolytus
1074 4403 1116 4458 De
1126 4403 1244 4457 entichr.

67 4495 225 4548 doctrinam
250 4509 284 4546 ex
303 4491 387 4546 Hebr.
407 4494 446 4555 12,
465 4495 505 4547 22.
525 4492 558 4548 23
577 4493 643 4547 hau·
671 4507 693 4544 c.
711 4493 746 4545 45
765 4495 794 4546 et
811 4492 994 4563 Evangelium
1014 4490 1160 4544 Nicodemi
1176 4489 1206 4543 P.
1219 4489 1245 4544 II

67 4582 145 4635 sisse.
183 4581 236 4634 Sed
256 4584 437 4649 argumenta,
456 4596 529 4647 quae
547 4581 643 4649 protu-
671 4596 692 4634 c.
706 4578 732 4631 ΙΙ
744 4578 865 4648 (XVIII),
885 4580 957 4646 2sq.
974 4576 1079 4631 similia
1094 4577 1128 4631 de
1140 4578 1245 4631 Ioanne

119 4687 138 4725 1⁴¹
148 4698 162 4725 n
172 4698 187 4725 n
197 4687 225 4736 k,
239 4687 320 4726 Patres
335 4689 409 4734 apost.
429 4684 464 4725 ed.
479 4685 512 4724 11.
995 4668 1036 4733 39
