2834 5018
185 308 333 375 omn
626 303 908 361 aaoaaaouaua

182 483 319 549 binson1
343 484 494 548 Hennam
522 484 567 548 ibi
588 488 699 548 natum
729 483 827 547 fuisse
859 482 1021 547 conclusit.
1068 482 1181 548 Altera
1203 506 1241 548 ex
1264 490 1356 568 parte

183 585 339 654 Nirschl¹
362 589 512 653 Hermam
536 589 719 673 episcopum
742 588 911 653 Cumarum
937 587 1035 651 fuisse
1057 609 1074 651 e
1096 588 1178 654 libro
1202 611 1356 672 apparere

183 694 316 778 putavit.
362 693 442 758 Mihi
463 694 542 758 illud
565 695 695 758 dubium
719 692 771 775 (cf.
789 692 864 756 Sim.
882 692 938 768 IX,
956 694 984 768 1,
1001 694 1022 756 4
1037 694 1128 772 not),
1152 693 1213 758 hoc
1227 695 1356 758 omniuo

185 798 301 862 falsum
334 820 402 863 esse
432 799 564 862 videtur.
610 799 718 863 Etiam
753 798 856 881 magis
885 798 1040 862 sententia
1071 799 1268 882 reprobanda
1297 804 1356 874 est,

185 926 279 989 quarn
302 903 342 967 H.
367 901 479 966 Lisco³
502 904 681 986 nuperrime
704 902 884 986 proposuit,
915 901 1036 966 scilicet
1058 923 1110 979 ea,
1139 924 1219 985 quae
1244 905 1280 967 de
1304 925 1356 967 ec·

185 1008 281 1072 clesia
304 1006 447 1071 Romana
476 1007 695 1090 antiquissima
723 1006 815 1070 nobis
845 1006 968 1085 tradita,
991 1011 1080 1082 sunt,
1115 1029 1178 1071 non
1210 1009 1247 1071 de
1279 1008 1357 1071 urbe

184 1112 306 1189 Italiae,
331 1112 385 1175 sed
409 1111 446 1175 de
468 1112 594 1195 regione
617 1111 704 1175 urbis
726 1110 847 1194 Ephesi
869 1110 1057 1174 occidentali
1078 1110 1129 1174 vel
1151 1132 1259 1174 versus
1281 1133 1356 1194 por-

185 1221 253 1281 tum
275 1216 353 1293 sita,
384 1237 479 1298 quarn
508 1215 604 1278 etiam
626 1215 761 1279 Romam
783 1213 978 1298 appellatam
1006 1214 1103 1279 fuisse
1125 1217 1283 1299 opinatur,
1307 1217 1357 1279 in·

185 1320 363 1405 tellegenda
385 1325 479 1403 atque
503 1320 542 1383 ad
565 1319 646 1383 hanc
668 1319 804 1383 Hermae
826 1317 992 1382 Pastorem
1013 1318 1211 1384 referendum
1234 1341 1311 1384 esse.

744 1515 800 1580 HI.

272 1684 420 1748 Editores
434 1684 554 1768 priores
577 1683 774 1767 scripturam,
791 1683 910 1766 quippe
933 1704 1013 1766 quae
1028 1683 1172 1761 visiones,
1198 1686 1356 1761 mandata,

186 1789 408 1854 similitudines
424 1788 594 1862 contineat,
617 1787 650 1850 in
673 1791 737 1850 tres
758 1786 858 1850 libros
873 1786 1045 1850 diviserunt
1068 1793 1099 1851 et
1121 1789 1258 1853 secundo
1274 1789 1357 1855 libro

186 1895 236 1959 vel
252 1892 410 1958 Mandatis
426 1892 590 1957 Visionem
613 1891 757 1975 quintam
779 1896 943 1974 tamquam
965 1891 1161 1976 prooemium
1183 1895 1356 1976 praemise-

187 2001 269 2063 runt.
315 1997 437 2060 Auctor
458 1997 526 2080 ipse
549 1996 642 2060 aliter
664 1994 784 2059 dividit.
830 1994 864 2059 Si
886 1997 969 2059 enirn
992 1995 1060 2059 Vis.
1077 1995 1116 2073 V,
1135 1998 1201 2062 5.6
1226 2003 1257 2063 et
1281 1998 1356 2063 Sim.

185 2103 239 2179 IX,
258 2104 285 2179 1,
305 2104 341 2176 1;
365 2102 404 2178 X,
424 2102 486 2178 1,l
512 2101 695 2184 respexeris,
718 2100 867 2176 invenies,
892 2122 963 2163 eum
985 2099 1131 2165 Visiones
1153 2102 1260 2166 I—IV
1282 2126 1357 2186 par-

186 2210 251 2270 tem
281 2206 354 2270 libri
383 2207 535 2289 priorem,
567 2205 720 2269 Mandata
752 2210 784 2269 et
806 2204 1032 2269 Similitudines
1054 2205 1159 2270 I-[X
1193 2230 1257 2271 una
1287 2231 1359 2272 cum

187 2309 366 2375 VisioneV
398 2314 561 2394 tamquam
591 2309 789 2393 praefatione
821 2314 946 2391 partem
980 2309 1112 2373 alteram
1145 2311 1293 2376 habuisse
1329 2317 1359 2376 et

188 2414 432 2479 Similitudinem
447 2413 477 2477 Χ
498 2414 585 2478 velut
601 2413 763 2497 epilogum
778 2413 936 2477 adiecisse.
982 2413 1019 2477 In
1034 2414 1091 2478 illa
1110 2419 1200 2498 parte
1216 2415 1360 2480 Ecclesia

187 2518 290 2582 erudit
312 2518 472 2595 Hermam,
495 2518 528 2581 in
550 2517 610 2581 hac
633 2521 741 2599 pastor
763 2515 813 2579 vel
836 2517 968 2600 angelus
990 2519 1212 2602 paenitentiae.
1259 2520 1357 2585 Prae-

187 2628 274 2686 terea
303 2644 377 2706 pars
407 2622 507 2685 altera
536 2620 606 2704 ipsa
638 2620 795 2683 dividitur.
841 2619 1001 2685 Mandatis
1032 2626 1064 2685 et
1092 2621 1359 2689 similitudinibus

188 2725 327 2790 I—VIII
348 2732 511 2810 tamquam
526 2725 611 2809 parti
633 2724 732 2808 priori
747 2721 926 2787 Similitudo
941 2723 988 2788 IX
1003 2725 1090 2790 velut
1112 2749 1186 2810 pars
1202 2729 1361 2812 posterior

188 2833 379 2916 adiungitur.
426 2830 573 2895 Fortasse
589 2829 685 2892 etiam
705 2850 780 2912 pars
795 2829 907 2911 prima,
931 2833 967 2891 ut
982 2828 1073 2894 Zahn
1096 2833 1257 2896 contendit
1282 2832 1315 2914 (Ι.
1334 2856 1359 2898 c.

188 2961 218 3021 p.
245 2939 308 3002 276
331 2938 407 3022 sq.),
439 2938 478 3001 ab
502 2939 628 2999 auctore
657 2933 690 2996 in
713 2933 790 2996 duas
817 2932 981 3009 dividitur,
1012 2956 1145 3017 quarum
1173 2936 1277 3019 prima
1300 2937 1359 3003 Vi-

189 3043 292 3106 siones
314 3040 330 3104 I
353 3045 385 3104 et
406 3040 447 3115 Π,
472 3039 572 3103 altera
593 3037 740 3101 Visiones
763 3036 811 3100 ΠΙ
826 3042 858 3100 et
873 3037 920 3101 IV
942 3039 1167 3123 complectitur.
1216 3040 1279 3106 Sed
1299 3043 1361 3109 hoc

188 3145 268 3209 mihi
288 3166 351 3208 non
375 3149 494 3208 certum
517 3163 585 3206 esse
608 3141 740 3204 videtur.

276 3248 366 3312 Duae
388 3252 495 3332 partes
517 3246 673 3311 artissime
694 3246 776 3309 inter
798 3266 832 3308 se
855 3244 1022 3309 cohaerent
1044 3250 1076 3310 et
1098 3270 1195 3312 unum
1211 3251 1361 3316 eundern·

263 3455 275 3506 1
295 3452 322 3504 Α
343 3451 477 3506 Collatinas
495 3452 528 3520 os
543 3455 586 3508 the
603 3455 690 3508 Athos
710 3453 798 3507 Godca
818 3452 884 3506 1888
902 3471 929 3522 p.
948 3453 1059 3509 30-36.

259 3540 276 3591 2
293 3539 434 3592 chrbacb
451 3540 498 3594 der
515 3540 667 3609 Petreioque
684 3539 809 3610 10881),
821 3540 933 3594 84-84.
970 3539 1081 3595 Nirschl
1094 3540 1228 3595 Hermam
1246 3543 1362 3612 insuper

192 3624 283 3677 vnum
310 3625 498 3694 apostolicum
524 3626 568 3680 vel
588 3643 605 3679 a
623 3627 712 3681 Paulo
740 3628 893 3681 salutatum
919 3631 947 3681 et
970 3627 1119 3695 aequalem
1137 3628 1290 3683 Clementis
1309 3629 1362 3683 Ro·

189 3709 266 3763 mani
284 3711 378 3765 habet.

260 3797 276 3849 3
294 3798 383 3852 Roma
401 3799 558 3870 peregrina,
577 3799 699 3854 Berolini
719 3801 792 3855 1901.
828 3802 917 3864 Addo,
936 3800 1038 3854 librum
1063 3802 1242 3871 singularem,
1262 3805 1312 3873 qui
1330 3822 1362 3859 eo

192 3882 304 3938 demum
323 3886 458 3955 tempore,
475 3902 530 3954 quo
549 3887 602 3940 hae
620 3887 743 3958 paginae
762 3888 838 3956 typis
856 3889 1093 3957 exprimebantur,
1113 3890 1149 3943 ad
1166 3907 1211 3945 me
1224 3893 1362 3961 pervenit,

192 3971 227 4023 ad
247 3971 317 4025 alias
336 3989 449 4040 quoque
466 3976 578 4045 patrum
597 3973 818 4043 apostolicorum
837 3975 990 4043 scripturas
1014 3978 1149 4044 spectare.
1186 3977 1268 4033 Lisco
1288 3980 1362 4034 enim

193 4055 365 4112 Clementem
383 4061 578 4129 presbyterum
595 4061 701 4114 Romae
721 4077 805 4129 quam
824 4064 908 4115 vocat
920 4061 1079 4132 Ephaainae
1098 4065 1193 4129 habet,
1212 4070 1242 4120 et
1260 4066 1291 4120 in
1310 4069 1363 4121 hac

192 4144 260 4196 urbe
278 4144 337 4197 eius
356 4145 510 4214 epistulam
528 4147 565 4200 ad
577 4147 736 4202 Corinthios
756 4152 841 4216 atqua
860 4149 1007 4204 homiliam
1026 4151 1084 4206 eius
1101 4170 1204 4207 nomen
1223 4156 1362 4210 ferentem

192 4231 385 4300 compositam,
405 4232 435 4285 in
454 4233 552 4287 eadem
570 4235 712 4305 Ignatium
728 4251 842 4305 passum
861 4237 954 4290 fuisse.
