2834 5018
182 342 247 407 274
616 331 758 387 IGNATII
774 331 951 388 EPISTULA

183 507 464 596 μεμαρτυρημένον,
490 508 523 582 ὃς
545 509 598 570 καί
622 517 675 571 νῦν
699 507 731 571 ἐν
754 507 838 591 λόγῳ
863 511 940 574 θεοῦ
957 509 1101 595 ὑπηρετεῖ
1122 531 1173 593 μοι
1196 513 1262 594 ἅμα
1278 509 1358 594 Ῥίῳ

184 613 396 699 Ἀγαθὸποδι,
431 611 517 693 ἀνδρί
542 611 700 695 ἐκλεκτῷ,
733 614 766 688 ὃς
790 614 852 675 ἀπὸ
874 612 987 696 Συρίας
1010 637 1061 698 μοι
1085 615 1258 681 ἀκολουθεῖ
1281 617 1358 679 ἀπο-

184 719 353 803 ταξάμενος
379 726 422 802 τῷ
446 717 519 802 βίῳ,
553 716 583 780 οἳ
604 719 658 780 καί
689 727 893 800 μαρτυροῦσιν
916 718 1002 801 ὑμῖν,
1035 720 1124 802 κάγὼ
1148 727 1192 803 τῷ
1216 722 1284 804 θεῷ
1309 722 1358 784 εῦ-

183 832 320 908 χαριστῦ
343 823 420 905 ὑπὲρ
442 822 538 905 ὑμῶν,
563 824 609 885 δτι
632 821 786 900 ἐδέξασθε
809 823 937 903 αὐτούς,
959 823 1001 900 ὡς
1024 826 1077 887 καί
1101 825 1180 908 ὑμᾶς
1203 826 1220 887 ὁ
1243 826 1357 909 κύριος.

158 928 212 992 οοί
235 930 269 992 δὲ
292 928 496 1010 ἀτιμάσαντες
529 928 639 1002 αὐτοὺς
662 926 898 1012 λυτρωθείησαν
927 928 959 992 ἐν
982 939 1021 1012 τη
1042 929 1145 1012 χάριτι
1173 938 1227 992 τοῦ
1252 928 1357 1014 Ἰησοῦ

183 1035 328 1115 Χριστοῦ.
374 1037 403 1098 2.
429 1031 601 1110 ἀσπάζεται
616 1031 696 1114 ὑμᾶς
718 1032 739 1115 η
762 1033 868 1117 ἀγάπη
891 1041 952 1096 τῶν
976 1032 1122 1116 ἀδελφῶν
1138 1041 1200 1096 τῶν
1224 1033 1256 1096 ἐν
1269 1032 1357 1117 Τρω-

183 1139 243 1215 άδι,
267 1140 345 1203 ὅθεν
367 1139 420 1200 καί
443 1138 555 1222 γράφω
578 1136 647 1220 ὑμῖν
670 1136 722 1200 διὰ
736 1135 876 1219 Βοῦρρου
899 1136 1098 1221 πεμφθέντος
1122 1139 1188 1220 ἅμα
1211 1137 1279 1220 ἐμοί
1296 1139 1357 1202 ἀπὸ

182 1240 336 1325 Ἐφεσίων
359 1243 410 1304 καί
426 1240 608 1325 Σμυρναίων
631 1241 674 1317 είς
697 1240 790 1325 λίγον
807 1252 904 1326 τιμης.
950 1242 1069 1326 τιμήσει
1086 1243 1197 1317 αὐτοὺς
1221 1243 1357 1326 ὁκίιριος

184 1346 304 1430 Ἰησοῦς
327 1346 469 1427 Χριστός,
493 1347 536 1422 είς
559 1348 593 1410 ὃν
617 1345 794 1424 ἐλπίζουσιν
817 1347 917 1428 σαρκί,
942 1346 1037 1430 ψυχη,
1061 1347 1222 1430 πνεύματι,
1245 1347 1355 1425 πίστει,

145 1470 170 1510 ιο
184 1451 300 1535 ἀγάπῃ,
325 1449 461 1533 ὁμονοίᾳ.
485 1451 627 1533 ἔρρωσθε
650 1449 682 1513 ἐν
699 1453 822 1534 Χριστῷ
839 1453 952 1536 Ἰησοῦ,
976 1462 1014 1535 τη
1028 1461 1121 1535 κοινη
1144 1451 1244 1515 ἐλπίδι
1258 1452 1356 1536 ἡμῶν.

573 2024 776 2076 ΣΜΥΡΝΑΙΟΙΣ
795 2024 961 2077 ΙΓΧΑΤΙΟΣ.

272 2198 439 2283 Ἰγνάτιος,
472 2200 563 2263 ὁκαὶ
589 2199 763 2281 Θεοφίρος,
796 2197 950 2284 ἐκκλησίᾳ
973 2202 1052 2265 θεοῦ
1082 2201 1197 2281 πατρὸς
1226 2201 1278 2261 καί
1304 2208 1354 2262 τοῦ

314 2304 515 2389 ηγοιπημὲνου
539 2303 644 2389 ’Ἰησοῦ
660 2301 807 2385 Χριστοῦ,
831 2303 986 2387 ίγλεημὲνη
1010 2303 1042 2367 ἐν
1065 2305 1156 2366 παντί
1179 2303 1353 2387 χαρίσματι,

315 2408 541 2493 πεπληρωμένη
565 2409 597 2472 ἐν
619 2407 719 2471 πίστει
742 2408 795 2469 καί
819 2408 936 2491 ἀγάπη,
961 2406 1157 2490 άνυστερήτῳ
1181 2410 1260 2491 οῦση
1283 2428 1354 2470 ποιν-

146 2538 171 2576 ιι
316 2515 366 2588 τὸς
388 2512 587 2597 χαρίσματος,
612 2511 869 2594 θεοπρεπεστάτη
893 2513 945 2574 καί
970 2511 1137 2595 άγιοφὸρῳ,
1162 2521 1201 2595 τη
1224 2514 1302 2595 οῦση
1325 2510 1354 2574 ἐν

315 2618 439 2702 Σμύρνη
466 2628 519 2701 της
542 2616 668 2695 Ἀσίας,
699 2614 731 2678 ἐν
761 2613 881 2699 ἀμώμῳ
910 2614 1060 2697 πνεύματι
1089 2616 1142 2677 καί
1170 2614 1256 2700 λόγῳ
1280 2619 1355 2682 θεοῦ

315 2723 445 2786 πλεῖστα
468 2721 595 2805 χαίρειν.

254 2831 295 2895 Ἰ.
322 2827 449 2906 Δοξάζω
482 2826 604 2910 Ἰησοῦν
634 2823 769 2906 Χριστὸν
800 2825 853 2886 τὸν
886 2824 962 2888 θεὸν
992 2825 1044 2885 τὸν
1075 2825 1173 2898 οὕτως
1204 2823 1284 2906 ὑμᾶς
1307 2843 1355 2884 σο-

185 2933 334 3017 φίσαντοι·
370 2932 484 3015 ἐνόησα
516 2932 576 3013 γάρ
605 2929 684 3012 ὑμᾶς
720 2927 980 3012 κατηρτισμένους
1013 2927 1044 2991 ἐν
1077 2927 1214 3011 ἀκινήτῳ
1247 2927 1355 3003 πίστει,

145 3063 170 3102 ιο
185 3039 289 3119 ὥσπερ
320 3035 569 3120 καθηλωμέναις
599 3033 631 3098 ἐν
654 3041 698 3116 τῷ
730 3040 853 3115 σταυρῷ
876 3040 930 3094 τοῦ
960 3031 1068 3114 κυρίου
1093 3030 1197 3115 Ἰησοῦ
1220 3029 1355 3113 Χριστοῦ

185 3142 277 3224 σαρκί
300 3162 333 3203 τε
356 3142 409 3202 καί
441 3139 591 3222 πνεύματι
614 3141 666 3201 καί
700 3136 910 3222 ἡδρασμένους
934 3136 965 3200 ἐν
997 3138 1103 3220 ἀγάπη
1127 3137 1160 3201 ἐν
1184 3145 1227 3220 τῷ
1252 3139 1356 3220 αἵματι

257 3303 269 3355 1
285 3297 359 3372 ιΡίιρ
378 3295 450 3351 GLA
463 3314 469 3347 :
483 3294 570 3371 Γαυίη
587 3298 633 3351 καί
651 3312 682 3363 g,
712 3292 782 3348 Guio
802 3294 831 3346 et
848 3292 871 3357 l,
895 3292 983 3367 ‘vaip
1002 3309 1046 3345 em
1064 3291 1182 3359 Lightt,
1200 3292 1236 3363 «Ι-
1248 3295 1357 3367 ἀδελφῷ

183 3392 229 3443 καί
248 3388 271 3440 Α
296 3388 299 3455 Ι
327 3386 369 3452 un
383 3382 455 3457 Ῥίῳ
474 3381 648 3454 Ἀγαθόποδι
667 3380 806 3437 L:‘Pe'w·
829 3383 888 3452 'Ap
910 3381 934 3434 t}
959 3381 962 3447 Ι
989 3381 1005 3433 6
1023 3379 1151 3450 άδελφῶν
1164 3397 1170 3431 x
1184 3381 1332 3437 πολλῶνΙι
1352 3380 1355 3448 Ι

185 3477 199 3529 7
220 3473 349 3545 Βοίργου
359 3490 384 3540 g,
400 3470 558 3543 ΒούρδουΑ
575 3470 579 3538 Ι
595 3469 611 3521 9
624 3467 778 3538 ἐλπίζουσιν
789 3467 832 3538 Gg
846 3486 852 3518 :
866 3487 944 3523 -ωοιν
954 3467 982 3527 L,
996 3467 1067 3532 >A
1083 3467 1086 3535 Ι
1103 3466 1239 3535 πνεύματι
1249 3467 1358 3536 Lg(A):

184 3565 218 3627 >
231 3562 255 3615 G
272 3561 275 3629 Ι
294 3562 323 3614 11
344 3557 408 3630 ’va-
424 3562 477 3626 Σμ.
491 3556 530 3608 L:
547 3560 602 3612 Τοῦ
620 3552 700 3626 ἁγίου
718 3557 855 3626 ’ίγνατίου
868 3552 947 3611 &aaut
960 3557 1127 3626 Σμυρναίοις
1141 3552 1164 3606 G
1180 3556 1184 3620 Ι
1203 3555 1236 3608 18
1254 3555 1359 3624 δοξάζω

185 3647 253 3702 Luc
265 3664 284 3717 g
294 3647 346 3701 Sev
359 3665 366 3699 ι
379 3645 501 3714 δοξάζων
519 3642 543 3696 G
564 3641 641 3696 Zahn
657 3643 661 3713 Ι
678 3639 809 3708 otiare>
827 3641 848 3693 L
864 3642 867 3711 Ι
884 3639 918 3692 ‘20
936 3643 1031 3712 κυρίου
1044 3640 1077 3709 -Ι-
1090 3642 1169 3709 ἡμῶν
1187 3640 1238 3709 ug

220 3768 265 3831 XI,
287 3770 308 3821 1.
329 3767 358 3825 ἐν
385 3768 459 3840 λόγῳ
487 3765 566 3834 θεοῦ]
594 3764 799 3881 ΒοερίοἱουοΙο
819 3763 952 3816 contextu
965 3762 1053 3829 putet.
1092 3760 1133 3815 ef.
1148 3761 1202 3814 Sm.
1217 3761 1258 3823 10,
1274 3764 1296 3816 1.
1317 3765 1360 3816 An

185 3856 348 3913 s1n.10.1:
379 3853 418 3920 εἰς
436 3854 521 3924 λόγον
539 3858 609 3909 θεοῦ
627 3850 674 3921 (cf.
693 3849 858 3903 Phi-idem
876 3849 963 3902 fuerit
989 3864 1021 3901 ου
1045 3847 1092 3900 ille
1111 3848 1298 3918 Agathopus.
1325 3850 1360 3904 ad

185 3942 253 4011 lipp.
272 3944 297 4005 4,
316 3942 358 4009 ΠΙ
377 3940 453 3993 Zahn
472 3939 686 4007 interpretatur:
706 3934 758 3988 Dei
770 3996 772 4017 Ι
785 3954 868 4003 quem
881 3935 1048 3988 Valentinus
1067 3934 1227 3987 haereticus
1247 3936 1361 4007 scripsit

186 4045 277 4082 causa.
316 4027 466 4092 Quaeritur
491 4031 602 4086 autem,
630 4041 696 4077 nuin
715 4021 757 4091 Ig·
770 4048 773 4089 !
784 4024 882 4092 (Clem.
894 4024 993 4075 Stroni.
1004 4020 1050 4075 ΙΙΙ.
1065 4022 1088 4082 ί,
1100 4021 1133 4073 59
1146 4038 1172 4090 p.
1184 4021 1255 4092 538),
1276 4040 1361 4090 quae-

187 4116 281 4168 nutius
299 4116 350 4169 illu
362 4115 449 4168 verbu
467 4114 564 4168 eodem
578 4128 662 4166 seusu
680 4127 757 4162 usur·
783 4113 862 4165 ritur.

187 4203 297 4270 paverit
329 4219 384 4268 quo
418 4202 495 4255 hunc.
525 4231 561 4240 -
588 4197 655 4272 Ῥίῳ
686 4194 773 4281 'Ay-h
820 4199 843 4249 ⁶2.
865 4196 1001 4271 Βοῦρρον]
1031 4196 1072 4249 cf.
1102 4192 1171 4262 Eph.
1192 4195 1217 4255 2,
1240 4198 1268 4256 1;
1305 4198 1360 4252 Sin

190 4286 277 4340 Unius
291 4288 571 4352 hominisutrumque
583 4300 685 4339 nomen
698 4296 758 4337 esse
770 4288 773 4340 ί
787 4285 825 4347 12,
847 4286 868 4337 l.
898 4315 932 4322 -
959 4282 997 4349 εἰς
1014 4284 1100 4353 λόγον
1120 4280 1154 4350 π]
1175 4281 1217 4335 Cf.
1238 4281 1362 4354 Philipp
