2834 5018
171 302 216 366 VI
615 293 897 350 PROLEGOMENA.

172 490 225 527 con
238 494 272 519 =
285 471 395 527 conicit.

172 560 226 614 edd
244 579 278 630 pr
290 584 325 608 =
337 561 461 616 editores
478 558 593 630 priores.

172 665 216 701 em
231 670 264 695 =
276 647 402 710 emendo,
421 648 588 702 emendavit.

170 752 268 805 praem
279 759 314 783 =
327 735 493 806 praemittit,
512 734 706 805 praemittunt.

170 840 252 892 pr:
263 823 392 893 primum.

170 930 204 981 pr
222 930 250 965 m
262 933 297 958 =
309 912 400 981 prima
417 927 526 964 manua.

171 1014 217 1052 see
230 1020 264 1045 =
278 997 439 1051 seeundum.

171 1103 217 1140 aec
234 1104 263 1139 m
275 1107 310 1133 =
322 1086 446 1140 secunda
463 1102 570 1138 manus.

170 1175 227 1228 tert
240 1173 412 1226 :tertium

170 1260 218 1315 PG
231 1283 266 1308 =
278 1258 458 1328 Patrologiae
478 1275 548 1312 curs.
568 1257 724 1328 completus
743 1258 786 1313 ed
806 1258 902 1328 Migne
921 1258 1007 1313 series
1026 1274 1135 1329 graecu

170 1347 262 1402 PL:
361 1388 372 1412 „
499 1388 510 1411 „
633 1389 644 1412 „
756 1386 767 1410 „
843 1389 853 1412 ,
947 1387 957 1409 ,,
1026 1346 1122 1399 latinu

170 1434 202 1490 G.
217 1434 248 1487 G.
261 1435 293 1485 A.
307 1454 342 1481 =
356 1433 540 1502 Get-lingiacho
555 1433 668 1501 paletria
685 1434 829 1503 Anaeipea.

172 1520 272 1575 Winer
283 1543 317 1567 =
332 1519 436 1583 Winer,
456 1520 626 1575 Grammatit
643 1520 690 1574 des
707 1520 984 1574 muteatammrtlietea
1003 1518 1207 1588 Spraehedioma
1229 1518 1271 1572 ed.
1292 1518 1344 1573 VII

241 1607 325 1667 1867;
345 1607 386 1660 ed.
406 1605 471 1660 VIII
489 1608 566 1675 (pars
586 1607 651 1675 155
671 1606 766 1676 1-16)
785 1624 840 1660 eur.
861 1606 1021 1661 Schmiedel
1041 1607 1117 1661 1894.

169 1694 243 1758 ΗοΙΙ,
262 1694 429 1765 Fragmente
441 1717 476 1742 :z
488 1694 520 1747 K.
540 1693 622 1757 Holl‚
650 1694 812 1763 Frapmente
835 1696 883 1749 der
905 1696 1126 1750 vomchnisclren
1149 1694 1345 1748 Kiretener'iter

239 1798 291 1837 aaa
309 1783 361 1837 den
388 1782 474 1836 Sacra
491 1779 632 1835 Parallela
652 1780 726 1834 1899.
766 1782 844 1836 Terta
869 1783 929 1836 und
959 1782 1196 1850 Untereuehunpen
1221 1797 1273 1834 rur
1293 1779 1344 1834 Ge·

239 1871 354 1924 adsistite
372 1871 420 1924 der
437 1870 647 1923 ultclm'sttictea
665 1868 818 1923 Litteratur
834 1867 896 1921 edd.
912 1869 943 1923 Ο.
962 1869 996 1921 de
1010 1867 1156 1922 Gebhardt
1175 1870 1203 1921 et
1221 1868 1253 1919 A.
1274 1865 1343 1919 Har·

239 1957 313 2009 nack
331 1957 389 2019 XX,
409 1958 432 2019 2,
454 1954 538 2009 series
557 1970 632 2009 nova
649 1955 683 2016 V,
702 1955 725 2006 2.

171 2043 274 2112 Ropes
293 2042 415 2111 Sprrtcte
426 2065 460 2090 =
472 2043 496 2097 J.
516 2041 549 2095 H.
569 2043 671 2111 Ropes,
691 2042 745 2097 Ds‘e
758 2042 876 2111 Sprdcte
888 2044 963 2111 er,
983 2044 1026 2097 die
1044 2044 1075 2096 in
1093 2044 1144 2096 den
1162 2042 1344 2096 tanontschea

240 2130 406 2199 Eeauqelien
433 2131 507 2184 nield
532 2131 684 2197 dherliesert
710 2130 775 2183 sind
800 2129 874 2183 1896.
913 2131 991 2184 Teste
1017 2130 1076 2183 esriel
1107 2129 1343 2197 Ualersachuapea

240 2218 292 2269 eto.
311 2214 383 2279 XIV,
402 2217 425 2269 2.

654 2411 862 2423 ----“,.

338 2566 565 2633 DOCTRINA
587 2566 819 2634 DUODEOIM
843 2565 1175 2633 APOSTOLORUM.

766 2742 790 2805 Ι.

257 2879 319 2944 Hic
341 2879 468 2946 libellus
490 2886 563 2946 ante
585 2904 687 2966 pauca
709 2881 810 2945 lustra
833 2882 959 2945 demum
981 2902 998 2944 e
1018 2881 1156 2944 tenebris
1172 2880 1345 2945 bibliothe-

169 3007 276 3049 carum
298 2985 331 3050 in
353 2985 455 3050 lucem
477 2987 605 3070 prodiit,
638 2986 775 3071 reliquas
799 2992 905 3049 autem
928 2984 1112 3069 scripturas,
1145 3006 1226 3069 quae
1251 2985 1345 3049 disei-

167 3089 253 3173 pulis
277 3089 494 3173 apostolorum
520 3090 571 3155 vel
593 3090 739 3174 patribus
762 3089 945 3174 apostolicis
969 3089 1162 3154 attribuendi
1184 3094 1267 3166 sunt,
1292 3112 1345 3153 ae·

169 3197 236 3257 tate
258 3215 408 3277 superare
431 3194 555 3259 videtur
577 3201 608 3259 et
631 3218 650 3259 a
672 3195 830 3259 veteribus
853 3194 982 3259 maximi
1003 3194 1239 3259 aestimabatur.
1278 3194 1346 3258 Eu-

170 3298 275 3363 sebius
299 3296 341 3362 H.
365 3299 403 3363 E.
428 3298 484 3376 ΠΙ,
508 3301 560 3376 25,
583 3300 604 3363 4
633 3321 704 3364 eum
732 3299 896 3384 seripturis
923 3300 1020 3365 sacris
1044 3299 1190 3385 adiungit
1211 3299 1262 3363 vel
1284 3322 1348 3363 una

169 3425 242 3467 cum
264 3401 400 3468 Actibus
422 3403 524 3481 Pauli,
557 3403 694 3469 Hermae
717 3404 859 3482 Pastore,
884 3404 1079 3489 Apocalypsi
1101 3402 1190 3467 Petri
1211 3407 1242 3466 et
1265 3403 1347 3466 Bar-

169 3509 271 3572 nabae
293 3507 430 3592 epistula
451 3508 534 3572 inter
556 3509 727 3593 scripturas
756 3509 841 3574 Novi
864 3510 1060 3575 Testamenti
1082 3509 1289 3593 apocryphas,
1315 3505 1347 3567 ἐν

168 3618 232 3685 τοῖς
260 3609 384 3690 νόθοις,
417 3618 651 3678 commemorat.
696 3615 841 3679 Eundem
872 3614 977 3679 locum
1000 3614 1029 3678 ei
1051 3614 1220 3697 adsignant
1242 3612 1347 3677 Atha·

168 3716 277 3780 nasius
299 3716 333 3781 in
355 3717 504 3801 Epistula
526 3718 634 3782 festali
655 3718 795 3783 XXXIX
822 3719 873 3783 vel
895 3719 968 3782 anni
991 3718 1054 3781 367
1078 3716 1167 3781 libris
1190 3717 1347 3782 canonic-is

170 3822 360 3885 enumeratis
383 3821 498 3901 dicens,
522 3828 648 3908 praeter
668 3824 745 3890 istos
761 3846 829 3888 esse
845 3823 923 3888 alios
939 3823 1046 3898 libros,
1070 3844 1134 3887 non
1148 3823 1181 3886 in
1197 3844 1348 3887 canonem

171 3923 298 4008 quidem
320 3927 472 4003 redactos,
497 3928 551 3992 sed
573 3927 664 3992 iuxta
686 3931 814 4011 patrum
837 3927 1024 3991 sententiam
1047 3927 1199 4012 legendos
1214 3928 1267 4005 eis,
1294 3927 1348 4011 qui

169 4029 323 4093 accedunt
346 4052 382 4094 ac
405 4031 443 4094 de
465 4032 561 4095 verbo
583 4031 711 4114 pietatis
735 4030 851 4094 erudiri
870 4031 990 4107 volunt,
1014 4031 1135 4096 scilieet
1151 4032 1347 4115 Sapientiam

171 4132 358 4209 Salomonis,
383 4134 579 4219 Sapientiam
603 4134 721 4211 Sirach,
745 4134 871 4210 Esther,
903 4134 1026 4205 Iudith.
1051 4135 1192 4212 Tobiam,
1218 4135 1347 4200 Doctri-

169 4259 243 4302 nam
259 4262 353 4320 quam
377 4243 492 4304 vocant
509 4237 725 4322 apostolorum
748 4241 780 4302 et
794 4238 960 4303 Pastorem
983 4238 1052 4320 (Pe
1067 4240 1118 4315 26,
1139 4240 1252 4322 1438);
1277 4240 1345 4303 Ru-
