2834 5018
301 656 479 712 EPISTULA
497 659 547 713 AI)
566 656 855 722 D10cuu'ruuv11,
874 658 999 724 v-vln.
1020 661 1060 715 ll.
1201 664 1266 730 405

91 841 161 900 tum
190 836 384 901 sustinebit?
512 838 540 901 7.
566 834 695 920 [Nonne
725 834 826 920 vides]
855 838 995 902 obiectos
1024 838 1115 914 feris,
1148 842 1184 902 ut
1207 840 1265 903 ab·

90 946 209 1024 negent
232 941 411 1017 dominum,
444 946 476 1006 et
497 963 561 1006 11011
582 942 704 1007 victos?
739 943 768 1006 8.
792 943 907 1008 Nonne
935 943 1039 1020 vides,
1073 965 1136 1027 quo
1157 943 1266 1027 plures

92 1044 249 1128 supplicio
273 1045 464 1124 afficiuntur,
489 1050 578 1110 tauto
600 1047 751 1111 maiorem
772 1048 842 1112 fieri
862 1069 1028 1112 numerum
1050 1046 1266 1130 reliquorum?

91 1151 121 1213 9.
147 1149 236 1213 Ilaec
259 1171 324 1214 non
346 1151 491 1214 videntur
513 1152 553 1215 ab
574 1150 701 1215 homine
723 1152 810 1227 fieri3
833 1152 912 1216 haec
935 1157 1009 1216 sunt
1032 1151 1082 1216 dei
1103 1150 1264 1234 potentia3

92 1253 171 1317 haec
194 1255 347 1318 adventus
370 1254 437 1318 eius
460 1259 533 1318 sunt
557 1260 753 1338 argumenta.
1278 1274 1292 1314 1

182 1358 269 1423 VIII.
296 1358 373 1435 Quis
396 1359 478 1423 enim
502 1359 629 1424 omnino
651 1359 817 1425 hominum
838 1365 939 1436 norat,
964 1361 1017 1445 qui
1040 1362 1168 1425 tandem
1184 1365 1267 1424 esset

93 1465 179 1540 deus,
193 1464 378 1548 priusquam
392 1464 462 1548 ipse
477 1468 628 1528 venerat?
651 1466 681 1527 2.
699 1463 751 1528 An
766 1487 848 1529 vana
863 1470 895 1528 11
909 1465 1046 1549 nugacia
1060 1464 1145 1529 dicta
1159 1463 1266 1548 philo·

93 1567 270 1650 sophorum
291 1568 427 1632 istorum
449 1569 622 1652 approbas,
652 1570 706 1652 qui
728 1570 789 1634 fide
812 1591 978 1654 perperam
1001 1569 1088 1655 digni
1111 1569 1266 1633 111111111-

91 1672 161 1748 biti,
188 1694 323 1756 quorum
346 1672 400 1735 alii
421 1673 529 1757 ignem
545 1694 612 1736 esse
635 1674 728 1737 deum
744 1674 889 1737 dixerunt
910 1672 964 1755 (ad
988 1675 1072 1758 quod
1094 1672 1267 1758 profecturi

92 1781 167 1840 sunt
188 1776 260 1859 ipsi,
284 1777 317 1840 id
340 1777 432 1840 deum
454 1776 590 1858 vocant),
615 1777 669 1841 alii
692 1800 822 1860 aquam,
857 1778 912 1841 alii
934 1777 1020 1841 aliud
1042 1798 1081 1841 ex
1103 1776 1266 1841 elementis
1280 1794 1305 1830 1⁰

90 1904 109 1944 a
133 1882 191 1945 deo
215 1882 338 1944 creatis.
385 1883 415 1945 3.
439 1880 550 1966 Atqui,
574 1883 602 1945 si
625 1882 700 1967 quid
722 1881 836 1945 horum
859 1882 1014 1945 diciorum
1037 1881 1266 1965 approbatione

90 1985 222 2069 dignum
246 1991 303 2061 est,
317 1986 420 2070 possit
443 1986 538 2059 etiam
554 1986 749 2070 reliquarum
771 2008 875 2050 rerum
890 1990 1066 2050 creatarum
1089 2008 1151 2049 una
1167 2007 1265 2070 quae·

90 2113 151 2175 que
183 2091 330 2155 similiter
360 2113 393 2155 se
416 2092 577 2156 declarare
607 2093 709 2156 deum.
758 2094 786 2155 4.
811 2089 931 2154 Verum
959 2090 1037 2154 haec
1060 2093 1134 2154 sunt
1155 2089 1264 2172 prodi-

89 2195 182 2279 giosa
196 2196 360 2259 mendacia
383 2200 414 2259 et
429 2197 624 2280 imposturae
639 2195 936 2280 praestigiatorum,
961 2195 990 2257 5.
1014 2193 1176 2257 hominum
1191 2213 1265 2257 vero

90 2300 260 2384 quisquam
282 2322 341 2363 nec
363 2301 441 2365 vidit
464 2323 535 2365 eum
557 2323 615 2365 nec
638 2305 751 2364 notum
773 2299 866 2376 fecit,
898 2300 952 2364 sed
974 2299 1043 2382 ipse
1065 2320 1133 2362 sese
1155 2301 1305 2362 011111-11

89 2404 145 2467 dit.
193 2406 222 2468 6.
249 2402 395 2468 Ostendit
418 2426 451 2468 se
475 2409 581 2468 autem
603 2404 777 2487 perfidem,
803 2405 853 2468 cui
869 2403 928 2467 soli
951 2404 1044 2467 deum
1066 2401 1171 2465 videre
1187 2423 1264 2465 con·

89 2530 213 2572 cessum
228 2513 286 2572 est.
333 2510 363 2573 7.
387 2508 473 2573 Nam
489 2509 632 2573 dominus
648 2513 680 2572 et
695 2508 804 2591 opifex
827 2507 968 2571 omnium
983 2507 1068 2585 deus,
1091 2506 1144 2590 qui
1159 2505 1266 2570 omnia

87 2612 165 2675 fecit
181 2618 213 2677 et
228 2635 286 2677 suo
303 2635 445 2698 quaeque
462 2613 570 2678 ordine
586 2613 751 2696 disposuit,
776 2633 838 2675 non
855 2611 959 2675 solum
976 2612 1141 2676 hominum
1156 2631 1265 2684 amans

87 2715 159 2792 fuit,
184 2717 238 2779 sed
262 2716 358 2779 etiam
385 2716 520 2799 patiens.
567 2717 595 2780 8.
620 2716 701 2780 Erat
723 2721 829 2780 autem
859 2737 984 2800 semper
1011 2715 1086 2780 talis
1109 2719 1141 2779 et
1163 2720 1212 2780 est
1234 2721 1266 2779 et

89 2820 159 2893 erit,
183 2819 341 2903 benignus
365 2824 397 2882 et
419 2821 521 2884 bonus
544 2826 576 2884 et
597 2821 664 2885 irae
689 2843 802 2905 expers
825 2823 857 2885 et
879 2843 984 2898 verax,
1009 2825 1041 2884 et
1063 2821 1190 2905 quidem
1212 2842 1264 2884 ao·
1279 2839 1305 2876 νο

89 2923 142 2987 lus
164 2920 266 2987 bonus
290 2928 355 2998 est;
379 2925 409 2987 9.
434 2929 605 3008 postquam
621 2929 727 2989 autem
749 2928 854 2988 mente
871 2924 1016 3007 concepit
1037 2946 1189 3009 magnum
1205 2924 1264 2988 ali·

88 3029 165 3112 quid
189 3032 220 3090 et
242 3027 420 3105 ineffabile,
454 3029 697 3093 communicavit
719 3051 790 3093 cum
819 3029 888 3093 solo
910 3028 985 3092 filio.
1033 3030 1083 3092 10.
1110 3028 1264 3105 Quamdiu

88 3133 188 3217 igitur
210 3133 242 3194 in
266 3131 391 3196 occulto
421 3133 578 3197 retinebat
600 3137 633 3197 et
656 3133 857 3198 custodiebat
888 3133 1014 3216 sapiens
1044 3154 1137 3196 suum
1159 3132 1263 3196 consi·

88 3237 176 3312 lium,
201 3236 370 3319 neglegere
385 3258 443 3300 nos
466 3241 498 3301 et
512 3259 576 3301 non
592 3260 700 3302 curare
722 3237 905 3312 videbatur3
931 3240 981 3301 11.
1005 3241 1175 3321 postquam
1189 3257 1264 3301 vero

87 3363 145 3425 per
168 3340 317 3403 dilectum
347 3340 448 3404 filium
471 3341 624 3405 revelavit
646 3346 679 3405 et
705 3341 873 3424 patefecit,
906 3363 985 3426 quae
1008 3342 1080 3405 inde
1109 3342 1149 3406 ab
1171 3341 1264 3406 initio
1277 3355 1303 3396 ²⁶

88 3450 179 3509 erant
201 3448 401 3528 praeparata,
428 3445 533 3508 omnia
547 3445 643 3509 simul
665 3446 813 3529 praebuit
829 3447 930 3520 nobis,
955 3450 987 3510 et
1002 3446 1065 3510 frui
1088 3447 1152 3511 suis
1166 3446 1263 3510 bene·

86 3549 167 3612 ficiis
192 3553 223 3611 11
251 3549 356 3612 videre
380 3552 411 3612 et
441 3548 642 3633 intellegere,
677 3572 758 3634 quae
784 3550 853 3634 quis
877 3554 1017 3614 nostrum
1046 3572 1185 3634 unquam
1208 3572 1262 3614 ex·

87 3657 286 3737 spectasset?

123 3822 205 3883 VIII,
232 3823 255 3875 1.
291 3821 333 3876 ef.
361 3823 465 3877 Arnob.
500 3824 569 3878 Adv.
604 3828 662 3879 nat.
725 3825 749 3877 6.
768 3822 898 3894 ἐπέδειξε]
918 3840 954 3877 sc
974 3819 1082 3880 ἑαυτὸν.
1108 3825 1204 3881 -διὰ
1222 3829 1264 3881 ul·

88 3909 121 3971 11,
142 3911 183 3964 73.
690 3912 1058 3983 στεως](11.110111.3,25;
1088 3909 1159 3979 Eph.
1179 3912 1202 3975 3,
1224 3915 1265 3968 lv.

123 4000 148 4052 2.
166 3998 345 4069 ἀξιοπίστων]
360 3999 400 4053 cf.
415 4001 474 4068 Igu.
488 3997 596 4051 Philad.
610 3999 633 4061 2,
647 3999 663 4052 2
725 4000 748 4052 7.
768 3999 922 4069 Praeparat
941 4002 1040 4053 auctor
1063 4001 1265 4065 quaestionem,

87 4089 145 4141 not.
165 4118 199 4126 -
217 4086 522 4157 caecabamur]
540 4085 663 4140 Ps.·1ust.
691 4104 776 4155 quam
795 4089 853 4141 c.9
879 4088 1001 4148 tractat,
1031 4102 1080 4139 cur
1103 4085 1179 4142 Deus
1207 4090 1266 4140 tam

88 4177 203 4231 Cohort.
223 4193 245 4228 c.
258 4176 290 4227 4:
305 4173 409 4247 Ὃρᾶτε
422 4178 515 4232 τοίνυν
533 4178 582 4244 τὴν
599 4171 663 4230 ἀνα·
690 4191 752 4229 1110
769 4174 930 4228 hominibus
949 4191 979 4227 se
997 4172 1231 4228 manifestaverit.

87 4267 150 4333 ξίαν
168 4271 224 4319 τῶν
241 4265 308 4334 παρ’
327 4259 392 4330 ὑμῖν
409 4260 602 4330 νομισθέντων
619 4280 663 4334 γε·
725 4263 749 4317 8.
767 4264 854 4332 μόνος
880 4261 935 4334 ἀμ]
965 4261 1005 4316 cf.
1033 4262 1135 4316 Matth.
1156 4261 1196 4323 19,
1217 4262 1263 4325 17;

87 4355 223 4423 γενῆοθαι
250 4355 360 4418 σοφῶν,
378 4388 384 4400 .
405 4388 411 4399 .
430 4355 487 4403 τῶν
511 4347 564 4416 μὲν
590 4344 663 4421 ὕδωρ
690 4347 756 4401 lust.
775 4348 856 4417 Apol.
877 4348 896 4411 I,
918 4349 956 4402 16.

87 4434 316 4505 ἀποφηναμένων
333 4432 420 4506 ἀρχὴν
436 4432 569 4491 ἁπάντων
586 4431 663 4499 εἶναι,
727 4434 834 4489 10-11.
856 4434 1039 4500 0111011116,
1055 4437 1097 4489 25.
1112 4436 1158 4501 26;
1176 4435 1264 4490 1601.

88 4530 145 4578 τῶν
169 4519 302 4593 6101100,
329 4528 386 4576 τῶν
409 4520 437 4576 δὲ
459 4528 532 4593 πῦρ,
560 4522 664 4578 τῶνδὲ
691 4522 714 4587 2,
728 4520 827 4583 7-10;
847 4519 907 4576 Gal.
919 4522 944 4585 4,
957 4522 1027 4583 4.5;
1046 4521 1115 4592 Eph.
1129 4524 1153 4587 3,
1163 4524 1263 4585 4-10;

88 4605 157 4666 ἄλλο
175 4629 208 4664 τι.
691 4608 748 4663 col.
770 4611 791 4671 l,
810 4608 852 4661 26.
871 4609 912 4662 27.
