<?xml version="1.0" encoding="UTF-8"?>
<!DOCTYPE html PUBLIC "-//W3C//DTD XHTML 1.0 Transitional//EN"
    "http://www.w3.org/TR/xhtml1/DTD/xhtml1-transitional.dtd">
<html xmlns="http://www.w3.org/1999/xhtml" xml:lang="en" lang="en">
 <head>
  <title>
</title>
<meta http-equiv="Content-Type" content="text/html;charset=utf-8" />
  <meta name='ocr-system' content='tesseract 3.04.00' />
  <meta name='ocr-capabilities' content='ocr_page ocr_carea ocr_par ocr_line ocrx_word'/>
</head>
<body>
  <div class='ocr_page' id='page_1' title='image "./patresapostolic00piongoog_0100.png"; bbox 0 0 2834 5018; ppageno 0'>
   <div class='ocr_carea' id='block_1_1' title="bbox 425 638 1240 711">
    <p class='ocr_par' dir='ltr' id='par_1_1' title="bbox 425 638 1240 711">
     <span class='ocr_line' id='line_1_1' title="bbox 425 638 1240 711; baseline 0.01 -17"><span class='ocrx_word' id='word_1_1' title='bbox 425 639 451 694; x_wconf 89' lang='lat' dir='ltr'>S.</span> <span class='ocrx_word' id='word_1_2' title='bbox 472 638 678 695; x_wconf 78' lang='lat' dir='ltr'><strong>POLYGARPI</strong></span> <span class='ocrx_word' id='word_1_3' title='bbox 696 638 881 694; x_wconf 75' lang='lat' dir='ltr'>EPISTULA.</span> <span class='ocrx_word' id='word_1_4' title='bbox 1076 645 1240 711; x_wconf 82' lang='lat' dir='ltr'>LXXXIX</span> 
     </span>
    </p>
   </div>
   <div class='ocr_carea' id='block_1_2' title="bbox 63 816 1241 4643">
    <p class='ocr_par' dir='ltr' id='par_1_2' title="bbox 63 816 1241 2036">
     <span class='ocr_line' id='line_1_2' title="bbox 69 816 1240 903; baseline 0.003 -22"><span class='ocrx_word' id='word_1_5' title='bbox 69 816 153 882; x_wconf 82' lang='lat' dir='ltr'>Catal.</span> <span class='ocrx_word' id='word_1_6' title='bbox 176 840 203 883; x_wconf 89' lang='lat' dir='ltr'>e.</span> <span class='ocrx_word' id='word_1_7' title='bbox 231 820 277 883; x_wconf 90' lang='grc'>17</span> <span class='ocrx_word' id='word_1_8' title='bbox 305 819 347 882; x_wconf 90' lang='lat' dir='ltr'>ab</span> <span class='ocrx_word' id='word_1_9' title='bbox 370 818 431 883; x_wconf 91' lang='lat' dir='ltr'>hoc</span> <span class='ocrx_word' id='word_1_10' title='bbox 455 817 600 902; x_wconf 86' lang='lat' dir='ltr'>apostolo</span> <span class='ocrx_word' id='word_1_11' title='bbox 623 840 695 882; x_wconf 91' lang='lat' dir='ltr'>eum</span> <span class='ocrx_word' id='word_1_12' title='bbox 717 819 901 902; x_wconf 89' lang='lat' dir='ltr'>episcopum</span> <span class='ocrx_word' id='word_1_13' title='bbox 922 819 1164 903; x_wconf 80' lang='lat' dir='ltr'><strong>Smyrnaeorum</strong></span> <span class='ocrx_word' id='word_1_14' title='bbox 1187 842 1240 884; x_wconf 93' lang='lat' dir='ltr'>or-</span> 
     </span>
     <span class='ocr_line' id='line_1_3' title="bbox 69 921 1240 1008; baseline 0.003 -22"><span class='ocrx_word' id='word_1_15' title='bbox 69 923 196 987; x_wconf 89' lang='lat' dir='ltr'>dinatum</span> <span class='ocrx_word' id='word_1_16' title='bbox 220 944 296 988; x_wconf 89' lang='lat' dir='ltr'>esse</span> <span class='ocrx_word' id='word_1_17' title='bbox 321 924 460 988; x_wconf 88' lang='lat' dir='ltr'>tradunt.</span> <span class='ocrx_word' id='word_1_18' title='bbox 508 921 577 999; x_wconf 85' lang='lat' dir='ltr'>Quo</span> <span class='ocrx_word' id='word_1_19' title='bbox 599 927 741 1007; x_wconf 87' lang='lat' dir='ltr'>tempore</span> <span class='ocrx_word' id='word_1_20' title='bbox 764 925 980 1008; x_wconf 90' lang='lat' dir='ltr'>episcopatum</span> <span class='ocrx_word' id='word_1_21' title='bbox 996 925 1161 1007; x_wconf 87' lang='lat' dir='ltr'>acceperit,</span> <span class='ocrx_word' id='word_1_22' title='bbox 1186 947 1240 989; x_wconf 87' lang='lat' dir='ltr'>ac·</span> 
     </span>
     <span class='ocr_line' id='line_1_4' title="bbox 66 1026 1241 1114; baseline 0.003 -23"><span class='ocrx_word' id='word_1_23' title='bbox 66 1032 160 1092; x_wconf 87' lang='lat' dir='ltr'>curate</span> <span class='ocrx_word' id='word_1_24' title='bbox 183 1028 318 1092; x_wconf 90' lang='lat' dir='ltr'>definiri</span> <span class='ocrx_word' id='word_1_25' title='bbox 340 1029 460 1112; x_wconf 88' lang='lat' dir='ltr'>nequit.</span> <span class='ocrx_word' id='word_1_26' title='bbox 508 1026 665 1093; x_wconf 91' lang='lat' dir='ltr'>Nonnulli</span> <span class='ocrx_word' id='word_1_27' title='bbox 686 1029 813 1111; x_wconf 92' lang='lat' dir='ltr'>quidem</span> <span class='ocrx_word' id='word_1_28' title='bbox 829 1051 900 1093; x_wconf 88' lang='lat' dir='ltr'>eum</span> <span class='ocrx_word' id='word_1_29' title='bbox 923 1030 1072 1114; x_wconf 83' lang='lat' dir='ltr'>angelum</span> <span class='ocrx_word' id='word_1_30' title='bbox 1088 1029 1241 1112; x_wconf 78' lang='lat' dir='ltr'>Smyrnae</span> 
     </span>
     <span class='ocr_line' id='line_1_5' title="bbox 66 1131 1239 1217; baseline 0.001 -21"><span class='ocrx_word' id='word_1_31' title='bbox 66 1131 206 1198; x_wconf 78' lang='lat' dir='ltr'>acclesiae</span> <span class='ocrx_word' id='word_1_32' title='bbox 232 1155 304 1198; x_wconf 89' lang='lat' dir='ltr'>esse</span> <span class='ocrx_word' id='word_1_33' title='bbox 326 1137 530 1216; x_wconf 87' lang='lat' dir='ltr'>putaverunt,</span> <span class='ocrx_word' id='word_1_34' title='bbox 555 1133 643 1198; x_wconf 89' lang='lat' dir='ltr'>cuius</span> <span class='ocrx_word' id='word_1_35' title='bbox 658 1131 758 1217; x_wconf 84' lang='lat' dir='ltr'>Apoc.</span> <span class='ocrx_word' id='word_1_36' title='bbox 777 1135 807 1211; x_wconf 85' lang='lat'>2,</span> <span class='ocrx_word' id='word_1_37' title='bbox 824 1135 929 1199; x_wconf 86' lang='lat'>8-11</span> <span class='ocrx_word' id='word_1_38' title='bbox 954 1135 1073 1198; x_wconf 90' lang='lat' dir='ltr'>mentio</span> <span class='ocrx_word' id='word_1_39' title='bbox 1095 1133 1141 1199; x_wconf 88' lang='lat' dir='ltr'>fit.</span> <span class='ocrx_word' id='word_1_40' title='bbox 1177 1134 1239 1199; x_wconf 85' lang='lat' dir='ltr'>Sed</span> 
     </span>
     <span class='ocr_line' id='line_1_6' title="bbox 65 1235 1239 1323; baseline 0.003 -24"><span class='ocrx_word' id='word_1_41' title='bbox 65 1235 209 1303; x_wconf 90' lang='lat' dir='ltr'>loannem</span> <span class='ocrx_word' id='word_1_42' title='bbox 233 1237 419 1322; x_wconf 89' lang='lat' dir='ltr'>apostolum</span> <span class='ocrx_word' id='word_1_43' title='bbox 441 1239 462 1303; x_wconf 90' lang='lat' dir='ltr'>l.</span> <span class='ocrx_word' id='word_1_44' title='bbox 479 1260 505 1302; x_wconf 89' lang='lat' dir='ltr'>c.</span> <span class='ocrx_word' id='word_1_45' title='bbox 530 1239 568 1302; x_wconf 90' lang='lat' dir='ltr'>de</span> <span class='ocrx_word' id='word_1_46' title='bbox 591 1259 628 1302; x_wconf 91' lang='lat' dir='ltr'>eo</span> <span class='ocrx_word' id='word_1_47' title='bbox 650 1238 791 1303; x_wconf 90' lang='lat' dir='ltr'>locutum</span> <span class='ocrx_word' id='word_1_48' title='bbox 806 1259 875 1302; x_wconf 88' lang='lat' dir='ltr'>esse</span> <span class='ocrx_word' id='word_1_49' title='bbox 898 1239 1106 1303; x_wconf 90' lang='lat' dir='ltr'>demonstrari</span> <span class='ocrx_word' id='word_1_50' title='bbox 1120 1239 1239 1323; x_wconf 89' lang='lat' dir='ltr'>nequit,</span> 
     </span>
     <span class='ocr_line' id='line_1_7' title="bbox 65 1340 1238 1427; baseline 0.001 -23"><span class='ocrx_word' id='word_1_51' title='bbox 65 1346 91 1405; x_wconf 82' lang='lat' dir='ltr'>et</span> <span class='ocrx_word' id='word_1_52' title='bbox 110 1342 170 1407; x_wconf 91' lang='lat' dir='ltr'>hoc</span> <span class='ocrx_word' id='word_1_53' title='bbox 196 1343 307 1407; x_wconf 86' lang='lat' dir='ltr'>solum</span> <span class='ocrx_word' id='word_1_54' title='bbox 330 1346 465 1416; x_wconf 87' lang='lat' dir='ltr'>constat,</span> <span class='ocrx_word' id='word_1_55' title='bbox 489 1340 616 1406; x_wconf 88' lang='lat' dir='ltr'>saeculo</span> <span class='ocrx_word' id='word_1_56' title='bbox 631 1341 664 1405; x_wconf 90' lang='grc' dir='ltr'><strong>Π</strong></span> <span class='ocrx_word' id='word_1_57' title='bbox 685 1342 815 1407; x_wconf 89' lang='lat' dir='ltr'>ineunte</span> <span class='ocrx_word' id='word_1_58' title='bbox 837 1364 909 1406; x_wconf 90' lang='lat' dir='ltr'>eum</span> <span class='ocrx_word' id='word_1_59' title='bbox 930 1343 1114 1427; x_wconf 88' lang='lat' dir='ltr'>episcopum</span> <span class='ocrx_word' id='word_1_60' title='bbox 1129 1342 1238 1407; x_wconf 87' lang='lat' dir='ltr'>fuisse.</span> 
     </span>
     <span class='ocr_line' id='line_1_8' title="bbox 64 1445 1240 1532; baseline -0.001 -20"><span class='ocrx_word' id='word_1_61' title='bbox 64 1445 204 1512; x_wconf 85' lang='lat' dir='ltr'>Praefnit</span> <span class='ocrx_word' id='word_1_62' title='bbox 227 1449 315 1512; x_wconf 91' lang='lat' dir='ltr'>enim</span> <span class='ocrx_word' id='word_1_63' title='bbox 338 1447 488 1512; x_wconf 89' lang='lat' dir='ltr'>ecclesiae</span> <span class='ocrx_word' id='word_1_64' title='bbox 511 1446 755 1529; x_wconf 83' lang='lat' dir='ltr'>Smyrnaeorum</span> <span class='ocrx_word' id='word_1_65' title='bbox 776 1468 813 1511; x_wconf 90' lang='lat' dir='ltr'>eo</span> <span class='ocrx_word' id='word_1_66' title='bbox 836 1452 988 1532; x_wconf 89' lang='lat' dir='ltr'>tempore,</span> <span class='ocrx_word' id='word_1_67' title='bbox 1012 1469 1074 1532; x_wconf 91' lang='lat' dir='ltr'>quo</span> <span class='ocrx_word' id='word_1_68' title='bbox 1096 1446 1240 1532; x_wconf 80' lang='lat' dir='ltr'>Ignatius</span> 
     </span>
     <span class='ocr_line' id='line_1_9' title="bbox 64 1549 1241 1636; baseline -0.001 -20"><span class='ocrx_word' id='word_1_69' title='bbox 64 1549 195 1616; x_wconf 85' lang='lat' dir='ltr'>Romam</span> <span class='ocrx_word' id='word_1_70' title='bbox 228 1552 432 1636; x_wconf 89' lang='lat' dir='ltr'>proficiscens</span> <span class='ocrx_word' id='word_1_71' title='bbox 467 1551 633 1634; x_wconf 90' lang='lat' dir='ltr'>Smyrnam</span> <span class='ocrx_word' id='word_1_72' title='bbox 665 1551 808 1627; x_wconf 88' lang='lat' dir='ltr'>transiit,</span> <span class='ocrx_word' id='word_1_73' title='bbox 843 1556 875 1615; x_wconf 88' lang='lat' dir='ltr'>et</span> <span class='ocrx_word' id='word_1_74' title='bbox 908 1553 936 1616; x_wconf 88' lang='lat' dir='ltr'>si</span> <span class='ocrx_word' id='word_1_75' title='bbox 969 1552 1185 1616; x_wconf 81' lang='lat' dir='ltr'>Tertullianus</span> <span class='ocrx_word' id='word_1_76' title='bbox 1208 1557 1241 1616; x_wconf 91' lang='lat' dir='ltr'>et</span> 
     </span>
     <span class='ocr_line' id='line_1_10' title="bbox 64 1655 1241 1740; baseline 0 -20"><span class='ocrx_word' id='word_1_77' title='bbox 64 1655 277 1740; x_wconf 82' lang='lat' dir='ltr'>Hieronymus</span> <span class='ocrx_word' id='word_1_78' title='bbox 300 1679 373 1721; x_wconf 91' lang='lat' dir='ltr'>eum</span> <span class='ocrx_word' id='word_1_79' title='bbox 396 1656 547 1721; x_wconf 90' lang='lat' dir='ltr'>aloanne</span> <span class='ocrx_word' id='word_1_80' title='bbox 570 1656 715 1739; x_wconf 89' lang='lat' dir='ltr'>apostolo</span> <span class='ocrx_word' id='word_1_81' title='bbox 737 1656 954 1740; x_wconf 85' lang='lat' dir='ltr'>episcopatum</span> <span class='ocrx_word' id='word_1_82' title='bbox 978 1656 1135 1740; x_wconf 87' lang='lat' dir='ltr'>accepisse</span> <span class='ocrx_word' id='word_1_83' title='bbox 1156 1660 1241 1720; x_wconf 89' lang='lat' dir='ltr'>recte</span> 
     </span>
     <span class='ocr_line' id='line_1_11' title="bbox 64 1760 1241 1845; baseline 0.002 -21"><span class='ocrx_word' id='word_1_84' title='bbox 64 1760 217 1839; x_wconf 86' lang='lat' dir='ltr'>dixerunt,</span> <span class='ocrx_word' id='word_1_85' title='bbox 241 1784 268 1826; x_wconf 93' lang='lat' dir='ltr'>c.</span> <span class='ocrx_word' id='word_1_86' title='bbox 293 1784 365 1825; x_wconf 87' lang='lat' dir='ltr'>ann.</span> <span class='ocrx_word' id='word_1_87' title='bbox 391 1762 453 1825; x_wconf 89' lang='lat'>100</span> <span class='ocrx_word' id='word_1_88' title='bbox 476 1761 639 1826; x_wconf 88' lang='lat' dir='ltr'>ordinatus</span> <span class='ocrx_word' id='word_1_89' title='bbox 662 1782 729 1825; x_wconf 89' lang='lat' dir='ltr'>esse</span> <span class='ocrx_word' id='word_1_90' title='bbox 751 1762 911 1845; x_wconf 90' lang='lat' dir='ltr'>putandus</span> <span class='ocrx_word' id='word_1_91' title='bbox 934 1766 992 1838; x_wconf 90' lang='lat' dir='ltr'>est,</span> <span class='ocrx_word' id='word_1_92' title='bbox 1016 1783 1087 1825; x_wconf 94' lang='lat' dir='ltr'>cum</span> <span class='ocrx_word' id='word_1_93' title='bbox 1106 1760 1241 1826; x_wconf 89' lang='lat' dir='ltr'>Ioannes</span> 
     </span>
     <span class='ocr_line' id='line_1_12' title="bbox 63 1863 1241 1949; baseline 0.001 -19"><span class='ocrx_word' id='word_1_94' title='bbox 63 1865 155 1948; x_wconf 89' lang='lat' dir='ltr'>paulo</span> <span class='ocrx_word' id='word_1_95' title='bbox 179 1870 257 1949; x_wconf 89' lang='lat' dir='ltr'>post</span> <span class='ocrx_word' id='word_1_96' title='bbox 280 1863 323 1947; x_wconf 88' lang='lat' dir='ltr'>(a.</span> <span class='ocrx_word' id='word_1_97' title='bbox 342 1866 405 1929; x_wconf 83' lang='lat'>104</span> <span class='ocrx_word' id='word_1_98' title='bbox 428 1864 468 1928; x_wconf 90' lang='lat' dir='ltr'>cf.</span> <span class='ocrx_word' id='word_1_99' title='bbox 492 1863 606 1928; x_wconf 84' lang='lat' dir='ltr'>Chron.</span> <span class='ocrx_word' id='word_1_100' title='bbox 630 1864 739 1948; x_wconf 88' lang='lat' dir='ltr'>pasch.</span> <span class='ocrx_word' id='word_1_101' title='bbox 764 1865 811 1929; x_wconf 89' lang='lat' dir='ltr'>ed.</span> <span class='ocrx_word' id='word_1_102' title='bbox 836 1863 1073 1947; x_wconf 82' lang='lat' dir='ltr'>Bonn.1,470)</span> <span class='ocrx_word' id='word_1_103' title='bbox 1097 1869 1241 1931; x_wconf 90' lang='lat' dir='ltr'>mortuus</span> 
     </span>
     <span class='ocr_line' id='line_1_13' title="bbox 63 1970 287 2036; baseline -0.004 -3"><span class='ocrx_word' id='word_1_104' title='bbox 63 1991 126 2035; x_wconf 87' lang='lat' dir='ltr'>esse</span> <span class='ocrx_word' id='word_1_105' title='bbox 150 1970 287 2036; x_wconf 68' lang='lat' dir='ltr'>dicatur.</span> 
     </span>
    </p>

    <p class='ocr_par' dir='ltr' id='par_1_3' title="bbox 63 2072 1241 4643">
     <span class='ocr_line' id='line_1_14' title="bbox 147 2072 1239 2158; baseline 0.001 -21"><span class='ocrx_word' id='word_1_106' title='bbox 147 2074 200 2138; x_wconf 81' lang='lat' dir='ltr'>Ex</span> <span class='ocrx_word' id='word_1_107' title='bbox 222 2073 377 2156; x_wconf 78' lang='lat' dir='ltr'>Martyiio</span> <span class='ocrx_word' id='word_1_108' title='bbox 400 2072 519 2148; x_wconf 90' lang='lat' dir='ltr'>elucet,</span> <span class='ocrx_word' id='word_1_109' title='bbox 550 2072 762 2156; x_wconf 82' lang='lat' dir='ltr'>Polycarpum</span> <span class='ocrx_word' id='word_1_110' title='bbox 790 2074 979 2158; x_wconf 73' lang='lat' dir='ltr'>prophetiae</span> <span class='ocrx_word' id='word_1_111' title='bbox 1007 2074 1089 2137; x_wconf 91' lang='lat' dir='ltr'>dono</span> <span class='ocrx_word' id='word_1_112' title='bbox 1111 2075 1239 2158; x_wconf 88' lang='lat' dir='ltr'>praedi-</span> 
     </span>
     <span class='ocr_line' id='line_1_15' title="bbox 63 2175 1238 2264; baseline 0.003 -24"><span class='ocrx_word' id='word_1_113' title='bbox 63 2182 129 2241; x_wconf 90' lang='lat' dir='ltr'>tum</span> <span class='ocrx_word' id='word_1_114' title='bbox 151 2177 253 2242; x_wconf 88' lang='lat' dir='ltr'>fuisse</span> <span class='ocrx_word' id='word_1_115' title='bbox 276 2175 341 2258; x_wconf 84' lang='lat'>(16,</span> <span class='ocrx_word' id='word_1_116' title='bbox 359 2176 393 2258; x_wconf 85' lang='lat'>2)</span> <span class='ocrx_word' id='word_1_117' title='bbox 417 2182 514 2260; x_wconf 88' lang='lat' dir='ltr'>atque</span> <span class='ocrx_word' id='word_1_118' title='bbox 529 2177 702 2260; x_wconf 90' lang='lat' dir='ltr'>plurimum</span> <span class='ocrx_word' id='word_1_119' title='bbox 724 2179 764 2243; x_wconf 90' lang='lat' dir='ltr'>ad</span> <span class='ocrx_word' id='word_1_120' title='bbox 783 2179 1025 2264; x_wconf 85' lang='lat' dir='ltr'>propagandam</span> <span class='ocrx_word' id='word_1_121' title='bbox 1046 2179 1140 2242; x_wconf 91' lang='lat' dir='ltr'>fidem</span> <span class='ocrx_word' id='word_1_122' title='bbox 1163 2201 1238 2243; x_wconf 90' lang='lat' dir='ltr'>con·</span> 
     </span>
     <span class='ocr_line' id='line_1_16' title="bbox 64 2279 1240 2367; baseline 0.001 -21"><span class='ocrx_word' id='word_1_123' title='bbox 64 2282 173 2346; x_wconf 84' lang='lat' dir='ltr'>tulisse</span> <span class='ocrx_word' id='word_1_124' title='bbox 196 2283 263 2360; x_wconf 83' lang='lat'>(12,</span> <span class='ocrx_word' id='word_1_125' title='bbox 280 2279 323 2362; x_wconf 83' lang='lat'>2).</span> <span class='ocrx_word' id='word_1_126' title='bbox 370 2281 555 2346; x_wconf 85' lang='lat' dir='ltr'>Adversarii</span> <span class='ocrx_word' id='word_1_127' title='bbox 578 2304 648 2347; x_wconf 92' lang='lat' dir='ltr'>eum</span> <span class='ocrx_word' id='word_1_128' title='bbox 670 2288 906 2359; x_wconf 84' lang='lat' dir='ltr'>accusaverunt,</span> <span class='ocrx_word' id='word_1_129' title='bbox 932 2284 1016 2367; x_wconf 89' lang='lat' dir='ltr'>quod</span> <span class='ocrx_word' id='word_1_130' title='bbox 1038 2287 1121 2348; x_wconf 89' lang='lat' dir='ltr'>esset</span> <span class='ocrx_word' id='word_1_131' title='bbox 1143 2281 1240 2347; x_wconf 82' lang='lat' dir='ltr'>Asiae</span> 
     </span>
     <span class='ocr_line' id='line_1_17' title="bbox 64 2383 1239 2472; baseline 0.002 -23"><span class='ocrx_word' id='word_1_132' title='bbox 64 2387 233 2470; x_wconf 78' lang='lat' dir='ltr'>magister,</span> <span class='ocrx_word' id='word_1_133' title='bbox 268 2383 521 2451; x_wconf 86' lang='lat' dir='ltr'>Christianorum</span> <span class='ocrx_word' id='word_1_134' title='bbox 552 2391 661 2470; x_wconf 89' lang='lat' dir='ltr'>pater,</span> <span class='ocrx_word' id='word_1_135' title='bbox 694 2388 872 2453; x_wconf 86' lang='lat' dir='ltr'>destruetor</span> <span class='ocrx_word' id='word_1_136' title='bbox 903 2389 1032 2452; x_wconf 90' lang='lat' dir='ltr'>deorum</span> <span class='ocrx_word' id='word_1_137' title='bbox 1062 2387 1239 2472; x_wconf 83' lang='lat' dir='ltr'>gentilium,</span> 
     </span>
     <span class='ocr_line' id='line_1_18' title="bbox 66 2490 1239 2575; baseline 0.003 -21"><span class='ocrx_word' id='word_1_138' title='bbox 66 2491 146 2573; x_wconf 89' lang='lat' dir='ltr'>quod</span> <span class='ocrx_word' id='word_1_139' title='bbox 168 2490 280 2555; x_wconf 88' lang='lat' dir='ltr'>multis</span> <span class='ocrx_word' id='word_1_140' title='bbox 308 2512 349 2554; x_wconf 90' lang='lat' dir='ltr'>ne</span> <span class='ocrx_word' id='word_1_141' title='bbox 371 2491 583 2556; x_wconf 79' lang='lat' dir='ltr'>sacrificarent</span> <span class='ocrx_word' id='word_1_142' title='bbox 611 2493 828 2575; x_wconf 84' lang='lat' dir='ltr'>persuasisset.</span> <span class='ocrx_word' id='word_1_143' title='bbox 874 2492 1022 2556; x_wconf 84' lang='lat' dir='ltr'>lrenaeus</span> <span class='ocrx_word' id='word_1_144' title='bbox 1045 2491 1124 2556; x_wconf 86' lang='lat' dir='ltr'>Adv.</span> <span class='ocrx_word' id='word_1_145' title='bbox 1152 2493 1239 2557; x_wconf 85' lang='lat' dir='ltr'>haer.</span> 
     </span>
     <span class='ocr_line' id='line_1_19' title="bbox 64 2593 1241 2680; baseline 0.003 -22"><span class='ocrx_word' id='word_1_146' title='bbox 64 2593 117 2674; x_wconf 86' lang='grc' dir='ltr'>ΠΙ,</span> <span class='ocrx_word' id='word_1_147' title='bbox 141 2597 173 2672; x_wconf 88' lang='grc'>3,</span> <span class='ocrx_word' id='word_1_148' title='bbox 197 2598 218 2659; x_wconf 88' lang='grc'><strong>4</strong></span> <span class='ocrx_word' id='word_1_149' title='bbox 242 2599 366 2673; x_wconf 86' lang='lat' dir='ltr'>antem,</span> <span class='ocrx_word' id='word_1_150' title='bbox 399 2595 454 2677; x_wconf 90' lang='lat' dir='ltr'>qui</span> <span class='ocrx_word' id='word_1_151' title='bbox 476 2617 549 2659; x_wconf 92' lang='lat' dir='ltr'>eum</span> <span class='ocrx_word' id='word_1_152' title='bbox 571 2595 674 2660; x_wconf 88' lang='lat' dir='ltr'>adhuc</span> <span class='ocrx_word' id='word_1_153' title='bbox 697 2597 879 2662; x_wconf 79' lang='lat' dir='ltr'>adolescens</span> <span class='ocrx_word' id='word_1_154' title='bbox 902 2597 1033 2674; x_wconf 83' lang='lat' dir='ltr'>viderat,</span> <span class='ocrx_word' id='word_1_155' title='bbox 1057 2618 1096 2661; x_wconf 88' lang='lat' dir='ltr'>ea</span> <span class='ocrx_word' id='word_1_156' title='bbox 1118 2619 1241 2680; x_wconf 89' lang='lat' dir='ltr'>semper</span> 
     </span>
     <span class='ocr_line' id='line_1_20' title="bbox 65 2699 1240 2785; baseline 0.003 -23"><span class='ocrx_word' id='word_1_157' title='bbox 65 2720 133 2763; x_wconf 88' lang='lat' dir='ltr'>eum</span> <span class='ocrx_word' id='word_1_158' title='bbox 156 2699 301 2765; x_wconf 84' lang='lat' dir='ltr'>docuisse</span> <span class='ocrx_word' id='word_1_159' title='bbox 323 2703 475 2775; x_wconf 88' lang='lat' dir='ltr'>testatur,</span> <span class='ocrx_word' id='word_1_160' title='bbox 509 2722 589 2782; x_wconf 84' lang='lat' dir='ltr'>quae</span> <span class='ocrx_word' id='word_1_161' title='bbox 612 2701 653 2764; x_wconf 86' lang='lat' dir='ltr'>ab</span> <span class='ocrx_word' id='word_1_162' title='bbox 677 2701 831 2784; x_wconf 91' lang='lat' dir='ltr'>apostolis</span> <span class='ocrx_word' id='word_1_163' title='bbox 853 2701 1005 2779; x_wconf 77' lang='lat' dir='ltr'>didicerit,</span> <span class='ocrx_word' id='word_1_164' title='bbox 1030 2723 1111 2785; x_wconf 91' lang='lat' dir='ltr'>quae</span> <span class='ocrx_word' id='word_1_165' title='bbox 1134 2706 1166 2766; x_wconf 90' lang='lat' dir='ltr'>et</span> <span class='ocrx_word' id='word_1_166' title='bbox 1188 2723 1240 2766; x_wconf 88' lang='lat' dir='ltr'>ec·</span> 
     </span>
     <span class='ocr_line' id='line_1_21' title="bbox 65 2801 1239 2889; baseline 0.005 -24"><span class='ocrx_word' id='word_1_167' title='bbox 65 2801 157 2868; x_wconf 86' lang='lat' dir='ltr'>clesia</span> <span class='ocrx_word' id='word_1_168' title='bbox 180 2804 289 2868; x_wconf 87' lang='lat' dir='ltr'>tradat</span> <span class='ocrx_word' id='word_1_169' title='bbox 311 2808 343 2867; x_wconf 88' lang='lat' dir='ltr'>et</span> <span class='ocrx_word' id='word_1_170' title='bbox 366 2826 447 2889; x_wconf 87' lang='lat' dir='ltr'>qnae</span> <span class='ocrx_word' id='word_1_171' title='bbox 463 2805 532 2869; x_wconf 90' lang='lat' dir='ltr'>sola</span> <span class='ocrx_word' id='word_1_172' title='bbox 554 2826 628 2869; x_wconf 87' lang='lat' dir='ltr'>vera</span> <span class='ocrx_word' id='word_1_173' title='bbox 643 2806 715 2882; x_wconf 88' lang='lat' dir='ltr'>sint,</span> <span class='ocrx_word' id='word_1_174' title='bbox 739 2828 776 2869; x_wconf 90' lang='lat' dir='ltr'>ac</span> <span class='ocrx_word' id='word_1_175' title='bbox 798 2803 854 2887; x_wconf 85' lang='lat' dir='ltr'>(cf.</span> <span class='ocrx_word' id='word_1_176' title='bbox 871 2806 949 2869; x_wconf 87' lang='lat' dir='ltr'>Eus.</span> <span class='ocrx_word' id='word_1_177' title='bbox 966 2805 1008 2870; x_wconf 92' lang='lat' dir='ltr'>H.</span> <span class='ocrx_word' id='word_1_178' title='bbox 1024 2806 1062 2870; x_wconf 82' lang='grc' dir='ltr'>Ε.</span> <span class='ocrx_word' id='word_1_179' title='bbox 1080 2805 1119 2882; x_wconf 90' lang='lat' dir='ltr'>V,</span> <span class='ocrx_word' id='word_1_180' title='bbox 1136 2808 1188 2883; x_wconf 87' lang='lat'>20,</span> <span class='ocrx_word' id='word_1_181' title='bbox 1205 2805 1239 2888; x_wconf 89' lang='grc'>6)</span> 
     </span>
     <span class='ocr_line' id='line_1_22' title="bbox 66 2907 1241 2993; baseline 0.004 -24"><span class='ocrx_word' id='word_1_182' title='bbox 66 2907 101 2971; x_wconf 84' lang='lat' dir='ltr'>de</span> <span class='ocrx_word' id='word_1_183' title='bbox 121 2908 284 2973; x_wconf 87' lang='lat' dir='ltr'>miraculis</span> <span class='ocrx_word' id='word_1_184' title='bbox 305 2909 437 2974; x_wconf 89' lang='lat' dir='ltr'>Domini</span> <span class='ocrx_word' id='word_1_185' title='bbox 460 2915 493 2973; x_wconf 91' lang='lat' dir='ltr'>et</span> <span class='ocrx_word' id='word_1_186' title='bbox 516 2911 553 2974; x_wconf 92' lang='lat' dir='ltr'>de</span> <span class='ocrx_word' id='word_1_187' title='bbox 576 2910 727 2986; x_wconf 67' lang='lat' dir='ltr'>docmina,</span> <span class='ocrx_word' id='word_1_188' title='bbox 751 2913 847 2993; x_wconf 85' lang='lat' dir='ltr'>prout</span> <span class='ocrx_word' id='word_1_189' title='bbox 869 2910 909 2973; x_wconf 92' lang='lat' dir='ltr'>ab</span> <span class='ocrx_word' id='word_1_190' title='bbox 934 2909 988 2986; x_wconf 87' lang='lat' dir='ltr'>iis,</span> <span class='ocrx_word' id='word_1_191' title='bbox 1022 2910 1078 2991; x_wconf 92' lang='lat' dir='ltr'>qui</span> <span class='ocrx_word' id='word_1_192' title='bbox 1099 2909 1241 2975; x_wconf 91' lang='lat' dir='ltr'>Verbum</span> 
     </span>
     <span class='ocr_line' id='line_1_23' title="bbox 66 3012 1239 3098; baseline 0.003 -23"><span class='ocrx_word' id='word_1_193' title='bbox 66 3012 144 3076; x_wconf 82' lang='lat' dir='ltr'>ritae</span> <span class='ocrx_word' id='word_1_194' title='bbox 167 3013 231 3097; x_wconf 90' lang='lat' dir='ltr'>ipsi</span> <span class='ocrx_word' id='word_1_195' title='bbox 254 3014 485 3098; x_wconf 85' lang='lat' dir='ltr'>conspexerint,</span> <span class='ocrx_word' id='word_1_196' title='bbox 511 3014 677 3097; x_wconf 88' lang='lat' dir='ltr'>acceperit,</span> <span class='ocrx_word' id='word_1_197' title='bbox 701 3014 811 3078; x_wconf 87' lang='lat' dir='ltr'>eodem</span> <span class='ocrx_word' id='word_1_198' title='bbox 833 3035 962 3096; x_wconf 91' lang='lat' dir='ltr'>prorsus</span> <span class='ocrx_word' id='word_1_199' title='bbox 978 3015 1071 3078; x_wconf 95' lang='lat' dir='ltr'>modo</span> <span class='ocrx_word' id='word_1_200' title='bbox 1094 3036 1166 3079; x_wconf 91' lang='lat' dir='ltr'>eum</span> <span class='ocrx_word' id='word_1_201' title='bbox 1188 3037 1239 3080; x_wconf 90' lang='lat' dir='ltr'>re·</span> 
     </span>
     <span class='ocr_line' id='line_1_24' title="bbox 66 3117 1239 3202; baseline 0.002 -22"><span class='ocrx_word' id='word_1_202' title='bbox 66 3117 182 3195; x_wconf 86' lang='lat' dir='ltr'>tulisse,</span> <span class='ocrx_word' id='word_1_203' title='bbox 205 3118 240 3182; x_wconf 91' lang='lat' dir='ltr'>in</span> <span class='ocrx_word' id='word_1_204' title='bbox 262 3119 409 3184; x_wconf 87' lang='lat' dir='ltr'>omnibus</span> <span class='ocrx_word' id='word_1_205' title='bbox 432 3141 504 3184; x_wconf 91' lang='lat' dir='ltr'>cum</span> <span class='ocrx_word' id='word_1_206' title='bbox 528 3118 692 3202; x_wconf 83' lang='lat' dir='ltr'>Scriptura</span> <span class='ocrx_word' id='word_1_207' title='bbox 708 3117 805 3182; x_wconf 90' lang='lat' dir='ltr'>Sacra</span> <span class='ocrx_word' id='word_1_208' title='bbox 828 3118 1083 3195; x_wconf 89' lang='lat' dir='ltr'>consentientem,</span> <span class='ocrx_word' id='word_1_209' title='bbox 1108 3123 1141 3183; x_wconf 88' lang='lat' dir='ltr'>et</span> <span class='ocrx_word' id='word_1_210' title='bbox 1163 3118 1239 3182; x_wconf 81' lang='lat' dir='ltr'>Flo·</span> 
     </span>
     <span class='ocr_line' id='line_1_25' title="bbox 65 3220 1240 3308; baseline 0.002 -23"><span class='ocrx_word' id='word_1_211' title='bbox 65 3220 129 3285; x_wconf 91' lang='lat' dir='ltr'>rino</span> <span class='ocrx_word' id='word_1_212' title='bbox 160 3222 394 3306; x_wconf 88' lang='lat' dir='ltr'>condiscipulo,</span> <span class='ocrx_word' id='word_1_213' title='bbox 426 3228 464 3288; x_wconf 89' lang='lat' dir='ltr'>ut</span> <span class='ocrx_word' id='word_1_214' title='bbox 487 3225 516 3287; x_wconf 91' lang='lat' dir='ltr'>ei</span> <span class='ocrx_word' id='word_1_215' title='bbox 537 3225 660 3307; x_wconf 89' lang='lat' dir='ltr'>probet,</span> <span class='ocrx_word' id='word_1_216' title='bbox 694 3224 884 3299; x_wconf 87' lang='lat' dir='ltr'>doctrinam,</span> <span class='ocrx_word' id='word_1_217' title='bbox 917 3246 1013 3306; x_wconf 90' lang='lat' dir='ltr'>quam</span> <span class='ocrx_word' id='word_1_218' title='bbox 1043 3224 1240 3308; x_wconf 87' lang='lat' dir='ltr'>provectiore</span> 
     </span>
     <span class='ocr_line' id='line_1_26' title="bbox 67 3326 1239 3412; baseline 0.003 -23"><span class='ocrx_word' id='word_1_219' title='bbox 67 3329 166 3390; x_wconf 84' lang='lat' dir='ltr'>aetate</span> <span class='ocrx_word' id='word_1_220' title='bbox 194 3326 360 3410; x_wconf 86' lang='lat' dir='ltr'>professus</span> <span class='ocrx_word' id='word_1_221' title='bbox 383 3332 447 3403; x_wconf 87' lang='lat' dir='ltr'>est,</span> <span class='ocrx_word' id='word_1_222' title='bbox 479 3349 544 3392; x_wconf 89' lang='lat' dir='ltr'>nou</span> <span class='ocrx_word' id='word_1_223' title='bbox 566 3349 636 3392; x_wconf 89' lang='lat' dir='ltr'>eam</span> <span class='ocrx_word' id='word_1_224' title='bbox 666 3348 749 3405; x_wconf 89' lang='lat' dir='ltr'>esse,</span> <span class='ocrx_word' id='word_1_225' title='bbox 783 3350 878 3412; x_wconf 90' lang='lat' dir='ltr'>quam</span> <span class='ocrx_word' id='word_1_226' title='bbox 900 3329 1054 3410; x_wconf 83' lang='lat' dir='ltr'>magister</span> <span class='ocrx_word' id='word_1_227' title='bbox 1075 3328 1239 3412; x_wconf 88' lang='lat' dir='ltr'>praedica·</span> 
     </span>
     <span class='ocr_line' id='line_1_27' title="bbox 65 3430 1240 3517; baseline 0.004 -26"><span class='ocrx_word' id='word_1_228' title='bbox 65 3430 158 3506; x_wconf 79' lang='lat' dir='ltr'>verit,</span> <span class='ocrx_word' id='word_1_229' title='bbox 188 3451 254 3494; x_wconf 92' lang='lat' dir='ltr'>uon</span> <span class='ocrx_word' id='word_1_230' title='bbox 277 3430 381 3495; x_wconf 92' lang='lat' dir='ltr'>solum</span> <span class='ocrx_word' id='word_1_231' title='bbox 402 3452 562 3495; x_wconf 86' lang='lat' dir='ltr'>sermones</span> <span class='ocrx_word' id='word_1_232' title='bbox 583 3432 617 3495; x_wconf 94' lang='lat' dir='ltr'>in</span> <span class='ocrx_word' id='word_1_233' title='bbox 638 3433 823 3496; x_wconf 89' lang='lat' dir='ltr'>memoriam</span> <span class='ocrx_word' id='word_1_234' title='bbox 845 3436 988 3509; x_wconf 81' lang='lat' dir='ltr'>revocat,</span> <span class='ocrx_word' id='word_1_235' title='bbox 1022 3455 1100 3517; x_wconf 90' lang='lat' dir='ltr'>quos</span> <span class='ocrx_word' id='word_1_236' title='bbox 1122 3433 1177 3496; x_wconf 91' lang='lat' dir='ltr'>ille</span> <span class='ocrx_word' id='word_1_237' title='bbox 1201 3433 1240 3496; x_wconf 89' lang='lat' dir='ltr'>ad</span> 
     </span>
     <span class='ocr_line' id='line_1_28' title="bbox 66 3534 1241 3621; baseline 0.003 -25"><span class='ocrx_word' id='word_1_238' title='bbox 66 3534 217 3618; x_wconf 88' lang='lat' dir='ltr'>populum</span> <span class='ocrx_word' id='word_1_239' title='bbox 241 3535 402 3611; x_wconf 85' lang='lat' dir='ltr'>habuerit,</span> <span class='ocrx_word' id='word_1_240' title='bbox 434 3558 471 3601; x_wconf 89' lang='lat' dir='ltr'>ac</span> <span class='ocrx_word' id='word_1_241' title='bbox 493 3535 682 3601; x_wconf 84' lang='lat' dir='ltr'>familiarem</span> <span class='ocrx_word' id='word_1_242' title='bbox 704 3537 970 3613; x_wconf 89' lang='lat' dir='ltr'>consuetudinem,</span> <span class='ocrx_word' id='word_1_243' title='bbox 995 3558 1077 3621; x_wconf 88' lang='lat' dir='ltr'>quae</span> <span class='ocrx_word' id='word_1_244' title='bbox 1098 3536 1147 3601; x_wconf 92' lang='lat' dir='ltr'>illi</span> <span class='ocrx_word' id='word_1_245' title='bbox 1169 3558 1241 3600; x_wconf 90' lang='lat' dir='ltr'>cum</span> 
     </span>
     <span class='ocr_line' id='line_1_29' title="bbox 65 3636 1239 3724; baseline 0.003 -23"><span class='ocrx_word' id='word_1_246' title='bbox 65 3636 179 3703; x_wconf 89' lang='lat' dir='ltr'>Ioanne</span> <span class='ocrx_word' id='word_1_247' title='bbox 204 3641 331 3703; x_wconf 89' lang='lat' dir='ltr'>etcum</span> <span class='ocrx_word' id='word_1_248' title='bbox 362 3639 508 3724; x_wconf 90' lang='lat' dir='ltr'>reliquis,</span> <span class='ocrx_word' id='word_1_249' title='bbox 544 3642 599 3724; x_wconf 92' lang='lat' dir='ltr'>qui</span> <span class='ocrx_word' id='word_1_250' title='bbox 628 3640 799 3705; x_wconf 90' lang='lat' dir='ltr'>Dominum</span> <span class='ocrx_word' id='word_1_251' title='bbox 831 3640 936 3723; x_wconf 91' lang='lat' dir='ltr'>ipsum</span> <span class='ocrx_word' id='word_1_252' title='bbox 958 3641 1110 3718; x_wconf 83' lang='lat' dir='ltr'>viderint,</span> <span class='ocrx_word' id='word_1_253' title='bbox 1140 3642 1239 3705; x_wconf 87' lang='lat' dir='ltr'>inter-</span> 
     </span>
     <span class='ocr_line' id='line_1_30' title="bbox 66 3744 1238 3829; baseline 0.002 -23"><span class='ocrx_word' id='word_1_254' title='bbox 66 3744 201 3820; x_wconf 83' lang='lat' dir='ltr'>cesserit,</span> <span class='ocrx_word' id='word_1_255' title='bbox 226 3745 281 3808; x_wconf 87' lang='lat' dir='ltr'>sed</span> <span class='ocrx_word' id='word_1_256' title='bbox 304 3744 400 3809; x_wconf 86' lang='lat' dir='ltr'>etiam</span> <span class='ocrx_word' id='word_1_257' title='bbox 422 3745 543 3823; x_wconf 91' lang='lat' dir='ltr'>locum,</span> <span class='ocrx_word' id='word_1_258' title='bbox 575 3747 609 3810; x_wconf 92' lang='lat' dir='ltr'>in</span> <span class='ocrx_word' id='word_1_259' title='bbox 632 3768 694 3829; x_wconf 92' lang='lat' dir='ltr'>quo</span> <span class='ocrx_word' id='word_1_260' title='bbox 715 3746 828 3810; x_wconf 89' lang='lat' dir='ltr'>beatus</span> <span class='ocrx_word' id='word_1_261' title='bbox 851 3746 1017 3829; x_wconf 88' lang='lat' dir='ltr'>episcopus</span> <span class='ocrx_word' id='word_1_262' title='bbox 1040 3746 1151 3810; x_wconf 88' lang='lat' dir='ltr'>sedens</span> <span class='ocrx_word' id='word_1_263' title='bbox 1173 3745 1238 3808; x_wconf 89' lang='lat' dir='ltr'>dis·</span> 
     </span>
     <span class='ocr_line' id='line_1_31' title="bbox 65 3848 1241 3933; baseline 0.003 -23"><span class='ocrx_word' id='word_1_264' title='bbox 65 3848 203 3921; x_wconf 79' lang='lat' dir='ltr'>seruerit,</span> <span class='ocrx_word' id='word_1_265' title='bbox 227 3868 394 3930; x_wconf 85' lang='lat' dir='ltr'>processus</span> <span class='ocrx_word' id='word_1_266' title='bbox 409 3870 536 3933; x_wconf 91' lang='lat' dir='ltr'>quoque</span> <span class='ocrx_word' id='word_1_267' title='bbox 559 3850 626 3914; x_wconf 87' lang='lat' dir='ltr'>eius</span> <span class='ocrx_word' id='word_1_268' title='bbox 641 3853 673 3913; x_wconf 89' lang='lat' dir='ltr'>et</span> <span class='ocrx_word' id='word_1_269' title='bbox 695 3850 866 3932; x_wconf 78' lang='lat' dir='ltr'>ingressus,</span> <span class='ocrx_word' id='word_1_270' title='bbox 882 3850 966 3913; x_wconf 86' lang='lat' dir='ltr'>ritae</span> <span class='ocrx_word' id='word_1_271' title='bbox 990 3850 1088 3914; x_wconf 89' lang='lat' dir='ltr'>totius</span> <span class='ocrx_word' id='word_1_272' title='bbox 1104 3850 1241 3913; x_wconf 88' lang='lat' dir='ltr'>formam</span> 
     </span>
     <span class='ocr_line' id='line_1_32' title="bbox 67 3951 1240 4038; baseline 0.002 -23"><span class='ocrx_word' id='word_1_273' title='bbox 67 3955 96 4015; x_wconf 85' lang='lat' dir='ltr'>et</span> <span class='ocrx_word' id='word_1_274' title='bbox 116 3951 258 4036; x_wconf 88' lang='lat' dir='ltr'>corporis</span> <span class='ocrx_word' id='word_1_275' title='bbox 280 3953 427 4035; x_wconf 88' lang='lat' dir='ltr'>speciem,</span> <span class='ocrx_word' id='word_1_276' title='bbox 451 3954 585 4031; x_wconf 88' lang='lat' dir='ltr'>addens,</span> <span class='ocrx_word' id='word_1_277' title='bbox 616 3975 697 4037; x_wconf 91' lang='lat' dir='ltr'>quae</span> <span class='ocrx_word' id='word_1_278' title='bbox 718 3959 795 4018; x_wconf 91' lang='lat' dir='ltr'>tunc</span> <span class='ocrx_word' id='word_1_279' title='bbox 816 3953 969 4038; x_wconf 88' lang='lat' dir='ltr'>temporis</span> <span class='ocrx_word' id='word_1_280' title='bbox 992 3958 1083 4037; x_wconf 84' lang='lat' dir='ltr'>gesta</span> <span class='ocrx_word' id='word_1_281' title='bbox 1105 3953 1177 4029; x_wconf 88' lang='lat' dir='ltr'>sint,</span> <span class='ocrx_word' id='word_1_282' title='bbox 1202 3975 1240 4017; x_wconf 90' lang='lat' dir='ltr'>ea</span> 
     </span>
     <span class='ocr_line' id='line_1_33' title="bbox 67 4055 1240 4141; baseline 0.001 -22"><span class='ocrx_word' id='word_1_283' title='bbox 67 4075 96 4118; x_wconf 82' lang='lat' dir='ltr'>ss</span> <span class='ocrx_word' id='word_1_284' title='bbox 117 4055 232 4120; x_wconf 89' lang='lat' dir='ltr'>melius</span> <span class='ocrx_word' id='word_1_285' title='bbox 255 4057 409 4121; x_wconf 89' lang='lat' dir='ltr'>memoria</span> <span class='ocrx_word' id='word_1_286' title='bbox 429 4060 548 4133; x_wconf 86' lang='lat' dir='ltr'>tenere,</span> <span class='ocrx_word' id='word_1_287' title='bbox 573 4079 668 4141; x_wconf 90' lang='lat' dir='ltr'>quam</span> <span class='ocrx_word' id='word_1_288' title='bbox 690 4079 771 4141; x_wconf 84' lang='lat' dir='ltr'>quae</span> <span class='ocrx_word' id='word_1_289' title='bbox 792 4078 894 4140; x_wconf 89' lang='lat' dir='ltr'>nuper</span> <span class='ocrx_word' id='word_1_290' title='bbox 916 4056 1095 4121; x_wconf 86' lang='lat' dir='ltr'>acciderint.</span> <span class='ocrx_word' id='word_1_291' title='bbox 1128 4056 1240 4120; x_wconf 82' lang='lat' dir='ltr'>&#39;l&#39;radit</span> 
     </span>
     <span class='ocr_line' id='line_1_34' title="bbox 68 4158 1239 4245; baseline 0.003 -23"><span class='ocrx_word' id='word_1_292' title='bbox 68 4179 187 4245; x_wconf 89' lang='lat' dir='ltr'>quoque</span> <span class='ocrx_word' id='word_1_293' title='bbox 210 4158 291 4224; x_wconf 82' lang='lat' dir='ltr'>Adv.</span> <span class='ocrx_word' id='word_1_294' title='bbox 326 4159 412 4225; x_wconf 86' lang='lat' dir='ltr'>haer.</span> <span class='ocrx_word' id='word_1_295' title='bbox 436 4160 493 4238; x_wconf 92' lang='lat' dir='ltr'>III,</span> <span class='ocrx_word' id='word_1_296' title='bbox 518 4163 548 4238; x_wconf 88' lang='lat'>3,</span> <span class='ocrx_word' id='word_1_297' title='bbox 572 4163 608 4240; x_wconf 88' lang='grc'>4,</span> <span class='ocrx_word' id='word_1_298' title='bbox 638 4161 853 4244; x_wconf 88' lang='lat' dir='ltr'>Polycarpum</span> <span class='ocrx_word' id='word_1_299' title='bbox 883 4159 1038 4224; x_wconf 89' lang='lat' dir='ltr'>Marcioni</span> <span class='ocrx_word' id='word_1_300' title='bbox 1068 4159 1239 4245; x_wconf 85' lang='lat' dir='ltr'>aliquando</span> 
     </span>
     <span class='ocr_line' id='line_1_35' title="bbox 67 4261 1239 4347; baseline -0.001 -22"><span class='ocrx_word' id='word_1_301' title='bbox 67 4261 124 4327; x_wconf 88' lang='lat' dir='ltr'>sibi</span> <span class='ocrx_word' id='word_1_302' title='bbox 146 4263 326 4329; x_wconf 90' lang='lat' dir='ltr'>occurrenti</span> <span class='ocrx_word' id='word_1_303' title='bbox 348 4268 380 4328; x_wconf 90' lang='lat' dir='ltr'>et</span> <span class='ocrx_word' id='word_1_304' title='bbox 403 4265 536 4329; x_wconf 88' lang='lat' dir='ltr'>dicenti:</span> <span class='ocrx_word' id='word_1_305' title='bbox 569 4261 781 4347; x_wconf 81' lang='grc' dir='ltr'>ἐπιγινώσκεις</span> <span class='ocrx_word' id='word_1_306' title='bbox 804 4261 903 4344; x_wconf 68' lang='grc' dir='ltr'>ἡμᾶς,</span> <span class='ocrx_word' id='word_1_307' title='bbox 927 4264 1144 4347; x_wconf 88' lang='lat' dir='ltr'>respondisse:</span> <span class='ocrx_word' id='word_1_308' title='bbox 1175 4261 1239 4325; x_wconf 82' lang='grc' dir='ltr'>ἐπι-</span> 
     </span>
     <span class='ocr_line' id='line_1_36' title="bbox 67 4364 1238 4448; baseline 0.005 -21"><span class='ocrx_word' id='word_1_309' title='bbox 67 4364 207 4447; x_wconf 79' lang='grc' dir='ltr'>γινώσκω</span> <span class='ocrx_word' id='word_1_310' title='bbox 230 4367 284 4428; x_wconf 81' lang='grc' dir='ltr'>τὸν</span> <span class='ocrx_word' id='word_1_311' title='bbox 299 4366 500 4448; x_wconf 83' lang='grc' dir='ltr'>πρωτότοκον</span> <span class='ocrx_word' id='word_1_312' title='bbox 522 4376 577 4431; x_wconf 81' lang='grc' dir='ltr'>τοῦ</span> <span class='ocrx_word' id='word_1_313' title='bbox 593 4375 723 4446; x_wconf 85' lang='grc' dir='ltr'>σατανᾶ,</span> <span class='ocrx_word' id='word_1_314' title='bbox 747 4373 779 4433; x_wconf 88' lang='lat' dir='ltr'>et</span> <span class='ocrx_word' id='word_1_315' title='bbox 801 4368 942 4433; x_wconf 89' lang='lat' dir='ltr'>conicere</span> <span class='ocrx_word' id='word_1_316' title='bbox 957 4367 1041 4445; x_wconf 88' lang='lat' dir='ltr'>licet,</span> <span class='ocrx_word' id='word_1_317' title='bbox 1067 4390 1139 4433; x_wconf 89' lang='lat' dir='ltr'>eum</span> <span class='ocrx_word' id='word_1_318' title='bbox 1161 4390 1238 4433; x_wconf 90' lang='lat' dir='ltr'>con·</span> 
     </span>
     <span class='ocr_line' id='line_1_37' title="bbox 69 4470 1239 4548; baseline 0.003 -15"><span class='ocrx_word' id='word_1_319' title='bbox 69 4472 183 4537; x_wconf 79' lang='lat' dir='ltr'>venisse</span> <span class='ocrx_word' id='word_1_320' title='bbox 214 4472 308 4537; x_wconf 91' lang='lat' dir='ltr'>illum</span> <span class='ocrx_word' id='word_1_321' title='bbox 329 4473 526 4537; x_wconf 89' lang='lat' dir='ltr'>haereticum</span> <span class='ocrx_word' id='word_1_322' title='bbox 548 4473 683 4548; x_wconf 82' lang='lat' dir='ltr'>Romae,</span> <span class='ocrx_word' id='word_1_323' title='bbox 717 4472 773 4537; x_wconf 92' lang='lat' dir='ltr'>ubi</span> <span class='ocrx_word' id='word_1_324' title='bbox 795 4471 912 4536; x_wconf 86' lang='lat' dir='ltr'>multos</span> <span class='ocrx_word' id='word_1_325' title='bbox 934 4470 1175 4536; x_wconf 88' lang='lat' dir='ltr'>Valentinianos</span> <span class='ocrx_word' id='word_1_326' title='bbox 1207 4477 1239 4536; x_wconf 89' lang='lat' dir='ltr'>et</span> 
     </span>
     <span class='ocr_line' id='line_1_38' title="bbox 69 4571 1240 4643; baseline 0.002 -5"><span class='ocrx_word' id='word_1_327' title='bbox 69 4571 269 4642; x_wconf 76' lang='lat' dir='ltr'>Marcionitas</span> <span class='ocrx_word' id='word_1_328' title='bbox 300 4582 332 4642; x_wconf 89' lang='lat' dir='ltr'>et</span> <span class='ocrx_word' id='word_1_329' title='bbox 361 4577 441 4643; x_wconf 88' lang='lat' dir='ltr'>alios</span> <span class='ocrx_word' id='word_1_330' title='bbox 472 4577 648 4641; x_wconf 89' lang='lat' dir='ltr'>haereticos</span> <span class='ocrx_word' id='word_1_331' title='bbox 670 4578 711 4641; x_wconf 88' lang='lat' dir='ltr'>ad</span> <span class='ocrx_word' id='word_1_332' title='bbox 740 4574 904 4640; x_wconf 89' lang='lat' dir='ltr'>ecclesiam</span> <span class='ocrx_word' id='word_1_333' title='bbox 935 4575 1096 4640; x_wconf 85' lang='lat' dir='ltr'>reduxisse</span> <span class='ocrx_word' id='word_1_334' title='bbox 1126 4576 1240 4640; x_wconf 87' lang='lat' dir='ltr'>dicitur</span> 
     </span>
    </p>
   </div>
   <div class='ocr_carea' id='block_1_3' title="bbox 0 0 1423 5018">
    <p class='ocr_par' dir='ltr' id='par_1_4' title="bbox 0 0 1423 5018">
     <span class='ocr_line' id='line_1_39' title="bbox 0 0 1423 5018; baseline 0 0"><span class='ocrx_word' id='word_1_335' title='bbox 0 0 1423 5018; x_wconf 95' lang='lat' dir='ltr'> </span> 
     </span>
    </p>
   </div>
  </div>
 </body>
</html>
