2834 5018
446 654 495 708 AI)
516 652 595 708 coli.
615 653 711 719 LVIII,
730 654 852 721 2—LIX,
872 655 895 709 3.
1194 659 1256 723 175

87 833 160 896 vivit
182 836 214 896 ct
247 832 391 896 dominus
413 830 501 895 lesus
525 830 669 897 Christus
691 832 770 896 vivit
793 836 824 896 et
847 832 977 916 spiritus
1000 836 1146 912 sanctus,
1179 834 1257 898 fides

85 944 114 1001 et
135 959 208 1019 spes
231 936 421 1012 electorum,
450 937 496 1000 ita
520 937 574 1020 qui
596 936 630 1000 in
651 935 831 1000 humilitate
854 958 925 1001 cum
948 937 1107 1021 aequitate
1130 938 1258 1003 assidua

84 1042 217 1126 impigre
239 1040 391 1105 mandata
414 1044 446 1104 et
469 1043 641 1124 praecepta
663 1063 682 1103 a
705 1041 763 1104 deo
785 1041 950 1124 proposita
965 1042 1154 1126 exsequitur,
1179 1065 1255 1108 con·

84 1146 211 1209 stitutus
242 1149 274 1209 et
304 1145 421 1209 electus
451 1144 511 1208 crit
538 1144 571 1207 in
601 1166 730 1209 numero
761 1166 885 1224 eorum,
921 1147 975 1229 qui
1007 1146 1169 1210 salvantur
1199 1168 1257 1232 per

82 1251 185 1315 lesum
208 1247 384 1325 Christum,
408 1272 466 1333 per
489 1271 582 1334 quem
605 1250 633 1313 ei
657 1253 706 1313 est
728 1248 832 1333 gloria
853 1250 886 1313 in
909 1250 1034 1314 saccula
1049 1250 1286 1316 saeculoruma

83 1355 193 1419 Amen.

167 1458 249 1524 LIX.
275 1457 332 1523 Sin
355 1465 461 1522 autem
485 1459 613 1543 quidam
635 1479 699 1522 uon
721 1459 1008 1542 obtemperaverint
1027 1459 1075 1537 iis,
1101 1482 1181 1544 quse
1202 1459 1258 1524 ille

82 1585 218 1646 pernes
242 1562 331 1639 dixit,
356 1567 559 1645 cognoscant,
584 1563 751 1628 offensioni
774 1566 806 1626 et
828 1563 969 1646 periculo
992 1585 1055 1628 non
1070 1586 1168 1648 parvo
1191 1586 1258 1628 sese

82 1670 300 1754 implicaturos
324 1691 408 1744 esse;
433 1671 463 1732 2.
487 1692 545 1734 000
569 1674 674 1735 autem
696 1671 879 1735 innocentes
902 1669 1017 1733 erimus
1037 1670 1077 1733 ab
1100 1670 1161 1734 hoc
1182 1691 1257 1754 pcc·

81 1781 151 1839 cato
175 1778 208 1838 et
231 1773 379 1838 continuo
403 1779 528 1838 orantes
551 1797 588 1839 ac
611 1776 825 1860 supplicantes
847 1775 1059 1858 precabimur,
1090 1775 1299 1859 utopifex1⁰

82 1880 224 1943 omnium
247 1899 351 1942 rerum
373 1900 539 1943 numerum
562 1878 732 1943 electorum
755 1901 883 1943 suorum
907 1879 1113 1943 constitutum
1135 1878 1168 1941 in
1189 1883 1258 1942 toto

79 1984 198 2048 mundo
214 1988 378 2047 conservet
393 1983 552 2067 integrum
575 2006 632 2068 per
647 1984 796 2049 dilectum
820 2005 954 2068 puerum
966 1983 1070 2047 lesum
1087 1981 1256 2060 Christum,

79 2109 254 2170 perquem
287 2109 344 2150 nos
364 2077 491 2152 vocavit
514 2088 552 2151 de
584 2088 724 2152 tenebris
746 2089 779 2152 in
811 2087 932 2163 lucem,
964 2088 1002 2150 de
1024 2087 1206 2171 ignorantia
1224 2087 1258 2150 in

81 2192 294 2276 cognitionem
317 2191 437 2274 gloriae
460 2192 597 2255 nominis
620 2191 678 2267 sui,
707 2194 737 2256 3.
761 2195 798 2256 ut
813 2213 974 2275 speremus
988 2191 1022 2254 in
1044 2191 1168 2254 nominc
1191 2193 1255 2265 tuo,

80 2296 238 2379 principio
261 2294 364 2360 omnis
387 2300 562 2373 creaturae,
594 2301 630 2360 ut
653 2296 752 2361 oeulis
775 2297 876 2360 cordis
907 2295 1008 2359 nostri
1031 2294 1149 2378 apertis
1178 2315 1256 2379 cog·
1272 2305 1298 2344 1⁶

80 2421 248 2464 noscamus
271 2404 303 2464 te
326 2398 429 2464 solum
453 2403 653 2464 altissimum
677 2406 711 2464 ι’τι
727 2404 1136 2480 altissimis,soncl1miin
1159 2418 1257 2462 sanc-

81 2511 126 2568 tis
149 2511 390 2584 mitescentem·
412 2504 466 2587 qui
489 2507 646 2569 senicius
662 2511 891 2584 σννοψιιαίὶσιιτ
907 2507 1134 2586 superborum,
1155 2505 1258 2567 solcis

153 2692 185 2745 17
204 2690 257 2742 100.
278 2690 319 2751 57,
341 2691 380 2744 15.
400 2721 433 2728 -
454 2691 485 2745 18
504 2691 555 2745 les.
577 2693 617 2754 13,
638 2693 676 2745 11.
695 2723 729 2731 -
750 2693 781 2746 18
800 2692 843 2745 Pa.
864 2694 905 2757 32,
926 2692 966 2747 10.

80 2871 109 2920 et
127 2863 279 2934 Lightfoot
297 2867 350 2933 δός,
369 2866 490 2924 δέσποτα
508 2867 553 2921 vel
572 2867 659 2921 verba
684 2867 762 2937 poris
790 2867 932 2921 orationes
958 2864 1106 2934 liturgicus
1137 2867 1258 2938 scriptas

80 2955 186 3008 similia
217 2953 425 3023 praemittenda
456 2970 516 3008 esse
546 2955 656 3024 putant.
684 2957 807 3010 nondum
826 2955 920 3008 fuisse.
939 2986 974 2992 -
992 2952 1104 3022 ἀνοίξας
1120 2955 1190 3024 κτλ]
1216 2955 1257 3009 Cf.

82 3041 137 3095 Sed
155 3058 213 3095 non
238 3041 327 3095 solum
352 3058 501 3096 consensus
529 3043 658 3097 codIcum
684 3042 755 3112 Eph.
777 3046 799 3106 1,
815 3045 846 3098 17
860 3061 901 3110 sq.
921 3075 955 3082 —
974 3041 1119 3115 γινώσκειν
1131 3042 1200 3112 κτί..]
1215 3043 1256 3098 cf.

81 3129 195 3192 obstat,
226 3128 275 3183 sed
302 3145 394 3196 neque
413 3130 499 3183 verba
527 3129 577 3183 illa
595 3148 657 3200 sup·
684 3133 779 3186 Ioann.
801 3134 841 3195 17,
854 3131 877 3185 3.
897 3163 930 3171 -
952 3127 1069 3203 ίψιστον
1087 3159 1116 3170 -
1137 3127 1258 3185 ἀναπαυ-

80 3217 215 3286 plesntur
233 3232 347 3271 necesse
366 3220 417 3271 cst.
454 3218 595 3286 Interpres
615 3235 656 3286 sy·
684 3220 797 3289 ὁμενον]
816 3219 867 3273 100.
887 3221 927 3282 57,
950 3220 996 3273 15:
1026 3214 1177 3288 (iturissae
1194 3215 1210 3271 ὁ
1229 3213 1260 3272 ἐν

79 3305 175 3357 riscus
203 3303 299 3358 subita
332 3304 467 3357 orationis
500 3305 658 3359 mutatione
684 3305 799 3380 ὑψηλοῖς
810 3314 949 3363 κατοικῶν
961 3308 1011 3363 τὸν
1022 3306 1117 3369 αἰῶνα,
1136 3299 1214 3375 ἕίγισς
1229 3300 1260 3358 ἐν

80 3391 205 3445 offensus
224 3390 253 3444 in
279 3393 341 3444 toto
360 3408 441 3444 versu
466 3390 580 3457 quidem
605 3410 657 3461 pro
669 3380 672 3391 ¹
684 3394 773 3466 ἁγίοις
790 3390 879 3462 ὄνομα
891 3393 974 3468 αὐτῷ,
993 3390 1111 3465 ίψιστος
1128 3388 1159 3448 ἐν
1171 3389 1261 3462 ἁγίοις

81 3479 207 3532 secunda
224 3496 346 3547 persona
363 3478 477 3533 tertiam
489 3481 592 3549 posuit,
612 3498 657 3536 ne·
684 3480 903 3549 ἀναπαυόμενος.
940 3480 1035 3534 Const.
1055 3496 1099 3548 ap.
1118 3477 1194 3541 VIII,
1217 3478 1258 3541 11,

80 3584 136 3634 quc
154 3582 223 3620 vcro
242 3567 327 3620 alium
350 3568 459 3620 textum
482 3568 559 3637 legit.
597 3569 657 3623 Cle·
669 3610 672 3619 .
684 3569 733 3621 ubi
743 3567 833 3621 oratio
846 3567 972 3636 episcopi
985 3566 1025 3620 sic
1035 3565 1152 3635 incipit:
1171 3566 1258 3640 Κύριε

79 3670 159 3707 mens
179 3653 225 3705 hio
245 3653 347 3723 incipit
358 3652 417 3706 Deo
436 3652 535 3707 laudes
555 3656 584 3709 et
595 3672 657 3725 pre·
683 3654 897 3732 παντοκράτορ,
914 3654 1032 3729 ι’ίψιστε,
1059 3655 1076 3712 d
1096 3654 1126 3712 ἐν
1143 3653 1259 3729 ὑψηλοῖς

80 3758 126 3796 000
146 3740 263 3803 0110ηο,
291 3744 320 3794 et
338 3739 476 3809 suspicari
492 3739 574 3805 licet,
595 3758 656 3796 eum
683 3739 943 3816 κατοιιιῶν,1ίγιο’ἐν
955 3741 1044 3816 ἁγίοις
1055 3742 1257 3810 ὰναπανὸμενε.

79 3828 268 3882 nonnullase
295 3828 414 3898 liturgia
442 3827 578 3883 ccclesiae
603 3818 709 3884 lto-'U
724 3847 812 3897 roque
835 3831 898 3887 loco
917 3831 1005 3902 igitur
1028 3830 1117 3885 habes
1142 3826 1259 3902 ίίψιστος

78 3931 183 3970 manae
204 3913 401 3982 desumpsisse.
437 3914 562 3968 Iustinus
576 3916 657 3986 Apol.
685 3915 715 3975 ἐν
732 3915 854 3990 ὑψηλοῖς.
891 3919 1008 3972 Locutio
1027 3917 1057 3974 ἐν
1068 3915 1195 3989 ὑψίστοις
1213 3931 1258 3968 ex-

78 4004 98 4066 I,
109 4004 144 4057 67
158 4002 273 4069 quidem
286 4001 364 4063 dicit,
384 4002 557 4070 episcopum,
570 4018 657 4070 quan·
685 4006 743 4057 stat
760 4004 810 4058 lob
831 4006 870 4070 16,
892 4006 936 4068 19;
964 4006 1008 4059 Ρο.
1028 4005 1069 4066 72,
1091 4006 1136 4065 11;
1157 4002 1259 4065 148,1;

77 4094 141 4143 tum
153 4089 245 4159 possit
255 4086 317 4161 (ίίση
329 4090 443 4158 δύναμις
454 4088 547 4164 αὐτῷ),
561 4105 657 4158 preces
686 4091 783 4146 Sirach
800 4094 842 4156 26,
863 4094 908 4156 16;
927 4095 968 4156 43,
982 4093 1012 4152 9;
1031 4092 1095 4145 Luc.
1112 4091 1196 4154 2,14;
1218 4091 1259 4151 19,

78 4179 108 4231 et
127 4176 286 4246 gratiamur
309 4175 435 4230 actiones
461 4194 567 4229 sursum
594 4177 658 4232 mit·
685 4180 726 4234 38.
764 4181 807 4234 Ab
826 4180 964 4234 Eunomio
989 4179 1114 4233 Confess.
1135 4176 1179 4231 fid.
1200 4194 1221 4231 c
1242 4178 1259 4230 2

77 4270 148 4319 tere.
188 4262 378 4318 Tertullianus
402 4264 483 4332 Apol.
503 4281 525 4318 c.
545 4266 579 4319 39
597 4283 618 4318 0.
637 4265 657 4318 f.
670 4278 673 4293 ¹
685 4266 761 4321 Dsus
781 4270 864 4336 puter
881 4265 1061 4335 praedicatur
1079 4262 1195 4336 ῧψιστσς
1213 4261 1259 4321 ἐπὶ

76 4352 174 4413 refert,
193 4351 224 4404 in
237 4351 524 4421 2gaP00hriStia110u
537 4351 655 4419 utquis-
684 4362 777 4412 νιᾶσαν
795 4358 845 4424 τὴν
862 4366 920 4425 γῆν,
939 4349 1056 4425 ὕψιστος
1074 4351 1104 4409 ἐν
1121 4350 1257 4426 οὐρανοῖς,

78 4456 134 4507 que
165 4438 200 4493 de
230 4438 376 4506 scripturis
411 4437 517 4490 sanetis
549 4439 595 4491 vel
623 4437 802 4511 (Ιοῧψιστσς
820 4438 850 4496 ἐν
867 4437 1002 4511 ὑψίστοις.
1029 4471 1064 4478 -
1091 4435 1171 4513 ἅγιον
1187 4438 1258 4509 κτλ]

75 4526 195 4597 proprio
215 4524 327 4595 ingenio
347 4525 451 4594 possit,
471 4522 530 4578 Deo
550 4540 657 4580 canere.
685 4525 1011 4596 Liturg.1ac.etMsre.
1031 4525 1060 4580 in
1078 4525 1260 4581 Elevatione:

75 4616 146 4669 Inde
167 4616 266 4667 autem
285 4628 343 4666 non
356 4611 491 4679 sequitur,
509 4615 571 4666 tum
588 4616 657 4667 tem·
685 4609 781 4687 ἅγιειί
807 4611 838 4670 ἐν
864 4611 952 4685 ἁγίοις
978 4611 1198 4685 ἀναπαυόμενος.
1224 4646 1259 4656 -
