2834 5018
430 655 480 709 AD
501 654 675 711 ROMANOS
694 656 714 720 1,
737 656 832 721 Ι-ΙΠ,
854 658 878 711 2.
1176 663 1240 726 255

157 836 181 900 Ι.
206 835 285 901 (lum
307 839 452 921 precibus
475 838 554 902 meis
571 839 654 922 apud
677 840 768 903 deum
784 839 1011 922 impetrassem,
1035 843 1071 903 nt
1094 838 1151 903 deo
1168 840 1238 923 dig·

68 967 126 1009 nos
148 945 256 1008 vultus
286 949 407 1009 vestros
431 966 605 1021 cernerem,
636 946 717 1009 sicut
745 945 841 1010 etiam
869 943 1065 1026 perseveravi
1093 944 1237 1026 petendo,

68 1054 104 1112 ut
127 1049 159 1113 id
175 1049 365 1132 acciperem;
390 1049 512 1114 vinctus
529 1050 612 1113 enim
634 1050 667 1113 in
683 1048 808 1114 Christo
824 1050 896 1114 Iesu
911 1071 968 1113 voa
983 1047 1120 1113 salutare
1135 1070 1236 1132 spere,

68 1154 223 1238 siquidem
246 1152 393 1217 voluntas
417 1155 467 1218 dei
489 1155 539 1232 sit,
563 1159 600 1219 ut
623 1155 735 1238 dignus
757 1153 884 1231 habear,
909 1153 964 1238 qui
986 1153 1026 1216 ad
1048 1152 1142 1217 finem
1164 1175 1237 1237 per·

67 1258 200 1322 veniam.
247 1259 277 1320 2.
302 1257 398 1322 Recte
423 1259 506 1323 enim
538 1259 724 1343 dispositum
747 1263 795 1322 est
823 1258 1028 1343 principium,
1053 1259 1079 1323 si
1102 1259 1265 1341 gratiams

68 1384 251 1445 consequar,
275 1366 312 1426 ut
335 1366 452 1427 sortem
475 1385 578 1428 meam
601 1363 667 1427 sine
689 1363 914 1447 impedimento
930 1362 1090 1447 accipiam.
1127 1362 1236 1427 Timeo

68 1467 151 1531 enim
175 1471 311 1529 vestram
335 1467 508 1542 caritatem,
533 1488 572 1530 ne
596 1489 632 1530 ea
653 1467 731 1531 mihi
753 1473 874 1532 noceat.
921 1467 1022 1532 Vobis
1045 1468 1128 1533 enim
1143 1467 1238 1532 facile

67 1576 125 1647 est,
151 1572 234 1654 quod
256 1569 352 1634 vultis
369 1570 490 1647 facere;
514 1571 593 1635 mihi
615 1592 687 1634 vero
704 1571 833 1635 difficile
856 1576 905 1635 est
927 1573 984 1637 deo
1007 1572 1111 1656 potiri,
1137 1573 1162 1636 si
1182 1593 1238 1636 vos

66 1674 144 1738 mihi
167 1696 229 1738 non
252 1674 398 1758 parcatis.

154 1780 193 1843 Π.
218 1778 303 1843 ΝοΙο
338 1781 419 1844 enim
452 1801 508 1843 ros
542 1778 722 1844 hominibus
756 1778 898 1862 plaeere,
934 1781 989 1844 sed
1011 1781 1069 1844 deo
1102 1781 1235 1864 placere,
1252 1803 1277 1839 ιο

67 1885 331 1969 quemadmodum
354 1889 386 1948 et
406 1884 550 1967 placetis.
596 1883 703 1948 Necne
727 1885 809 1948 enim
833 1906 892 1969 ego
915 1907 1055 1969 unquam
1077 1886 1141 1949 tale
1156 1889 1237 1949 tem-

64 2012 125 2073 pus
149 1990 207 2052 deo
229 1988 371 2072 potiendi
387 1989 552 2073 attingam,
576 2010 674 2052 necne
689 2011 755 2064 vos,
779 1989 805 2052 si
828 1989 987 2066 silueritis,
1011 1989 1134 2054 meliori
1150 1990 1238 2074 operi

66 2093 196 2157 inscribi
219 2093 373 2176 poteritis.
421 2092 454 2156 Si
477 2093 559 2156 enim
583 2093 620 2156 de
650 2113 699 2156 me
723 2092 890 2169 silueritis,
922 2114 981 2177 ego
1005 2115 1075 2157 snm
1106 2096 1237 2158 verbum

66 2199 133 2265 dei:
157 2198 184 2260 si
206 2203 311 2261 autem
334 2219 458 2261 carnem
481 2219 583 2261 meam
606 2197 794 2273 amaveritis,
818 2219 925 2260 rursus
949 2219 1001 2260 ero
1018 2219 1088 2261 vox.
1119 2199 1149 2260 2.
1167 2197 1236 2261 No·

64 2302 122 2365 lite
144 2301 217 2384 plus
239 2302 317 2366 mihi
340 2301 508 2385 praebere,
535 2323 629 2384 quam
650 2303 686 2363 ut
707 2300 852 2364 immoler
875 2301 942 2378 deo,
967 2301 1040 2365 dum
1064 2301 1165 2365 adhuc
1188 2301 1277 2365 al·1r

65 2412 134 2470 tare
156 2412 304 2490 paratum
327 2412 392 2481 est,
425 2411 461 2469 ut
483 2407 516 2469 in
539 2406 668 2469 caritate
692 2404 806 2468 chorus
830 2404 933 2468 effecti
956 2405 1077 2470 canaba
1099 2406 1183 2490 patri
1206 2407 1238 2470 in

65 2509 192 2575 Christo
216 2511 296 2587 Iesu,
323 2511 405 2595 quod
429 2511 503 2573 deus
527 2509 710 2593 episcopum
727 2508 834 2592 Syriae
856 2510 990 2574 inveniri
1013 2511 1162 2595 dignatus
1179 2518 1236 2587 est,

65 2616 106 2681 ab
132 2614 260 2680 Oriente
283 2617 314 2680 in
339 2615 541 2680 Occidentem
564 2636 635 2678 eum
652 2635 817 2678 arcessens.
864 2614 988 2678 Bonum
1010 2620 1059 2679 est
1082 2638 1100 2680 a
1122 2616 1238 2679 mundo

65 2720 208 2784 occidere
232 2720 271 2782 ad
295 2720 395 2791 deum,
419 2723 455 2782 ut
478 2719 510 2781 in
533 2719 602 2801 ipso
625 2719 718 2782 oriar.

154 2822 209 2886 Ill.
235 2823 362 2887 Nemini
393 2846 533 2906 unquam
561 2823 734 2901 invidistis,
766 2824 844 2888 alios
868 2825 1026 2889 docuistis.
1072 2825 1143 2909 Ego
1166 2846 1239 2889 vero
1254 2843 1279 2880 2⁰

64 2927 123 2992 illa
146 2949 271 3011 quoque
294 2927 385 2991 firma
408 2949 476 2991 esse
499 2927 580 3005 volu,
606 2950 686 3011 quae
709 2930 826 2993 docetis
850 2936 881 2994 et
896 2931 1087 3013 praecipitis.
1134 2932 1163 2994 2.
1181 2929 1239 2994 Vi·

64 3221 172 3276 locntio
192 3221 266 3275 haud
280 3221 364 3275 dubie
385 3221 552 3291 explicanda
570 3225 612 3275 est
626 3238 640 3276 e
653 3223 656 3303 ι
667 3221 855 3276 inarticulata,

64 3325 142 3363 more
162 3307 317 3371 artificum,
345 3307 394 3376 qui
422 3308 553 3378 operibus
575 3308 655 3362 asel
702 3312 726 3363 2.
745 3310 863 3363 loannes
891 3310 965 3363 Mon.
991 3310 1082 3363 Curet.
1102 3308 1160 3370 206,
1180 3307 1239 3361 240.

64 3396 200 3466 perfectis
220 3395 278 3448 sive
298 3412 348 3448 sun
373 3397 432 3448 sive
451 3398 639 3464 patronorum,
653 3368 656 3425 Ι
669 3398 786 3451 Severus
806 3396 936 3451 Antioch.
950 3396 1012 3450 Gur.
1025 3397 1083 3459 215,
1103 3395 1162 3449 247.
1181 3399 1239 3462 (κα-

66 3484 169 3550 quibus
187 3481 348 3551 auspicibus
367 3482 566 3551 perfecissent,
592 3499 640 3535 no·
668 3485 717 3540 tdv
735 3488 813 3551 κτλ).
851 3482 893 3537 ef.
920 3483 1067 3552 Ephraem.
1096 3483 1153 3552 Syr.
1173 3501 1238 3552 opp.

64 3572 143 3624 mina
156 3570 307 3623 inscribere
321 3569 449 3623 solebant
468 3570 578 3638 (Zahn).
598 3569 639 3624 Cf.
668 3588 708 3640 gr.
721 3569 767 3633 ΙΙΙ,
781 3571 830 3625 261
843 3570 866 3623 Β
883 3570 925 3623 ed.
940 3568 1094 3623 Assemcni.
1108 3600 1140 3608 -
1154 3589 1238 3626 σπον-

65 3658 177 3712 Nirschl
198 3658 232 3710 ad
251 3658 277 3709 h.
291 3657 356 3710 l.—
369 3656 416 3714 ἀπ’
436 3655 514 3727 ἐμοῦ]
532 3661 641 3730 :uspl
668 3657 805 3729 δισθῆναι]
826 3656 1237 3720 ef.Phil.2,17;11Tim.4,6.

65 3743 281 3816 duct-idrus
295 3785 320 3797 ..
341 3745 430 3815 φωνή]
440 3744 492 3800 Illo
503 3743 640 3798 vocabulo
703 3745 749 3806 ΙΙΙ,
771 3748 792 3799 1.
823 3742 1002 3817 ἐβασκάνατε]
1034 3744 1095 3796 Hoc
1124 3744 1238 3797 verbum

65 3839 175 3889 veteres
189 3847 344 3884 sermonem
357 3832 508 3891 hominum,
522 3831 576 3885 hoc
586 3831 640 3883 cla·
669 3831 811 3901 signifieat
824 3835 852 3885 et
870 3832 988 3885 invidae
1001 3834 1029 3883 et
1044 3832 1183 3897 fascinare
1193 3831 1237 3882 vel

65 3937 172 3975 morem
192 3920 357 3973 animalium
374 3919 582 3974 irrationalium
595 3917 640 3971 de·
668 3920 786 3987 decipere
804 3918 875 3988 (Gal
898 3918 921 3979 3,
946 3918 978 3986 1).
1015 3917 1076 3972 Vox
1103 3918 1239 3974 διδάσκειν

66 4008 225 4077 signabant.
266 4006 307 4060 Cf.
330 4005 479 4075 Lightloot
508 4005 544 4058 ad
561 4005 587 4057 h.
608 4006 640 4065 l.;
669 4005 801 4075 opposita
828 4006 894 4058 huie
922 4004 1014 4058 sensui
1038 4004 1130 4067 favet,
1159 4007 1239 4058 tenor

65 4094 449 4162 Lerseh‚Spracbplrilosoptie
460 4094 507 4146 der
515 4090 641 4146 Alteulll
668 4091 805 4160 epistulae
819 4096 913 4145 autem
933 4089 982 4148 illi.
1018 4091 1076 4160 lgn.
1096 4092 1172 4153 dicit,
1186 4090 1238 4146 Ro·

65 4183 165 4251 (1841),
182 4182 215 4235 32
227 4199 288 4247 sqq.
308 4181 409 4234 Sensus
429 4182 472 4233 est
495 4180 596 4249 igitur:
617 4179 640 4233 si
668 4195 765 4232 manos
783 4177 890 4232 nemini
913 4176 1032 4246 gloriam
1056 4194 1106 4247 pro
1126 4178 1237 4232 Christo

64 4269 145 4323 vobis
168 4268 327 4323 tacentibus
347 4285 397 4335 per
417 4267 583 4335 martyrium
604 4266 640 4320 ad
668 4263 805 4318 moriendi
824 4263 968 4326 invidisse,
988 4263 1058 4317 alios
1077 4265 1171 4333 potius
1184 4281 1237 4318 ser·

64 4355 154 4411 Deum
173 4356 345 4425 perveniam,
373 4370 419 4407 ero
438 4355 553 4408 verbum
575 4352 639 4415 Dei,
668 4367 749 4405 mone
768 4355 797 4405 et
810 4350 936 4420 exemplo
950 4350 987 4403 ad
999 4351 1164 4420 martyrium
1177 4353 1237 4406 sub·

63 4444 146 4498 testis
159 4459 191 4495 ao
199 4441 359 4510 praeeoDei
370 4443 398 4493 et
406 4440 560 4494 voluntatis
568 4439 639 4502 eius;
668 4439 789 4493 eundum
808 4436 997 4492 commovisse.
1026 4436 1156 4492 Fortasse
1170 4436 1239 4490 haec

63 4530 107 4583 sin
127 4534 222 4583 autem
241 4546 319 4582 amor
338 4533 431 4583 vester
448 4529 477 4581 in
496 4544 578 4581 carne
596 4544 640 4581 me
668 4527 790 4582 scribens
805 4525 957 4579 Clementis
971 4525 1122 4594 epistulam
1140 4524 1176 4577 ad
1187 4525 1236 4578 Co·

61 4618 202 4680 retineat,
230 4617 302 4670 nihil
322 4633 368 4670 ero
389 4616 444 4669 nisi
460 4631 514 4668 vox
532 4613 592 4668 sola
612 4617 640 4669 et
667 4612 787 4667 rinthios
804 4610 925 4680 respicit
