2834 5018
190 335 254 399 228
512 391 514 395 ,
609 329 751 385 IGNATII
767 328 947 384 EPISTULA

189 506 293 590 ἁγίου·
327 507 360 581 ὃς
383 506 538 591 ἐγεννήθη
567 508 620 569 καί
644 505 838 592 ἐβαπτίσθη,
868 506 920 569 ίνα
943 511 986 587 τῷ
1017 503 1115 568 πάθει
1137 504 1173 566 τδ
1203 502 1288 584 ὕδωρ
1309 523 1369 564 κα-

191 609 317 695 θαρίση.

277 718 363 783 ΧΙΧ.
387 715 450 779 Καί
483 715 601 781 ἔλαθεν
628 715 682 778 τὸν
714 715 852 796 ἄρχοντα
883 720 938 776 τοῦ
968 713 1079 788 αἰῶνος
1110 713 1221 776 τούτου
1251 711 1370 795 ηπαρ-

191 820 284 887 aeva
311 818 432 902 Μαρίας
461 821 514 883 καί
538 820 555 882 ὁ
579 819 706 894 τοκετὸς
735 820 848 902 αὐτῆς,
880 817 994 901 ὁμοίως
1023 819 1076 881 καί
1109 817 1290 892 δθάνατος
1317 826 1370 880 τοῦ

165 924 313 1006 υκυρίου·
348 924 417 1008 τρία
440 923 593 1008 μυστήρια
622 932 776 1006 κραυγῆς,
800 924 890 986 άτινα
914 922 947 986 ἐν
969 922 1086 1006 ἡσυχίᾳ
1108 925 1188 988 θεοῦ
1211 921 1370 1005 ἐπράχθη.

192 1033 222 1095 2.
246 1038 313 1105 πῶς
336 1025 391 1093 οὖν
423 1026 611 1112 ἐφανερώθη
634 1037 698 1102 τοῖς
730 1027 856 1104 αἰῶσιν;
891 1028 989 1109 ἀοι-ἠρ
1014 1026 1047 1091 ἐν
1080 1029 1201 1109 οὐρανῷ
1231 1025 1372 1109 ἔλαμψεν

192 1134 270 1215 ὑπέρ
298 1133 417 1209 πάντας
446 1135 517 1207 τοὺς
547 1130 695 1214 ἀστέρας,
727 1133 780 1194 καί
804 1133 839 1194 τδ
872 1139 938 1214 φῶς
970 1133 1066 1194 αὐτοῦ
1096 1129 1312 1213 ἀνεκλάλητον
1335 1128 1372 1215 ἦν

192 1239 247 1300 καί
272 1236 412 1320 ξενισμὸν
427 1245 574 1320 παρεῖχεν
596 1235 617 1319 τ)
634 1236 780 1321 καινότης
795 1237 901 1315 αὐτοῦ,
924 1238 964 1298 τά
986 1236 1021 1299 δέ
1036 1235 1131 1299 λοιπά
1153 1235 1257 1298 πάντα
1273 1236 1372 1316 ἄστρα

193 1345 259 1426 ἅμα
281 1341 360 1426 ἡλίῳ
384 1343 437 1405 καί
460 1341 576 1425 σελήνη
591 1343 684 1424 χορδς
707 1340 830 1425 ἐγένετο
854 1348 898 1423 τῷ
914 1339 1029 1422 ἀστέρι,
1054 1342 1147 1415 αὐτὸς
1169 1340 1204 1402 δέ
1226 1337 1264 1425 ἠν
1281 1340 1371 1422 ὑπερ-

154 1473 179 1510 10
194 1446 321 1533 βάλλων
343 1448 378 1509 τὸ
402 1455 468 1529 φῶς
491 1447 586 1510 αὐτοῦ
610 1446 687 1527 ὑπέρ
709 1447 826 1509 πάντα·
857 1446 979 1530 ταραχὴ
1002 1466 1036 1508 τε
1058 1443 1113 1531 ἧν,
1136 1444 1239 1511 πόθεν
1261 1443 1282 1527 ί)
1305 1466 1373 1507 και-

194 1552 284 1637 νότης
305 1550 326 1633 ἡ
350 1552 494 1634 ἀνόμοιος
524 1553 637 1626 αὐτοῖς.
683 1555 712 1618 3.
738 1552 816 1615 ὅθεν
840 1549 947 1613 ἐλύετο
980 1560 1068 1612 πᾶσα
1097 1548 1211 1633 μαγεία
1234 1550 1289 1611 καί
1312 1558 1372 1622 πᾶς

194 1657 305 1739 δεσμὸς
338 1655 506 1739 ἠφανίζετο
539 1654 667 1731 κακίας·
702 1657 813 1740 ἄγνοια
848 1658 1040 1740 καθηρεῐτο,
1074 1653 1195 1717 παλαιὰ
1229 1652 1373 1739 βασιλεία

194 1760 389 1844 διεφθείρετο
412 1764 491 1827 θεοῦ
515 1759 722 1843 ἀνθρωπίνως
746 1760 976 1843 φανερουμένου
1000 1760 1043 1836 εἰς
1066 1760 1249 1842 καινότητα
1273 1757 1373 1820 ἀϊδίου

194 1867 301 1950 ζωῆς·
326 1867 426 1949 ἀρχὴν
448 1866 484 1929 δέ
500 1864 674 1950 ἐλάμβανεν
697 1866 732 1928 τὸ
754 1867 839 1947 παρὰ
862 1868 930 1948 θεῷ
948 1863 1184 1949 ἀπηρτισμένου.
1224 1863 1320 1928 ἔνθεν
1335 1863 1373 1925 τά

156 1994 180 2033 ιο
194 1971 297 2034 πάντα
320 1980 508 2034 συνεκινεῖτο
531 1970 582 2033 διὰ
605 1971 640 2032 τὸ
664 1969 859 2052 μελετᾶσθαι
883 1971 1025 2036 θανάτου
1048 1967 1231 2032 κατάλυσιν.

280 2076 349 2140 XX.
375 2073 451 2138 Ἐάν
482 2095 522 2158 με
551 2073 732 2159 καταξιώση
764 2072 884 2158 Ἰησοῦς
914 2073 1049 2157 Χριστος
1082 2073 1115 2138 ἐν
1145 2085 1184 2159 τη
1213 2083 1372 2158 προσευχῇ

193 2180 280 2263 ὑμῶν
302 2181 356 2242 καί
379 2179 507 2264 θέλημα
530 2178 568 2264 ᾖ,
600 2180 699 2264 ἐντῷ
730 2180 864 2264 δευτέρῳ
892 2180 1047 2266 βιβλιδίῳ,
1074 2181 1091 2242 ὃ
1115 2178 1221 2263 μέλλω
1244 2180 1373 2264 γράφειν

194 2283 274 2366 ὑμῖν,
297 2282 513 2369 προσδηλὼσω
537 2285 617 2367 ὑμῖν,
641 2282 677 2370 ης
699 2284 838 2369 ἠρξάμην
861 2284 1038 2367 οἰκονομίας
1063 2284 1105 2359 εἰς
1120 2285 1174 2347 τὸν
1196 2285 1307 2347 καινὸν
1322 2284 1373 2346 ἀν-

263 2420 280 2474 9
297 2421 382 2493 χορὸς
395 2420 415 2473 L
429 2421 481 2475 eod
494 2420 549 2474 Par
562 2440 568 2473 :
580 2422 673 2495 χωρδς
686 2421 711 2476 G
726 2423 730 2492 (
748 2422 780 2475 10
793 2442 823 2480 τε
837 2421 908 2492 GAg
920 2422 973 2476 cod
986 2421 1058 2474 Par:
1072 2422 1102 2479 a
1114 2421 1136 2474 L
1152 2424 1156 2493 Ι
1174 2423 1207 2476 12
1218 2427 1371 2494 καθῃρεῖτο

195 2525 214 2577 g
227 2525 233 2558 :
246 2512 390 2579 καθηρῆτο
409 2508 433 2563 G

194 2628 354 2699 σπέρματος
381 2632 475 2701 Annio]
503 2631 639 2686 Similiter
665 2633 714 2696 20,
739 2632 948 2695 2;tD0minum
960 2633 1091 2702 perderet
1104 2636 1133 2687 et
1145 2633 1245 2688 Iudam
1263 2634 1374 2687 adeum

196 2715 281 2770 Trall.
299 2717 323 2781 9,
345 2720 373 2779 1;
392 2718 473 2772 Rom.
492 2722 516 2783 7,
535 2722 566 2782 θ;
586 2719 640 2774 Sm.
662 2720 684 2782 1,
705 2720 728 2774 l.
798 2719 1373 2790 prodendumimpelleretchristummor·

230 2802 302 2868 XIX,
324 2804 346 2858 1.
365 2805 465 2860 Euseb.
486 2805 599 2870 Quaest.
619 2806 657 2859 ad
675 2806 771 2875 Steph.
798 2813 879 2863 tuum
898 2825 958 2863 esse
978 2811 1110 2879 ignorare
1128 2825 1186 2862 non
1204 2809 1309 2879 potuit
1328 2807 1374 2861 Ni·

194 2891 251 2954 Ι,2
279 2891 333 2960 (εά.
362 2894 457 2964 Migne
476 2893 530 2957 IV,
552 2893 624 2960 881).
660 2895 770 2964 Fragm.
798 2894 950 2949 hilominus
978 2913 1053 2950 mors
1083 2895 1196 2949 Domini
1225 2913 1316 2964 aeque
1343 2912 1376 2948 ae

195 2996 249 3047 syr.
270 2979 363 3034 Curet.
381 2982 440 3044 219,
461 2981 519 3035 250.
549 2981 676 3035 Andreas
697 2982 771 3036 Cret.
798 2983 947 3053 virginitas
961 2983 1068 3036 Mariae
1087 2983 1230 3052 mysteriis
1244 2984 1374 3037 adnume-

195 3064 298 3120 0er
316 3067 346 3120 in
364 3069 450 3123 nativ.
470 3069 540 3122 Mar.
559 3069 619 3138 (PG
639 3070 680 3133 97,
699 3069 771 3136 854).
799 3070 855 3123 rari
867 3071 969 3139 potuit.
1007 3070 1147 3135 Quamdiu
1161 3070 1237 3124 enim
1247 3069 1374 3126 Christus

194 3153 311 3208 Initium
346 3173 443 3210 versus
482 3156 602 3210 laudant
633 3157 771 3226 Origenes
800 3157 954 3212 amortuis
972 3175 1029 3211 non
1047 3157 1211 3223 resurrexit,
1232 3155 1375 3212 diabolum

195 3241 276 3295 Hom.
287 3242 327 3296 VI
345 3244 375 3297 in
385 3246 450 3300 Lue.
462 3246 515 3312 (etl
527 3245 632 3300 Bened.
643 3245 689 3308 111,
699 3244 770 3311 938),
784 3296 787 3343 Ι
799 3245 882 3313 tegit,
902 3262 973 3308 eum,
994 3245 1044 3311 qui
1063 3249 1106 3300 est
1123 3246 1185 3299 vita
1204 3249 1328 3309 aeterna
1346 3261 1375 3298 re

196 3329 318 3384 Basilius
346 3332 382 3384 M.
403 3333 484 3387 Hom.
512 3332 543 3385 in
561 3350 581 3386 s.
601 3331 707 3387 Christi
726 3347 866 3419 fre-'reta
885 3348 941 3385 non
954 3332 1025 3386 mori
1045 3334 1074 3386 et
1085 3336 1212 3396 mortem,
1233 3350 1321 3401 quarn
1333 3349 1374 3386 su·

196 3419 285 3471 nerat.
305 3418 358 3488 (eu
378 3420 482 3475 Bened.
497 3421 530 3484 Π,
544 3420 615 3517 598),
635 3418 889 3520 Ηίετοτιγ-Ιίυίτεί,
917 3420 973 3473 teti
989 3419 1095 3515 inundo
1119 3436 1181 3472 esse
1199 3420 1298 3474 vitani
1336 3420 1375 3475 01.

196 3522 258 3558 mus
277 3507 308 3559 In
321 3507 422 3561 Mattln
439 3509 516 3572 1,18‚
536 3508 630 3562 Iobrus
643 3506 771 3560 Monaeh.
799 3506 882 3570 Zuhn,
902 3508 1030 3575 lgnatrus
1048 3525 1075 3577 p.
1094 3507 1147 3561 484
1165 3524 1228 3574 sqq.
1248 3507 1376 3562 Uhlhoru

197 3593 273 3662 apud
291 3593 372 3648 Phot.
392 3594 464 3648 Bibl.
485 3595 545 3648 ced.
566 3593 624 3648 222.
654 3591 772 3647 Versum
800 3595 1005 3664 (Zeitschristf.
1024 3597 1086 3649 liet.
1108 3596 1196 3649 ltaeol.
1218 3594 1285 3651 1851
1304 3614 1331 3665 p.
1344 3594 1377 3649 48

196 3683 344 3749 praeterea
370 3681 399 3734 in
417 3685 511 3736 mente
536 3681 642 3735 habent
666 3681 712 3733 vel
731 3681 773 3732 ta·
800 3685 872 3748 sqq.)
891 3685 920 3735 et
939 3681 990 3735 alii
1008 3682 1101 3736 locum
1110 3667 1293 3751 interpretati
1311 3684 1376 3735 sunt

198 3766 255 3820 cite
274 3767 400 3838 allegant
408 3768 582 3838 Theophilus
593 3768 722 3822 Antioeh.
734 3768 772 3837 (7)
800 3787 856 3822 non
875 3770 910 3822 de
934 3769 1087 3825 nativitate
1106 3770 1135 3823 et
1157 3772 1250 3823 morte
1269 3768 1375 3824 Christi

198 3852 353 3909 comment.
380 3854 411 3907 in
437 3855 543 3925 Evang.
572 3854 620 3907 lib.
644 3855 656 3907 Ι
684 3854 772 3924 (Otto,
799 3855 829 3909 in
848 3856 931 3911 terris
950 3858 1079 3926 peraeta,
1101 3856 1149 3909 sed
1168 3855 1204 3908 de
1223 3856 1376 3910 nativitate

198 3940 305 4010 Corpus
324 3942 405 4011 Apol.
425 3941 497 4007 VIII,
518 3943 589 4011 280),
608 3941 773 3997 Ambrosius
801 3946 830 3996 et
847 3947 953 4007 morte,
983 3960 1055 4010 quae
1083 3943 1114 3996 in
1141 3941 1238 3997 divino
1263 3942 1379 3998 consilio

198 4027 230 4080 In
256 4027 320 4083 Luc.
342 4032 363 4093 1,
383 4031 416 4084 27
444 4032 473 4084 et
500 4029 630 4084 nonnulli
657 4028 714 4082 alii.
738 4059 774 4067 —
801 4035 867 4084 unte
896 4030 1009 4084 saecula
1036 4030 1150 4084 decreta
1175 4036 1205 4084 et
1223 4031 1380 4085 constituta

198 4107 301 4170 ἔλαθεν
326 4118 396 4186 κτλ.)
436 4119 564 4188 Ignatius
593 4118 714 4172 fortasse
744 4117 774 4169 in
800 4118 964 4190 (μυστήρια,
1001 4114 1081 4174 ἅτινα
1117 4115 1146 4174 ἐν
1179 4121 1277 4196 ἡσυχίᾳ
1309 4124 1380 4175 θεοῦ

198 4205 294 4254 mente
312 4202 412 4258 habuit
431 4207 443 4259 1
463 4206 524 4260 Cor,
544 4208 567 4270 2,
588 4205 663 4260 7-8.
678 4203 773 4261 -θά-
800 4202 955 4276 ἐπράχθη),
986 4210 1086 4274 postea
1115 4221 1179 4259 vero
1207 4206 1313 4259 mundo
1333 4222 1380 4259 an-

198 4288 291 4357 νατος]
310 4289 448 4346 Diabolus
473 4310 537 4348 cum
556 4293 585 4348 id
603 4294 715 4364 ageret,
742 4294 774 4345 ut
801 4292 934 4346 nuntiata
951 4296 996 4347 est
1008 4292 1160 4367 (κραυγῆς)
1173 4323 1209 4332 -
1220 4297 1285 4366 τρία
1296 4313 1380 4362 μυστ.
