2834 5018
59 326 62 333 .
114 281 273 347 CXLVIII
558 275 838 331 eaonrcouaua

114 463 175 523 tur.
223 456 386 523 Corrector
408 456 488 521 alter
511 454 580 536 (seu
603 455 687 520 Novi
710 455 905 519 Testamenti
929 456 1058 531 tertius3
1088 456 1130 521 N.
1156 456 1193 521 Τ.
1219 479 1291 522 ocr-

115 568 217 627 rector
238 563 391 628 secundus
413 561 577 625 Pastorem
598 582 661 625 non
685 559 814 645 attigit),
840 583 933 644 quem
955 562 1120 646 insignivit
1134 562 1292 628 Tischen·

116 669 188 732 dorl
209 665 262 745 Ca,
286 667 408 751 aliquot
429 663 562 729 saeculis
585 668 755 748 postquam
779 685 816 728 ex
847 669 1012 730 auctorum
1034 666 1183 732 manibus
1215 691 1292 752 pro·

118 772 185 849 diit,
209 773 248 836 ad
272 771 409 836 codicem
431 768 597 845 accessit¹,
628 772 660 831 et
688 773 811 833 textum
833 768 945 853 procul
967 771 1062 835 dubio
1087 771 1151 836 alio
1183 795 1292 838 exem·

115 877 198 961 plari
221 876 362 942 adhibito
386 873 572 949 emendavit,
596 895 822 957 nonnunquam
855 878 961 938 autem
984 876 1081 940 etiam
1103 876 1189 941 male
1220 900 1291 941 mu·

115 978 224 1047 111111.
270 979 427 1064 Equidem
449 983 639 1042 correctores
668 1000 731 1042 nou
755 978 974 1043 discernendos
997 1001 1065 1044 esse
1087 981 1211 1064 putavi,
1238 981 1292 1046 sed

118 1088 227 1151 ambos
250 1085 374 1169 signavi
397 1083 445 1148 Sc.
491 1083 579 1146 luter
602 1083 769 1166 scriptores
785 1084 1023 1160 ecclesiasticos,
1040 1085 1095 1169 qui
1111 1086 1153 1149 ad
1166 1088 1293 1150 textum

117 1191 339 1256 recensendum
362 1188 480 1272 ahquid
495 1187 668 1263 conferunt,
686 1188 872 1271 praesertim
887 1187 1158 1255 Ps-Athanasius
1175 1197 1208 1255 et
1223 1190 1291 1255 An·

117 1294 241 1359 tiochus
253 1293 425 1358 Monachus
437 1293 489 1375 (cf.
503 1315 599 1376 supra
609 1316 641 1376 p.
655 1290 800 1374 CXXIV)
814 1293 996 1357 nominandi
1007 1297 1091 1370 sunt,
1106 1295 1162 1378 qui
1173 1295 1291 1358 multos

118 1399 260 1464 Pastoris
284 1398 479 1483 (praesertim
503 1397 735 1479 Mandatorum)
758 1397 845 1462 locos
861 1398 1010 1482 operibus
1033 1399 1099 1463 suis
1121 1399 1220 1463 tacite
1242 1399 1292 1463 in·

119 1508 291 1569 seruerunt.
337 1502 520 1567 Notandum
542 1525 615 1567 vero
639 1507 696 1578 est,
727 1502 813 1566 illius
835 1503 1010 1587 Praecepta
1032 1503 1073 1567 ad
1096 1502 1292 1568 Antiochum

118 1611 151 1673 in
174 1609 294 1673 duobus
318 1607 476 1672 codicibus
506 1611 628 1671 exstare
658 1606 749 1671 valde
772 1606 854 1671 inter
875 1629 907 1670 se
931 1607 1183 1691 divergentibus.
1229 1607 1291 1672 Pa·

119 1714 281 1778 risiensem
311 1712 403 1794 (saec.
427 1712 516 1792 XIV)
546 1713 666 1795 primus
690 1711 870 1775 Bernartius
892 1711 1101 1776 Montfaucon
1129 1712 1164 1776 in
1188 1712 1292 1777 Atha·

120 1820 201 1883 nasii
223 1841 353 1903 operum
376 1818 512 1882 editione
535 1816 703 1880 Parisiensi
721 1840 747 1879 a.
767 1817 850 1879 1698
871 1816 983 1890 edidit;
1008 1815 1294 1900 Guelferbytanum

121 1923 213 2006 (saec.
239 1922 280 2004 X)
315 1943 415 2005 nuper
437 1919 577 1984 Dindorf
608 1919 691 2002 typis
721 1919 876 2002 expressit
906 1918 1051 2003 idemque
1081 1919 1293 1986 Parisiensem

122 2031 267 2092 accurate
305 2026 455 2090 collatum
490 2025 590 2087 denuo
624 2022 828 2105 publicavit³.
887 2022 991 2087 Codex
1026 2023 1293 2109 Guelferbytanus

121 2135 244 2215 partem
273 2129 518 2212 Praeceptorum
548 2127 685 2211 priorem
716 2132 840 2192 tantum
869 2128 906 2209 (c.
941 2127 1058 2209 1—11)
1089 2152 1223 2216 eamque
1254 2133 1292 2196 ab

121 2236 327 2319 epitomatore
355 2234 388 2296 in
418 2232 552 2295 formam
583 2232 758 2314 compendii
787 2234 945 2297 redactam
977 2234 1125 2299 continet.
1178 2237 1293 2321 Epito-

123 2345 227 2404 mator
249 2341 356 2402 autem
377 2336 547 2420 exemplari
569 2358 633 2400 non
656 2337 759 2401 solum
782 2339 883 2402 multo
907 2339 1094 2422 antiquiore,
1119 2341 1174 2404 sed
1198 2344 1294 2405 etiam

123 2443 333 2509 emendatiore
355 2464 430 2506 usus
453 2447 502 2506 est
525 2464 619 2524 quam
635 2442 781 2507 librarius
805 2444 920 2508 codicis
936 2443 1134 2519 Parisiensis,
1159 2450 1192 2508 et
1214 2467 1293 2509 non·

120 2570 294 2631 numquam
326 2547 420 2611 etiarn
452 2548 605 2625 servavit,
637 2570 716 2632 quae
745 2550 778 2612 11
800 2549 861 2614 hoc
892 2550 997 2613 codice
1020 2550 1137 2614 omissa
1159 2555 1243 2627 sunt,
1267 2573 1292 2615 e.

122 2676 153 2740 g.
178 2653 283 2717 Mand.
307 2651 378 2728 VII,
402 2654 440 2726 4;
473 2651 561 2730 VIII,
588 2655 637 2716 12.
688 2652 818 2738 Signavi
847 2659 1015 2738 utrumque
1046 2656 1185 2720 codicem
1209 2655 1294 2729 Ath;

121 2759 176 2823 ubi
196 2758 277 2822 alter
299 2757 338 2821 ab
362 2757 461 2820 altero
485 2755 648 2839 discrepat,
673 2757 796 2841 signavi
813 2756 1097 2842 Guelferbytanum
1114 2759 1214 2838 Ath¹,
1231 2759 1294 2824 Pa·
1337 2752 1341 2758 ’

120 2864 282 2929 risiensem
304 2861 373 2926 Ath
385 2864 410 2922 ².

211 2967 326 3032 Omnes
349 2966 421 3030 illos
450 2965 553 3029 fontes
585 2965 706 3048 primus
729 2965 897 3048 diligenter
919 2966 1087 3051 Adolphus
1108 2969 1297 3055 Hilgenfeld

124 3071 269 3135 adhibuit
277 3067 299 3132 ⁴.
347 3069 483 3134 Oscarus
507 3070 543 3132 de
567 3068 747 3133 (1111111111ὖ
772 3074 877 3135 autem
899 3094 965 3135 rem
981 3074 1082 3138 denuo
1098 3074 1297 3139 tractandam

124 3176 262 3258 suscepit
292 3175 325 3239 in
356 3196 455 3257 eaque
483 3174 543 3238 hoc
573 3176 666 3238 modo
697 3181 841 3240 versatus
874 3181 930 3240 est.
977 3175 1043 3241 Ubi
1069 3177 1167 3241 codex
1192 3177 1297 3243 Sinai·

123 3280 203 3344 11111
227 3282 377 3360 superest,
402 3277 486 3341 hunc
510 3279 599 3360 quasi
622 3278 730 3342 ducem
753 3283 878 3342 secutus
902 3283 958 3356 est,
984 3302 1055 3344 eum
1069 3303 1134 3345 non
1150 3282 1298 3347 deserens

123 3384 185 3448 nisi
206 3382 399 3466 reliquorum
420 3382 670 3446 testimoniorum
692 3404 845 3447 consensu
868 3383 916 3445 vel
940 3383 1004 3447 alia
1027 3386 1163 3468 quadam
1185 3408 1297 3450 neces·

197 3538 274 3594 lIta
292 3536 401 3591 iudicat
418 3535 620 3599 Tischcndorl’,
648 3534 757 3590 Novum
786 3535 999 3590 Testamentum
1028 3534 1195 3589 Sinaiticum
1222 3537 1298 3593 1863.

123 3645 151 3696 p.
170 3625 261 3680 XXIII
280 3641 321 3690 sq.

195 3714 211 3765 2
230 3713 272 3767 Gt.
293 3710 438 3767 Gebhardt
455 3708 472 3762 1.
492 3724 514 3761 c.
533 3726 560 3777 p.
580 3707 619 3761 Vl
638 3724 678 3774 sq.

195 3803 211 3856 3
229 3798 380 3854 Athanasii
397 3794 581 3851 Alexandrini
592 3794 747 3864 Praecepta
765 3794 800 3847 ad
817 3792 994 3847 Antiochum.
1032 3795 1076 3848 Ad
1096 3796 1207 3850 codices
1227 3797 1300 3852 duos

126 3887 267 3941 recensuit
286 3886 358 3940 Gaii.
378 3883 505 3939 Dindorf.
542 3883 654 3951 Lipsiae
675 3880 749 3936 1857.

196 3975 214 4027 4
231 3975 351 4027 Hermae
369 3973 477 4027 Pastor.
513 3971 619 4027 Graeco
639 3988 653 4024 e
673 3969 815 4024 codicibus
839 3968 974 4022 Sinaitico
1000 3972 1028 4022 et
1047 3968 1186 4037 lipsiensi
1212 3971 1299 4040 scrip-

128 4064 275 4128 torumque
297 4059 549 4114 ecclcsiasticorum
570 4057 708 4127 excerptis
727 4061 779 4111 etc.
815 4055 928 4125 Lipsiae
948 4056 1021 4110 1866.

198 4149 213 4200 5
232 4146 351 4200 Hermae
370 4148 470 4201 Pastor
489 4163 589 4216 graece
609 4149 660 4199 etc.
688 4143 800 4212 Lipsiae
822 4144 887 4198 1877
906 4161 933 4211 p.
953 4140 1096 4197 XXXVIII
1116 4158 1156 4208 sq.
1182 4141 1300 4196 Petrum

130 4237 220 4303 apost.
241 4233 370 4288 editionis
390 4232 544 4303 Lipsiensis
563 4232 664 4287 tertiae
684 4232 752 4284 fasc.
771 4229 818 4282 111.
