2834 5018
174 334 238 399 208
635 327 662 381 11
680 326 885 405 eutimius

175 509 204 572 2.
229 506 283 567 καί
305 506 366 588 γάρ
389 505 481 580 αὐτός
504 503 777 588 πανθαμαρτωλός
807 505 850 568 ών
872 505 925 567 καί
950 502 1043 587 μήπω
1074 506 1181 589 φυγὼν
1208 506 1261 568 τόν
1284 525 1348 567 πει·

174 610 303 693 ρασμόν,
327 608 397 672 ἀλλ’
421 610 466 672 ἔτι
489 609 532 672 ov
556 608 588 673 ἐν
611 609 716 693 μέσοις
739 618 802 685 τοῖς
824 610 968 694 ὀργάνοις
992 619 1046 672 τοῦ
1069 608 1226 694 διαβόλου,
1251 631 1347 672 σπου-

173 714 258 792 δάζω
281 716 336 797 τήν
359 714 556 797 δικαιοσύνην
578 712 712 793 διώκειν,
736 716 820 789 ὅπως
845 714 965 797 ἰσχώσω
988 715 1048 777 κάν
1065 713 1156 798 ἐγγὺς
1179 715 1275 797 αὐτῆς
1298 735 1349 797 γε·

173 817 296 898 νέσθαι,
320 818 511 904 φοβούμενος
534 822 589 904 τήν
611 819 711 903 κρίσιν
734 823 789 904 τήν
812 821 997 905 μέλλουσαν.

146 940 160 979 ⁶
262 926 347 991 XIX.
371 923 479 1004 Ὥστε,
503 925 633 1008 ἀδελφοί
655 928 708 989 καί
732 926 880 1009 ἀδελφαί,
913 929 991 1010 μετὰ
1014 929 1066 990 τὸν
1090 928 1167 992 θεόν
1195 936 1250 1009 τῆς
1272 924 1349 1009 ἀλη·

172 1028 264 1105 θείας
287 1027 491 1113 ἀναγινώσκω
515 1030 585 1114 ὑμῖν
616 1030 749 1108 ἔντευξιν
773 1032 816 1106 εἰς
839 1033 874 1094 τό
896 1030 1060 1115 προσέχειν
1088 1040 1151 1106 τοῖς
1165 1029 1348 1115 ,γεγραμμέ

172 1154 251 1211 νοις,
282 1135 333 1197 ἵνα
362 1137 416 1197 καί
446 1135 574 1210 ἑαυτοὺς
605 1135 727 1221 σώσητε
758 1138 811 1199 καί
841 1139 894 1200 τόν
923 1134 1178 1220 ἀναγινώσκοντα
1201 1134 1234 1199 έν
1259 1135 1347 1216 ὑμῖν·

176 1239 291 1320 μισθόν
314 1241 374 1321 γὰρ
406 1239 482 1303 αίτῶ
505 1240 585 1324 ὑμᾶς
615 1242 650 1302 τό
672 1252 860 1325 μετανοῆσαι
889 1241 922 1319 ἐξ
945 1242 1019 1326 όλης
1042 1240 1170 1323 καρδίας
1193 1238 1348 1323 σωτηρίαν

175 1341 294 1417 ἑαυτοῖς
318 1345 372 1406 καί
395 1345 479 1427 ζωὴν
501 1345 649 1421 διδόντας.
695 1356 785 1409 τοῦτο
807 1347 868 1430 γάρ
898 1345 1082 1429 ποιήσαντες
1113 1346 1231 1408 σκοπόν
1254 1353 1348 1406 πᾶσιν

134 1462 161 1499 10
175 1456 239 1522 τοῖς
261 1447 340 1523 νέοις
363 1447 521 1532 θήσομεν,
552 1458 615 1525 τοῖς
639 1449 835 1534 βουλομένοις
864 1452 932 1533 περί
956 1454 1010 1533 τήν
1034 1448 1192 1535 εὐσέβειαν
1214 1451 1269 1511 καί
1292 1450 1347 1530 τήν

172 1552 369 1636 χρηστότητα
396 1562 451 1616 τοῦ
475 1557 554 1619 θεοῦ
586 1554 773 1636 φιλοπονεῖν.
819 1559 848 1620 2.
872 1557 925 1617 καί
948 1557 990 1638 μή
1014 1555 1117 1638 ἀηδῶς
1149 1555 1272 1637 ἔχωμεν
1294 1552 1347 1614 καί

171 1657 397 1740 ἀγανακτῶμεν
430 1658 459 1720 οἱ
481 1660 611 1740 ἀσοφοι,
642 1661 717 1722 ὅταν
739 1681 784 1734 τις
815 1657 896 1741 ἡμᾶς
928 1661 1065 1741 νουθετῇ
1095 1659 1148 1719 καί
1178 1654 1346 1737 ἐπιστρέφη

171 1762 234 1823 ἀπὸ
256 1772 310 1846 τής
340 1763 462 1839 ἀδικίας
485 1764 528 1839 είς
560 1765 616 1845 τήν
646 1763 853 1847 δικαιοσύνην.
899 1762 996 1826 ἐνίοτε
1018 1763 1079 1845 γὰρ
1106 1761 1226 1844 πονηρά
1249 1759 1347 1841 πράσ-

175 1886 281 1941 σοντες
304 1869 340 1930 οὐ
363 1866 557 1951 γινώσκομεν
579 1868 630 1930 διά
652 1870 707 1951 τήν
730 1867 875 1951 διψυχίαν
898 1868 951 1930 καί
976 1865 1119 1929 ἀπιστίαν
1136 1868 1191 1947 τήν
1215 1864 1346 1928 ἐνοῦσαν

136 1983 161 2022 ¹⁵
175 1968 207 2033 ἐν
230 1981 293 2045 τοῖς
317 1971 466 2054 στήθεσιν
488 1971 587 2055 ήμῶν,
611 1973 664 2034 καί
688 1971 915 2053 ἑσκοτίσμεθα
938 1974 1000 2055 τήν
1024 1970 1178 2034 διάνοιαν
1201 1968 1261 2031 ὑπὸ
1284 1976 1346 2031 τῶν

171 2074 345 2158 ἐπιθυμιῶν
367 2084 429 2138 τῶν
461 2076 609 2159 ματαίων.
655 2080 685 2143 3.
709 2075 873 2158 πράξωμεν
902 2073 956 2139 οὖν
978 2077 1034 2154 τήν
1056 2071 1272 2156 δικαιοσύνην,
1295 2073 1345 2135 ίνα

171 2179 213 2252 εἰς
237 2178 325 2254 τέλος
348 2182 514 2263 σωθῶμεν.
560 2181 705 2263 μακάριοι
728 2181 756 2242 οἱ
778 2179 897 2254 τούτοις
927 2178 1136 2252 ὑπακούοντες
1165 2186 1229 2252 τοῖς
1251 2197 1345 2259 προσ-

174 2282 345 2365 τάγμασιν·
375 2286 435 2347 κᾶν
459 2284 563 2369 ὀλίγον
591 2285 702 2368 χρόνον
731 2284 1005 2367 κακοπαθήσωσιν
1021 2283 1053 2347 ἐν
1076 2290 1120 2366 τῷ
1143 2283 1253 2365 κόσμῳ
1276 2281 1345 2344 τοὺ-

171 2406 225 2468 τῳ,
249 2388 301 2450 τόν
325 2388 487 2453 ἀθάνατον
521 2398 574 2472 τῆς
605 2389 806 2464 ἀναστάσεως
836 2391 956 2470 καρπὸν
989 2387 1203 2471 τρυγήσουσιν.
1247 2390 1279 2453 4.
1303 2387 1344 2468 μὴ

132 2499 158 2539 ²⁰
171 2487 224 2552 οὖν
255 2489 459 2556 λυπείσθωό
489 2493 634 2578 εὐσεβής,
667 2492 721 2555 ἐάν
752 2493 801 2555 ἐπί
830 2503 894 2569 τοῖς
917 2503 970 2556 νῦν
1000 2492 1122 2575 χρόνοις
1144 2490 1344 2572 ταλαιπωρή·

171 2597 322 2679 μακάριος
345 2599 438 2660 αὐτόν
461 2599 606 2681 ἀναμένει
629 2600 756 2683 χρόνος·
787 2598 904 2672 ἐκεῖνος
927 2599 992 2660 ἀνω
1016 2599 1178 2679 μετὰτῶν
1201 2594 1344 2677 πατέρων

171 2700 349 2786 ἀναβιώσας
371 2703 622 2787 εὐφρανθήσεται
645 2705 688 2780 είς
710 2707 763 2767 τόν
787 2703 945 2787 ἀλώπητον
968 2702 1076 2764 αίῶνα.

256 2808 325 2872 XX.
351 2806 452 2870 Ἀλλά
481 2810 558 2893 μηδὲ
581 2809 681 2874 ἐκεῖνο
713 2812 768 2892 τήν
791 2808 928 2871 διάνοιαν
957 2806 1043 2888 ὑμῶν
1066 2803 1269 2886 ταρασσέτω,
1298 2804 1344 2864 ότι

169 2909 324 2995 βλέπομεν
339 2914 410 2986 τοὺς
434 2911 559 2988 ἀδίκους
575 2912 784 2988 πλουτοῦντας
799 2913 852 2975 καί
869 2907 1176 2992 στενοχωρουμένους
1198 2910 1270 2982 τοὺς
1289 2915 1344 2969 τοῦ

242 3094 255 3145 l
276 3090 373 3164 φυγών
391 3109 434 3145 em
454 3091 522 3161 su)
536 3111 542 3144 ι
555 3090 667 3165 φεύγων
685 3092 711 3143 Η
733 3092 738 3160 Ι
761 3092 777 3144 6
795 3086 916 3158 ἔντευξιν
935 3089 979 3142 H:
995 3088 1230 3158 supplicationem
1253 3088 1283 3141 id
1301 3090 1344 3140 est-

171 3178 393 3231 admonitionem
412 3178 430 3231 S
449 3178 555 3247 (glossa
571 3179 735 3247 manifesta)
752 3179 755 3248 Ι
772 3182 787 3234 ‘l
805 3176 869 3247 ὑμῖν
880 3179 915 3246 -Ι-
929 3176 1016 3230 verbu
1029 3176 1110 3230 Deis
1127 3175 1131 3246 Ι
1147 3176 1164 3230 9
1182 3175 1290 3233 σκοπὸν
1308 3174 1342 3227 S:

168 3266 259 3322 κόπον
277 3265 302 3317 Η
327 3264 331 3335 Ι
358 3266 390 3320 13
408 3264 497 3323 ἐνίοτε
515 3267 553 3320 S:
570 3263 629 3323 ἔνια
647 3268 672 3320 Η
697 3268 701 3337 Ι
728 3264 996 3340 18Ι19τούτῳ>8
1021 3265 1025 3334 Ι
1051 3263 1082 3318 19
1101 3261 1247 3320 ἀθάνατον
1264 3259 1342 3318 Sui

169 3353 295 3409 θάνατον
313 3350 339 3403 Η
354 3353 358 3419 Ι
375 3356 558 3425 τρυγήσουσιν
570 3372 576 3405 z
589 3358 776 3427 τρυφήσουσιν
795 3352 813 3405 S

203 3501 228 3552 2.
247 3504 297 3555 δικ.
322 3496 440 3567 διώκειν’]
468 3498 510 3551 cf.
530 3499 543 3552 I
561 3498 633 3552 Tim.
652 3498 676 3559 6,
696 3497 935 3560 11;ΙΖαίιιι,θδίί.
949 3497 1005 3551 Gel.
1015 3496 1151 3565 Ameiqen
1163 3495 1229 3550 1876
1240 3513 1266 3564 p.
1278 3494 1344 3550 1418

169 3587 194 3641 II
213 3587 284 3639 Tim.
302 3586 326 3647 2,
346 3586 387 3638 22.
754 3542 916 3654 ¹proposuit
935 3587 1027 3656 λόγον,
1047 3587 1075 3637 et
1093 3582 1180 3635 verba
1197 3584 1285 3654 λόγον
1295 3594 1344 3652 τῆς

203 3673 275 3736 XIX,
297 3675 317 3725 l.
345 3671 417 3740 μετὰ
435 3691 458 3727 τ.
488 3670 558 3726 θεὸν
582 3670 651 3739 κτλ]
681 3671 697 3724 i.
718 3690 740 3725 e.
768 3672 898 3742 ἀληθείας
925 3669 1030 3723 Paulus
1047 3669 1074 3723 II
1093 3669 1154 3723 Cor.
1173 3670 1198 3731 6,
1217 3670 1247 3730 7;
1272 3667 1342 3737 Eph.

167 3764 321 3830 postquam
342 3759 368 3813 S.
378 3758 541 3826 scripturae
558 3755 650 3811 lectae
668 3762 740 3821 sunt,
753 3758 756 3821 Ι
770 3762 792 3821 1,
813 3758 858 3818 13;
878 3757 903 3810 11
922 3758 992 3811 Tim.
1012 3758 1035 3822 2,
1056 3759 1088 3812 15
1107 3757 1230 3810 exhibet
1250 3786 1284 3795 -
1303 3753 1342 3812 ἔν

167 3850 197 3902 in
216 3848 318 3915 quibus
337 3847 413 3900 Deus
443 3849 502 3907 est,
531 3845 581 3910 qui
608 3845 739 3913 loquitur.
753 3838 755 3903 ξ
769 3846 868 3914 τενξιν]
890 3845 930 3899 Gl'.
951 3843 963 3895 I
982 3843 1067 3897 Clem.
1087 3843 1128 3906 63,
1148 3844 1174 3896 2.
1193 3873 1227 3882 -
1251 3841 1344 3913 άναγι·

168 3933 210 3988 cf.
231 3933 297 3988 Iust.
316 3933 397 4002 Apol.
417 3932 437 3995 Ι,
450 3934 492 3987 67.
511 3931 630 3985 constit.
649 3948 692 4000 ap.
706 3933 740 3996 ΙΙ,
767 3931 878 4001 νώσαω]
892 3931 1017 3985 Homilia
1028 3934 1126 3984 nostra
1138 3930 1226 4001 igitur
1244 3927 1343 3982 lecta

167 4021 208 4075 39.
231 4023 265 4075 54
291 4021 373 4090 (μετὰ
400 4024 449 4090 τήν
476 4018 631 4091 ἀνάγνωσιν
650 4059 676 4073 ..
695 3990 829 4081 καὶΙίυίί.
874 4018 998 4072 lustinus
1032 4021 1127 4071 sutem
1155 4014 1173 4067 l.
1192 4031 1215 4067 ο.
1243 4013 1343 4073 tradit,

168 4111 217 4176 τήν
243 4105 288 4162 ἐπί
315 4116 375 4175 ταῖς
398 4115 518 4181 γραφαῖς
547 4108 739 4175 διδασκαλίαν).
752 4098 754 4103 ’
767 4105 942 4174 episcopum,
966 4105 1015 4158 ubi
1032 4103 1123 4158 lector
1143 4101 1279 4161 desiisset.
1298 4117 1343 4154 ex·

168 4191 264 4245 Lectio
292 4194 363 4249 θεὸν
390 4193 459 4247 duro
480 4197 537 4256 est;
563 4192 613 4246 sed
638 4191 957 4277 codici-,hortationem
984 4191 1078 4244 verbis
1106 4190 1162 4256 (διὰ
1179 4190 1276 4260 λόγου)
1303 4187 1343 4240 fe·

167 4278 219 4331 bus
248 4278 488 4333 consentientibus
516 4282 626 4333 muturs
651 4277 839 4343 noluiloisse
866 4279 895 4331 ot
923 4276 1054 4331 similiter
1081 4276 1272 4331 Tertullianus
1302 4273 1343 4327 Do
