2834 5018
502 560 698 617 BABNABAE
716 559 900 614 EPISTULA.
1183 565 1291 631 XXIII

116 739 149 802 de
171 740 415 804 circumcisione
444 739 483 819 (c.
508 739 557 822 9),
591 741 628 804 de
652 740 729 805 cibis
754 739 791 822 (c.
818 742 870 819 10)
902 746 932 804 91
956 743 993 806 de
1015 741 1148 805 sabbato
1171 738 1210 819 (c.
1237 740 1290 823 15)

114 845 322 927 spiritualiter
352 849 498 919 tantum,
530 866 692 927 nunquam
722 849 826 909 autem
857 847 897 909 ad
920 846 1057 910 litteram
1079 845 1291 929 intellegenda

114 948 216 1013 fuisse.

679 1124 735 1189 Ill.

200 1261 336 1346 Templo
361 1262 549 1327 ludaeorum
578 1263 680 1327 deleto
703 1262 753 1326 vel
774 1269 846 1347 post
868 1287 985 1328 annum
1009 1264 1049 1328 70
1072 1285 1106 1327 se
1128 1264 1291 1347 scripsisse

115 1365 279 1431 Barnabas
304 1368 353 1444 16,
376 1369 462 1431 3-5
487 1368 570 1432 clare
593 1369 719 1432 indicat.
766 1370 877 1455 Neque
907 1371 1036 1435 dubium
1060 1374 1107 1433 est
1129 1376 1160 1434 91
1182 1390 1290 1433 omnes

115 1470 178 1534 fere
202 1472 413 1548 consentiunt,
446 1494 517 1536 eum
546 1494 609 1537 non
639 1479 712 1556 post
735 1496 850 1538 annum
876 1476 936 1539 137
961 1475 1123 1558 scripsisse
1145 1473 1195 1537 vel
1216 1479 1291 1558 post

115 1575 233 1640 bellum
257 1577 418 1640 iudaicum
441 1576 621 1652 secundum,
655 1599 716 1661 quo
739 1576 847 1642 ludaei
870 1580 947 1642 adeo
970 1578 1230 1662 profligabantur,
1255 1581 1291 1641 ut

116 1679 288 1746 Christiani
316 1683 449 1767 proinde
471 1704 533 1746 non
558 1703 595 1745 eo
617 1683 721 1756 m0d0,
756 1704 817 1765 quo
841 1704 859 1745 a
881 1680 1030 1746 Bernaba
1051 1686 1226 1757 monentur,
1251 1682 1290 1746 ab

116 1807 221 1850 eornm
255 1787 327 1871 lege
362 1787 523 1851 avertendi
556 1791 669 1850 essent.
716 1784 848 1862 Quando
880 1790 985 1849 autem
1017 1792 1091 1870 post
1118 1786 1210 1851 illum
1240 1786 1291 1850 rel

116 1897 186 1955 ante
218 1892 303 1956 hunc
332 1915 449 1956 annum
478 1891 648 1974 scripserit,
683 1912 747 1955 non
771 1911 869 1975 aeque
892 1895 1034 1974 apparet,
1067 1895 1099 1954 91
1122 1891 1176 1954 alii
1199 1890 1291 1954 aliter

116 1993 262 2060 sentiunt.
312 1995 384 2059 Duo
407 1995 561 2080 epistulae
583 1995 646 2059 loci
668 2000 793 2077 tempus
816 1995 946 2078 prodere
968 1999 1128 2079 putantur.

200 2098 280 2164 Cum
310 2100 475 2165 Barnabas
501 2102 550 2176 16,
572 2101 658 2164 3-4
691 2100 728 2162 de
752 2099 870 2182 templo
902 2112 964 2162 non
995 2099 1097 2163 solum
1120 2101 1289 2176 destructo,

117 2205 167 2268 sed
190 2206 289 2269 etiam
311 2205 556 2269 reconstruendo
585 2208 662 2287 agat
690 2209 721 2267 91
752 2203 831 2266 illud
853 2203 1006 2286 templum
1030 2203 1216 2268 Iudaeorum
1238 2205 1289 2282 sit,

118 2309 256 2373 nonnulli
280 2310 340 2374 hoc
364 2312 402 2373 de
425 2309 534 2373 eodem
549 2308 849 2391 interpretabantur,
873 2329 1006 2392 cumque
1021 2307 1202 2373 Hadrianus
1216 2331 1289 2394 reg·

119 2435 188 2477 nare
210 2414 367 2497 incipiens
390 2413 515 2477 Iudaeis
533 2413 745 2477 sanctuarium
761 2412 926 2476 restituere
941 2413 1120 2495 permisisse
1136 2415 1289 2490 tradatur,

119 2517 285 2600 epistulam
309 2519 350 2582 ad
372 2518 498 2582 initium
520 2519 611 2601 regui
633 2517 726 2581 huius
749 2517 948 2600 imperatoris
971 2518 1020 2581 vel
1043 2519 1084 2582 ad
1106 2540 1203 2582 annos
1229 2519 1289 2582 117

120 2622 221 2686 -120
244 2623 435 2697 referebant,
465 2622 652 2706 praesertim
675 2620 862 2697 Volkmar¹,
895 2619 919 2683 I.
944 2621 980 2686 G.
1005 2620 1120 2685 Mulier
1136 2618 1158 2686 ².
1204 2621 1290 2698 Quae

119 2749 187 2792 rero
210 2729 249 2792 de
272 2727 393 2811 templo
416 2727 603 2791 ludaeorum
626 2725 781 2790 Hadriani
803 2729 942 2808 tempore
965 2726 1193 2790 reaedificando
1216 2749 1289 2790 nar-

119 2837 232 2908 rantur,
264 2852 378 2915 parum
400 2830 461 2894 fide
485 2833 581 2916 digna
603 2835 684 2895 sunt.
732 2829 853 2894 Deinde
875 2831 1029 2913 templum
1051 2853 1175 2909 novum,
1207 2832 1291 2915 quod

119 2934 277 3001 Barnabas
306 2937 355 3012 16,
372 2938 457 3000 3-4
481 2936 617 3019 respicit,
642 2935 724 2999 idem
744 2956 811 2998 esse
827 2935 958 3014 videtur,
984 2939 1099 3021 dequo
1117 2937 1165 3012 16,
1183 2938 1290 3001 6-10

118 3043 270 3127 disputat,
305 3044 426 3108 scilieet
456 3043 612 3127 templum
644 3041 895 3107 Christianorum
925 3042 1099 3126 spirituale.
1146 3041 1291 3123 Denique

119 3169 194 3229 quae
219 3150 269 3223 16,
287 3149 374 3213 3-4
398 3149 434 3213 de
450 3148 570 3232 templo
593 3148 822 3212 reaedificando
838 3149 992 3222 dicuntur,
1016 3147 1139 3212 etiamsi
1156 3147 1193 3209 de
1208 3151 1289 3210 19111-

119 3252 169 3335 plo
193 3252 381 3318 ludaeorum
403 3254 641 3338 intelleguntur,
667 3255 707 3318 ad
728 3259 853 3337 ternpus
873 3252 1028 3337 epistulae
1044 3251 1218 3315 accuratius
1235 3252 1289 3315 de·

119 3356 296 3429 finiendum,
329 3380 393 3422 non
423 3363 497 3423 sunt
526 3359 649 3434 idonea,
682 3379 753 3422 cum
787 3363 896 3422 auctor
923 3357 1047 3421 ludaeis
1070 3377 1158 3439 spem
1180 3355 1290 3440 templi

119 3465 302 3528 restituendi
333 3485 457 3549 semper
491 3464 649 3528 alentibus
681 3463 778 3527 otiam
806 3468 878 3527 ante
900 3461 1097 3526 Hadrianum
1119 3459 1175 3523 illo
1198 3461 1290 3524 modo

118 3566 202 3651 loqui
224 3568 375 3650 potuerit.
532 3646 535 3653 Ι

200 3672 349 3756 Lipsius⁸
374 3679 406 3737 et
428 3673 600 3737 Hamack⁴
624 3674 805 3739 Bamabam
826 3674 876 3749 16,
894 3674 979 3737 3-4
1004 3672 1041 3735 de
1065 3669 1184 3752 templo
1207 3667 1290 3731 lovis

120 3775 345 3859 Hierosolymis
374 3779 563 3842 exstruendo
595 3778 683 3862 loqui
712 3783 744 3841 et
766 3777 820 3841 ille
844 3799 915 3841 eum
938 3777 1027 3840 annis
1049 3773 1204 3838 Hadriani
1228 3774 1290 3837 120

121 3883 232 3956 -125,
264 3881 315 3945 hic
339 3883 429 3945 annis
454 3882 624 3946 130-131
649 3880 814 3964 scripsisse
837 3884 1033 3944 censuerunt.
1079 3878 1162 3941 Huic
1185 3882 1290 3941 autem

121 3987 299 4062 sententiae,
324 3985 603 4070 1111911111911911995
628 3985 825 4067 approbavit,
853 3985 949 4049 etiam
970 3983 1063 4067 plura
1085 3983 1291 4047 adversantur

124 4090 430 4191 ”Trea—rreum.
444 4123 613 4176 Jabrrucher
627 4122 694 4176 1856
714 4140 740 4191 p.
755 4121 813 4175 350.
856 4121 995 4190 Ursprrmp
1007 4136 1115 4174 9999999
1127 4119 1290 4188 1399999999

127 4207 187 4260 1866
224 4249 229 4260 .
251 4208 334 4260 143-
373 4209 394 4261 l.

187 4211 379 4365 BpErlcldrulrip
396 4296 442 4350 des
461 4297 703 4365 Barnabasbrtefee
723 4295 791 4350 1869
809 4314 837 4365 p.
859 4297 905 4357 18;
925 4293 1070 4349 334-349.

188 4381 203 4434 3
222 4383 406 4436 Bibeltercr'bon
425 4384 466 4436 ed.
488 4384 626 4437 Schenkel
647 4383 713 4439 1869
732 4384 752 4441 Ι,
771 4383 830 4437 371,

188 4468 205 4519 4
222 4469 375 4524 (1999119119
393 4469 439 4523 der
457 4470 662 4525 altchrrstlirlren
682 4469 835 4523 Litteratur
854 4468 886 4532 ll,
906 4468 918 4520 I
939 4468 1037 4535 (1897),
1056 4468 1202 4521 410-497.

189 4543 353 4625 51199ρί199
371 4556 403 4610 de
421 4556 555 4622 11919911,
576 4556 605 4608 in
625 4556 716 4610 119199
733 4556 871 4609 d’br’stoire
889 4557 974 4610 eccle‘s.
995 4554 1117 4623 111999),
1137 4552 1201 4606 Nro.
1216 4551 1289 4605 1-2.
