2834 5018
171 311 228 377 cx
613 304 897 360 rnocnconnnn

171 486 226 563 IV,
251 488 272 551 3
303 485 421 550 mentio
452 486 498 549 fit.
545 482 717 548 Auctorem
744 484 805 548 hoc
835 483 905 547 loco
930 482 1088 548 Eusebius
1119 485 1245 549 nomine
1277 485 1346 550 solo

172 593 325 675 designat,
351 612 423 654 cum
444 589 511 654 fere
533 590 651 673 ubique
673 590 766 666 viros,
791 590 829 652 de
852 589 967 672 quibus
991 590 1072 674 agi,
1097 591 1257 655 nonnullis
1280 591 1346 655 sal-

171 702 236 762 tem
258 697 361 761 verbis
385 695 562 759 accuratius
586 695 722 759 denotet.
768 693 860 759 Unde
884 694 1097 778 colligendum
1120 698 1176 772 est,
1201 693 1346 769 Quadra·

171 807 240 865 turn
263 806 421 865 auctorem
444 799 611 884 apologiae
634 800 663 864 ei
685 800 819 864 eundem
840 800 944 863 visum
965 821 1033 863 esse
1056 822 1128 863 cum
1150 821 1196 878 eo,
1221 801 1259 863 de
1284 822 1346 883 quo

169 905 233 969 iam
256 905 297 969 H.
321 905 360 969 E.
383 904 440 982 III,
457 905 498 969 37
521 903 647 969 locutus
669 908 726 981 est,
751 926 845 988 quem
868 926 939 968 cum
960 904 1088 968 filiabus
1103 903 1248 988 Philippi
1270 926 1347 987 pro·

170 1011 297 1094 phetica
328 1010 433 1094 gratia
463 1008 621 1073 illustrem
651 1014 747 1093 atque
777 1010 898 1093 primae
931 1013 1005 1092 post
1039 1009 1201 1092 apostolos
1232 1010 1348 1073 aetatis

170 1115 269 1179 fuisse
283 1113 480 1191 memoravit,
497 1112 661 1197 aequalem
677 1112 857 1190 clementis,
874 1113 1001 1197 Ignatii,
1019 1113 1199 1197 Polycarpi,
1215 1114 1345 1197 Papiae,

172 1241 259 1304 quos,
284 1241 356 1283 cum
377 1239 441 1281 non
470 1218 589 1302 singuli
611 1239 719 1282 omnes
747 1219 902 1282 recenseri
925 1223 1063 1302 possent,
1088 1241 1113 1282 c.
1138 1219 1267 1282 38-39
1292 1242 1347 1282 ex-

171 1324 267 1408 empli
290 1323 395 1408 gratia
418 1323 562 1387 distincte
577 1323 759 1387 nominavit.
806 1322 886 1387 Cum
907 1322 1021 1386 horum
1040 1328 1244 1387 monumenta
1267 1346 1346 1407 apo·

172 1428 316 1493 stolicam
338 1428 480 1511 ipsorum
503 1428 678 1491 doctrinam
700 1427 894 1491 continentia
917 1427 1019 1491 adhuc
1049 1448 1212 1510 superesse
1240 1429 1346 1503 addat,

172 1533 259 1597 baud
281 1534 375 1597 dubie
397 1533 493 1597 etiam
508 1532 704 1608 Quadratum
726 1532 916 1615 scripturam
938 1532 1110 1596 confecisse
1134 1532 1183 1595 vel
1205 1532 1346 1616 prophe·

170 1643 237 1701 tam
259 1659 331 1702 cum
354 1637 523 1721 apologeta
546 1637 678 1700 eundem
700 1635 798 1700 fuisse
814 1637 935 1700 annuit.
981 1635 1073 1711 Quod
1088 1640 1194 1701 autem
1216 1638 1270 1701 hic
1291 1637 1347 1701 illo

172 1740 242 1806 loco
267 1741 304 1824 (c.
322 1742 464 1824 38-39)
489 1741 768 1826 praetermittitur,
800 1741 832 1804 id
854 1741 926 1804 inde
950 1740 1143 1823 explicatur,
1169 1744 1253 1825 quod
1283 1742 1348 1805 iam

170 1847 267 1930 paulo
299 1853 371 1911 ante
395 1845 434 1928 (c.
452 1846 505 1922 37,
532 1846 564 1926 1)
588 1845 766 1909 nominatus
798 1845 902 1909 fuerat
925 1849 1037 1929 atque,
1071 1867 1142 1909 cum
1165 1846 1348 1930 apologiam

171 1951 334 2016 Hadriano
349 1953 527 2029 obtulisset,
551 1951 648 2015 etiam
662 1951 696 2013 in
719 1972 756 2014 ea
771 1950 918 2027 sectione,
943 1950 976 2013 in
993 1972 1055 2034 qua
1078 1950 1116 2014 de
1130 1950 1192 2015 hoc
1207 1951 1346 2034 impera·

169 2061 239 2121 tore
261 2077 363 2121 sermo
378 2058 476 2120 fiebat
491 2054 560 2138 (IV,
578 2057 598 2119 3
614 2054 685 2139 sq.),
709 2056 929 2119 memorandus
945 2059 1023 2119 erat.
1069 2055 1181 2139 Itaque
1203 2055 1346 2131 Quadra-

171 2165 240 2225 tum
262 2161 376 2224 aetatis
407 2159 632 2243 discipulorum
661 2160 877 2244 apostolorum
910 2159 1008 2223 fuisse
1039 2164 1174 2223 nonest
1206 2160 1346 2236 dubium,

170 2264 265 2347 idque
287 2285 325 2328 eo
347 2264 465 2340 minus,
498 2265 659 2347 cumipse
687 2265 855 2328 nonnullos
888 2286 1014 2341 eornm,
1049 2265 1102 2348 qui
1126 2287 1145 2328 a
1167 2265 1348 2329 Dominoa

170 2369 303 2432 mortuis
333 2369 512 2433 resuscitati
541 2368 674 2446 fuerint,
708 2370 749 2433 ad
778 2392 836 2433 sua
867 2391 967 2453 usque
990 2373 1134 2451 tempora
1166 2370 1347 2453 pervenisse

170 2474 365 2556 profiteatur.
411 2471 599 2537 Accuratius
623 2473 660 2536 de
682 2472 732 2537 his
762 2474 959 2557 temporibus
981 2494 1046 2537 non
1070 2473 1159 2547 dieit3
1194 2496 1266 2537 curn
1289 2497 1347 2536 au·

171 2582 236 2640 tem
258 2576 385 2640 omnino
408 2575 577 2639 verisimile
600 2576 657 2653 sit,
690 2598 762 2640 eum
787 2597 850 2639 non
873 2576 1033 2654 iuvenem,
1065 2577 1119 2640 sed
1143 2581 1247 2641 aetate
1270 2599 1347 2662 pro·

170 2684 297 2744 vectum
326 2702 433 2744 coram
461 2680 651 2763 imperatore
682 2701 749 2743 rem
771 2677 1022 2744 Christianorum
1054 2681 1247 2758 defendisse,
1280 2683 1349 2746 eius

171 2790 307 2850 aetatem
329 2807 430 2870 usque
453 2785 492 2849 ad
507 2807 625 2848 annum
648 2786 690 2848 60
706 2784 829 2849 circiter
851 2784 1031 2870 pertingere
1052 2786 1238 2850 concludere
1261 2786 1347 2850 licet.

170 2890 372 2974 Discipulum
387 2888 604 2972 apostolorum
627 2889 754 2972 quidem
769 2888 948 2964 Quadratus
969 2890 1040 2973 ipse
1053 2910 1118 2953 non
1139 2912 1173 2954 se
1194 2891 1347 2974 appellat.

172 2995 329 3061 Eusebius
352 3017 426 3061 vero
448 2997 482 3061 in
496 2995 638 3059 Historia
660 2994 874 3059 ecclesiastica
896 2998 962 3058 tam
979 2999 1046 3058 arte
1069 3016 1227 3059 eumcum
1251 2996 1348 3059 disci·

170 3100 256 3184 pulis
288 3100 505 3184 apostolorum
538 3100 718 3183 coniungit,
750 3103 786 3162 ut
809 3120 881 3163 eum
909 3119 948 3163 ex
971 3099 1036 3163 illis
1064 3100 1162 3163 fuisse
1191 3100 1349 3165 iudicasse

172 3206 344 3269 censendus
366 3206 416 3269 sit.
463 3205 500 3269 In
516 3203 672 3268 Chronico
695 3226 766 3267 anu.
784 3201 861 3266 Abr.
879 3204 971 3267 2140
994 3225 1066 3267 eum
1089 3204 1235 3268 distincte
1251 3205 1349 3268 etiam

172 3308 389 3393 apostolorum
417 3309 592 3374 auditorem
624 3307 782 3391 appellat,
813 3329 946 3391 cumque
978 3309 1137 3373 versiones
1160 3308 1349 3393 Hieronymi

172 3417 203 3477 et
226 3413 405 3477 armeniaca
426 3419 521 3497 atque
546 3412 708 3495 Syncellns
732 3411 837 3476 locum
859 3412 1022 3477 reddentes
1045 3413 1259 3490 consentiant,
1284 3434 1350 3477 non

171 3521 218 3581 est
250 3517 395 3595 dubium,
428 3517 601 3581 Eusebium
631 3538 739 3579 revera
769 3517 817 3580 ita
847 3516 1018 3598 scripsisse.
1072 3516 1136 3583 Ubi
1166 3515 1350 3593 Quadratus

170 3623 299 3699 vixerit,
329 3623 402 3687 inde
425 3627 574 3706 apparet,
608 3623 692 3706 quod
714 3620 870 3686 Eusebius
893 3621 935 3684 H.
958 3621 996 3684 E.
1021 3621 1181 3699 111,37,1
1207 3643 1279 3685 enm
1303 3622 1350 3685 ita

171 3748 243 3790 cum
264 3727 390 3792 filiabus
412 3727 555 3810 Philippi
577 3730 745 3803 memorat,
779 3731 814 3789 nt
837 3725 1020 3791 concludere
1042 3726 1154 3803 liceat,
1187 3747 1260 3789 eum
1282 3726 1349 3789 illis

170 3831 308 3895 vicinum
330 3832 445 3909 fuisse,
478 3854 516 3896 ex
539 3830 810 3895 Antirnontanista
840 3852 1014 3913 anonymo,
1048 3830 1102 3914 qui
1125 3851 1198 3893 eum
1225 3829 1294 3894 illis
1318 3835 1351 3894 et

172 3934 317 3999 Ammiae
339 3934 600 4018 Philadelphensi
629 3933 775 4017 adiungit
798 3932 885 4014 (Eua.
909 3934 949 4012 V,
975 3934 1025 4009 17,
1049 3933 1101 4015 3),
1136 3938 1233 4016 atque
1264 3933 1348 4011 inde,

173 4040 256 4123 quod
278 4040 492 4105 Montanistae
515 4062 587 4103 eum
609 4044 641 4103 et
663 4038 823 4102 Ammiam
846 4042 998 4122 tanquam
1025 4037 1198 4121 prophetas
1220 4038 1349 4121 praedi-

172 4143 304 4220 cabant,
335 4166 406 4207 cum
435 4144 487 4207 vix
510 4144 576 4208 eius
604 4143 751 4207 notitiam
780 4140 982 4220 habuissent,
1015 4142 1042 4206 si
1063 4141 1174 4226 procul
1203 4141 1243 4205 ab
1268 4142 1347 4225 ipsis

172 4248 315 4313 fuissent.
361 4247 473 4330 Itaque
496 4248 563 4311 iure
585 4246 770 4324 statuimus,
793 4266 866 4310 eum
887 4246 920 4310 in
942 4247 1106 4330 provincia
1127 4246 1208 4311 Asia
1229 4247 1348 4310 vixisse
