2834 5018
547 1604 795 1680 PASTOR.

601 1906 692 1970 Visio
715 1906 738 1969 Ι.

174 2053 207 2121 l.
233 2056 296 2134 Qui
318 2080 368 2122 me
395 2055 537 2132 nutrivit,
562 2056 701 2121 vendidit
722 2078 773 2120 me
796 2056 920 2121 cuidam
935 2056 1075 2135 Rhodae,
1101 2079 1180 2140 quae
1195 2058 1257 2122 fuit

80 2162 212 2226 Romae.
259 2161 337 2225 Post
359 2161 481 2225 multos
505 2183 603 2225 annos
625 2161 707 2226 hanc
728 2183 837 2225 rursus
867 2160 997 2225 conveni
1020 2164 1051 2224 et
1074 2161 1162 2244 coepi
1186 2183 1255 2225 eam

79 2289 187 2330 amare
211 2267 301 2351 quasi
335 2287 482 2330 sororem.
530 2265 559 2328 2.
584 2265 662 2329 Post
694 2270 820 2349 tempus
844 2264 971 2348 aliquod
1004 2265 1104 2329 lavari
1132 2287 1201 2329 eam
1222 2265 1281 2328 ino

77 2370 209 2434 flumine
232 2369 339 2433 Tiberi
361 2370 424 2434 vidi
447 2375 479 2433 et
512 2369 640 2453 porrexi
662 2371 691 2433 ei
724 2392 853 2434 manum
876 2375 907 2433 et
941 2370 1033 2434 eduxi
1063 2391 1133 2433 eam
1155 2391 1172 2432 e
1194 2369 1254 2432 flu-

76 2475 179 2546 mine,
220 2472 316 2538 Cuius
340 2474 480 2558 speciem
516 2496 588 2538 cum
612 2473 775 2551 vidissem,
812 2474 993 2559 cogitabam
1014 2474 1047 2537 in
1071 2474 1163 2537 corde
1185 2495 1255 2538 meo

79 2579 202 2641 dicens:
235 2578 354 2642 Baetim
379 2600 494 2655 essem,
530 2577 678 2642 sitalem
711 2601 841 2643 uxorem
862 2578 1012 2642 haberem
1046 2582 1078 2642 et
1099 2577 1254 2661 pulcritu-

78 2683 153 2746 dine
175 2688 207 2746 et
229 2683 381 2748 moribus.
428 2683 499 2747 Hoc
522 2682 625 2747 solum
661 2683 798 2767 cogitavi
820 2704 923 2766 neque
955 2681 1041 2747 aliud
1075 2681 1254 2765 quidquam.

79 2821 170 2885 gypto
189 2820 287 2869 natum
306 2819 336 2868 et
361 2815 504 2869 dominum
525 2817 656 2869 Iudaeum
684 2833 735 2869 sna
753 2816 838 2885 loqui,
859 2815 882 2869 ai
898 2817 1009 2870 adultus
1038 2816 1147 2869 demum
1165 2818 1210 2870 vel
1228 2817 1257 2870 in

78 2903 176 2957 fuisse.
215 2902 255 2957 ef.
276 2903 312 2955 ad
341 2903 393 2956 hoc
420 2903 507 2971 caput
525 2902 656 2972 Prolego·
685 2903 767 2957 domo
779 2903 896 2958 Rhodae
908 2904 1062 2957 christiana
1079 2904 1203 2957 imbutus
1216 2905 1257 2957 fn-

78 3006 171 3043 mena.
191 3023 223 3032 -
238 2988 334 3060 (Ρὸδῃ]
360 2988 455 3043 Habes
481 2988 535 3043 hoc
553 3005 657 3043 nomen
685 2989 754 3045 isset
772 2990 907 3044 doctrina.
946 2991 1000 3045 Sed
1018 3008 1062 3043 ree
1085 3008 1141 3045 non
1160 2990 1257 3060 liquet

80 3077 157 3146 apud
184 3078 292 3131 veteres
320 3076 397 3130 haud
421 3093 516 3129 rarum
533 3078 595 3131 Act,
616 3078 656 3140 12,
686 3076 755 3130 Cum
784 3076 858 3130 enim
887 3076 921 3130 de
947 3076 1138 3132 adolescentia
1167 3093 1257 3147 paene

81 3165 122 3218 13.
141 3161 358 3234 -εἰςιΡώμηή
378 3165 483 3217 Auctor
499 3180 583 3233 saepe
596 3164 656 3232 qui·
684 3163 756 3216 nihil
774 3163 889 3226 dixerit,
919 3164 1004 3217 etiam
1023 3165 1056 3218 de
1076 3164 1258 3218 conversione

79 3253 145 3306 dem
163 3252 211 3321 (cf,
230 3250 288 3304 Via.
307 3251 327 3313 I,
342 3251 365 3314 2,
379 3251 410 3310 2;
431 3249 476 3311 ΙΙΙ,
496 3250 519 3313 7,
537 3252 568 3312 5;
587 3251 611 3314 9,
628 3252 656 3312 7;
684 3253 779 3303 tacere
805 3249 907 3318 potnit.
944 3249 1048 3303 Romae
1076 3255 1170 3304 autem
1190 3249 1256 3303 Her·

80 3339 147 3393 Sim.
166 3338 186 3401 1,
200 3338 253 3390 3.7
272 3340 334 3401 etc.)
354 3335 393 3403 εἰς
413 3353 463 3405 pro
483 3334 513 3393 ἐν
531 3340 656 3405 usurpat.
684 3354 760 3391 mam
779 3337 921 3390 dominam
940 3336 1042 3390 iterum
1060 3337 1223 3390 convenisse
1242 3352 1256 3390 e

79 3426 143 3479 Hoc
161 3429 256 3478 autem
275 3423 338 3477 loco
358 3427 434 3477 certe
452 3423 542 3477 noluit
555 3423 656 3486 dicere,
684 3442 709 3478 v.
730 3425 746 3478 2
765 3424 863 3477 elucet.
882 3454 916 3462 —
935 3423 1065 3494 ἀδελφήν]
1084 3423 1172 3477 Prisci
1192 3423 1257 3476 fide·

80 3514 187 3567 Romae
200 3530 229 3565 ae
242 3512 386 3565 venditum
400 3526 472 3573 esse,
491 3512 540 3564 sed
552 3511 655 3580 potins,
669 3464 671 3553 Ι
684 3512 726 3565 les
744 3510 822 3564 haud
840 3526 903 3563 raro
921 3510 997 3564 thori
1017 3508 1191 3564 commerciis
1210 3510 1257 3563 ab·

79 3598 226 3652 venditum
254 3616 284 3652 se
302 3598 420 3651 Romam
447 3598 563 3651 venisse.
600 3599 656 3666 Ap·
669 3578 671 3686 Ι
685 3598 829 3651 stinabant
847 3601 876 3651 et
888 3614 988 3651 uxores
1008 3613 1116 3650 sorores
1132 3595 1256 3650 nomina-

79 3689 162 3756 paret
181 3701 293 3752 quoque
313 3702 347 3738 ex
366 3684 505 3747 hocloco,
526 3702 588 3739 eum
600 3686 761 3761 nonibant.
799 3684 840 3741 ef.
859 3684 916 3738 Vis.
936 3684 969 3749 II,
989 3684 1013 3748 3,
1035 3688 1047 3738 l
1068 3687 1125 3737 not.
1145 3683 1198 3736 Sed
1210 3682 1257 3735 hic

78 3771 184 3825 vixisse
203 3773 309 3826 Romae
329 3789 417 3840 usque
443 3772 479 3824 ad
498 3771 571 3824 illud
588 3774 656 3824 tem·
668 3766 671 3883 t
685 3774 719 3826 de
738 3790 833 3827 sorore
845 3771 959 3842 proprio
979 3789 1062 3824 sensu
1075 3770 1257 3839 cogitandum

78 3880 141 3930 pus,
159 3876 214 3928 quo
233 3876 251 3911 a
268 3858 367 3912 Rhode
386 3861 476 3911 emtus
495 3861 553 3919 est;
576 3874 656 3911 aeeue
669 3886 671 3909 ι
685 3864 736 3913 est.
773 3860 892 3913 Hermae
906 3875 1029 3914 amorem
1043 3858 1182 3926 designat,
1201 3874 1256 3925 quo

80 3948 155 4002 eninr
179 3945 257 3999 urbis
276 3946 322 3999 vix
345 3946 451 3999 mentio
470 3947 548 3999 facta
574 3947 656 3999 esset.
669 3920 671 3987 Ι
684 3946 803 4000 Rhodon
823 3964 915 4000 amare
935 3946 1035 4015 coepit.

79 4066 115 4074 —
131 4034 205 4104 μετὰ
213 4032 303 4089 πολλὰ
312 4033 382 4102 κτλ]
399 4031 517 4085 Hermas
528 4030 573 4084 hie
585 4006 672 4141 indi-i
719 4036 742 4087 2.
762 4039 860 4106 διελογ.
880 4031 910 4089 ἐν
924 4053 945 4089 τ.
958 4033 1066 4111 καρδίᾳ]
1086 4031 1256 4085 Hebraicum

79 4125 135 4181 cat,
155 4137 185 4174 ae
203 4122 269 4189 post
287 4119 425 4171 nescimus
443 4122 513 4188 quot
532 4135 620 4172 annos
639 4135 657 4172 a
668 4146 671 4199 l
684 4119 795 4173 dicendi
813 4136 908 4189 genus.
945 4120 986 4173 cf.
1005 4120 1064 4173 Vis.
1084 4119 1104 4183 1,
1123 4121 1147 4179 2,
1160 4119 1190 4180 2;
1209 4119 1256 4182 ΙΙΙ,

79 4207 178 4261 Rhode
197 4206 329 4259 libertum
355 4206 461 4258 factum
479 4207 508 4258 et
533 4222 566 4259 eo
586 4209 655 4259 tem·
668 4232 670 4297 ἡ
682 4208 707 4269 4,
727 4207 757 4269 3;
776 4206 876 4260 Matth.
893 4206 916 4269 9,
927 4207 958 4267 4;
979 4206 1063 4259 Marc.
1074 4208 1097 4268 2,
1107 4206 1131 4259 6.
1142 4205 1170 4268 8;
1189 4205 1255 4258 Luc.

78 4313 157 4366 pore,
178 4311 233 4361 quo
247 4309 308 4346 eam
328 4308 422 4344 rursus
435 4293 557 4354 videbat,
577 4291 655 4346 Chri·
668 4318 670 4337 ι
683 4297 707 4357 3,
729 4296 771 4355 15;
794 4294 819 4355 5,
832 4293 873 4346 22.
892 4323 927 4331 -
945 4302 984 4367 τῷ
1002 4294 1094 4349 κάλλει
1111 4293 1181 4363 κτλ]
1200 4293 1254 4347 Pro

79 4383 205 4438 etianum
223 4379 319 4434 fuisse.
356 4379 516 4433 Verisimile
542 4342 846 4477 quidemtaccueativo
870 4395 970 4449 graeco
997 4380 1047 4448 qui
1067 4379 1170 4434 dicitur
1188 4382 1255 4434 Her·

79 4475 131 4532 est,
158 4473 189 4522 nt
208 4465 340 4520 Harnack
365 4465 444 4518 adh.
463 4465 480 4519 l.
500 4466 743 4529 adnotavitffmaa
771 4468 829 4521 fere
856 4466 960 4533 ubique
979 4467 1106 4521 dativum
1132 4469 1255 4536 usurpat

79 4555 317 4625 comparentibus
328 4552 489 4607 christianis
496 4569 577 4605 usum
586 4538 670 4616 esee!
684 4554 724 4609 cf.
743 4554 802 4608 Vis.
821 4554 854 4618 V,
877 4554 906 4614 1;
929 4552 995 4608 Sim.
1012 4552 1060 4617 IX,
1077 4554 1102 4617 9,
1121 4556 1145 4608 5.
1165 4558 1195 4617 7;
1214 4556 1256 4609 Iu·

78 4644 148 4712 quia
166 4642 211 4696 vix
239 4640 382 4695 omisisset
410 4639 444 4692 de
473 4624 744 4696 conversioneidith
762 4642 787 4705 8,
807 4644 838 4696 7:
856 4644 925 4711 καλὴ
943 4648 982 4715 τῷ
1000 4636 1064 4697 εἴδει
1081 4646 1140 4697 κτλ.
