2834 5018
505 626 554 679 AD
575 623 655 680 COR.
674 626 707 688 ΙΙ,
727 624 825 688 7—1v‚
844 625 868 678 4.
1216 629 1277 695 103

98 824 165 868 rum
177 803 295 869 delicta
306 803 481 889 lugebatis3
498 803 626 867 illorum
636 803 777 869 defectus
789 808 909 868 vestros
919 805 1105 870 censebatis.
1132 806 1160 870 7.
1174 805 1277 870 Bene·

98 909 180 974 facti
209 910 329 975 nullius
361 909 543 994 paenitebat
574 930 643 983 vos;
683 912 729 973 od
759 928 854 974 ornrre
888 912 1006 973 bonam
1037 929 1120 990 opus
1150 917 1275 992 parati.

101 1015 128 1078 8.
153 1013 268 1079 Omati
297 1016 451 1080 virtutum
473 1015 569 1100 plena
600 1019 632 1078 et
655 1015 831 1079 veneranda
862 1015 946 1079 vitae
969 1014 1091 1078 ratione
1116 1016 1221 1080 omnia
1244 1016 1278 1079 in

99 1118 211 1183 timore
234 1120 302 1185 eius
333 1121 552 1205 peragebatis3
584 1119 734 1184 mandata
757 1123 789 1182 et
810 1123 981 1202 praecepta
1003 1119 1123 1183 domini
1145 1119 1177 1182 in
1200 1119 1276 1183 lati·

99 1224 206 1288 tudine
229 1225 333 1290 cordis
355 1226 452 1290 vestri
475 1225 594 1308 scripta
617 1227 715 1288 erant.
1290 1233 1303 1272 ⁶

183 1327 241 1391 ΠΙ.
267 1328 377 1393 Omnis
401 1330 502 1393 honor
525 1332 557 1392 et
579 1326 725 1392 dilatatio
748 1327 838 1391 vobis
861 1328 936 1391 data
958 1330 1043 1404 erat,
1069 1330 1101 1391 et
1123 1327 1278 1410 scripturn

98 1431 176 1495 illud
199 1433 369 1517 impletum
390 1437 455 1498 est:
489 1434 585 1512 Edit,
609 1434 708 1513 bibit,
737 1435 901 1497 dilatatus
924 1443 957 1497 et
984 1439 1193 1497 incrassatus
1217 1441 1277 1512 eet,

100 1544 130 1599 el
162 1541 390 1603 recalcitravit
419 1541 569 1603 dilectus.
615 1539 644 1600 2.
678 1537 731 1603 Ab
759 1537 820 1601 hoe
850 1536 938 1602 fonte
970 1537 1055 1600 aelus
1087 1540 1119 1600 et
1148 1536 1275 1613 invidia,

99 1643 258 1706 contentio
282 1646 314 1706 et
337 1641 501 1718 factiones,
526 1641 705 1726 persecutio
729 1646 761 1705 et
783 1641 911 1714 seditio,
942 1641 1062 1705 bellum
1085 1646 1117 1706 et
1140 1642 1275 1726 captivi-

99 1750 144 1808 tas
169 1752 348 1811 manarunt.
395 1748 424 1811 3.
449 1746 501 1812 Sic
529 1750 613 1811 viles
641 1756 758 1810 contra
781 1749 979 1825 honoratos,
1011 1745 1141 1828 inglorii
1164 1750 1276 1811 contra
1289 1769 1315 1807 ro

98 1849 269 1933 gloriosos,
299 1851 485 1935 insipientes
509 1857 619 1916 contra
642 1850 815 1934 sapientes,
846 1851 974 1913 iuvenes
998 1855 1108 1914 contra
1138 1851 1277 1915 seniores

98 1954 342 2038 insurrexerunt.
389 1958 420 2020 4.
445 1957 537 2021 Hanc
568 1958 609 2022 ob
642 1977 769 2019 causam
799 1954 910 2038 procul
943 1955 1058 2019 absunt
1091 1955 1214 2019 iustitia
1245 1960 1277 2019 et

98 2081 175 2141 pax,
209 2082 282 2123 cum
310 2060 528 2145 unusquisque
557 2060 608 2124 dei
629 2061 775 2125 timorem
808 2060 979 2124 deseruerit
1003 2060 1091 2125 etin
1123 2060 1185 2124 fide
1209 2061 1275 2125 eius

100 2163 263 2239 caecutiat,
286 2186 388 2247 neque
411 2166 445 2229 in
466 2165 620 2228 institutis
644 2169 886 2248 praeceptorum
909 2163 975 2227 eius
992 2163 1135 2228 ambulet
1157 2168 1212 2227 aut
1228 2164 1275 2227 vi·

98 2271 161 2330 tam
185 2266 312 2332 Christo
336 2270 466 2354 dignam
489 2269 593 2352 degat,
618 2269 672 2331 sed
688 2268 862 2332 secundum
884 2267 1156 2352 concupiscentias
1173 2267 1275 2333 cordis
1290 2291 1315 2328 u

98 2372 142 2434 sui
166 2373 259 2456 pravi
281 2374 497 2457 unusquisque
519 2372 652 2449 incedat,
676 2372 820 2456 iniquam
844 2376 876 2436 et
896 2372 1028 2456 impiam
1051 2372 1201 2436 invidiam
1223 2394 1275 2436 re-

98 2477 258 2553 sumendo,
282 2500 339 2561 per
362 2501 458 2562 quam
481 2477 578 2542 etiam
601 2497 691 2541 more
714 2483 749 2541 in
773 2479 929 2541 reundum
951 2482 1097 2541 intrarit.

183 2579 239 2644 IV.
265 2579 317 2647 Sic
340 2583 423 2646 enim
446 2583 600 2665 scriptum
623 2587 687 2645 est:
719 2584 762 2646 Ει
781 2584 912 2660 fuctum
935 2590 987 2645 est
1010 2589 1089 2664 post
1112 2583 1195 2661 dies,
1219 2583 1274 2644 ob·

99 2688 172 2749 tulit
191 2688 274 2751 Cain
297 2707 341 2751 ea
360 2690 531 2766 fructibus
547 2696 660 2750 terrae
675 2689 876 2766 sacrificium
897 2687 1048 2766 clornlno,⁸
1070 2687 1275 2750 anelontem

97 2791 216 2853 obtrudit
240 2800 272 2854 et
294 2798 367 2873 ipse
389 2794 430 2854 (le
455 2779 689 2873 priraopenicie
712 2797 819 2854 omrem
843 2809 980 2853 mearum
1004 2797 1037 2853 e!
1059 2791 1100 2852 de
1123 2791 1276 2870 adipibus
1288 2812 1314 2849 ao

97 2913 220 2957 earunr.
266 2900 297 2958 2.
328 2898 371 2959 Et
403 2901 555 2976 respect!
584 2898 665 2959 deuo
694 2916 796 2978 cuper
829 2897 912 2960 Atel
941 2902 973 2958 et
1005 2913 1106 2976 cuper
1137 2913 1275 2958 uentrem

97 3004 179 3077 etue,
203 3018 306 3080 super
331 3001 412 3064 Cain
435 3008 546 3063 autem
569 3009 603 3062 et
624 3019 725 3082 saper
748 3000 915 3077 sacrificia
939 3003 1010 3062 etue
1033 3017 1099 3062 noa
1122 3000 1274 3062 aduertit.

96 3101 123 3165 3.
147 3103 191 3166 El
214 3109 433 3167 contristatus
457 3113 507 3168 eet
532 3105 614 3169 Cain
637 3106 733 3167 valde
756 3113 789 3167 et
803 3104 946 3166 concidit
968 3106 1060 3167 melta
1075 3123 1146 3167 suo.
1176 3105 1208 3170 4.
1232 3105 1276 3168 El

94 3208 182 3269 discit
204 3209 287 3271 deam
310 3209 356 3271 od
379 3210 482 3272 Cain:
513 3210 621 3284 Quare
644 3210 891 3286 insuefactos
916 3228 963 3288 ec,
987 3216 1019 3271 el
1042 3228 1146 3289 quare
1168 3214 1273 3272 coraci-

94 3311 142 3373 dr'c
163 3315 275 3376 cultris
298 3317 401 3376 treus?
420 3315 547 3392 Nonne,
569 3317 601 3376 si
623 3323 713 3379 recte
727 3317 868 3393 offeras,
891 3333 955 3377 reon
979 3321 1090 3378 aulem
1113 3322 1203 3377 recte
1224 3315 1273 3378 di·
1287 3330 1313 3370 π

162 3481 179 3533 2
199 3481 296 3545 1113,
317 3485 338 3537 1.
358 3513 393 3522 -
411 3483 426 3535 7
446 3481 526 3537 Dent
546 3481 587 3545 32,
609 3481 823 3536 15.-10111.
843 3483 866 3543 3,
886 3483 909 3535 5.
929 3512 964 3522 -
997 3482 1029 3537 18
1051 3483 1115 3552 Sap.
1135 3485 1159 3546 2,
1178 3484 1219 3536 24.
1239 3513 1273 3523 -

95 3568 125 3621 19
144 3568 212 3622 Gen.
231 3569 257 3631 4,
277 3569 353 3623 3-8.

93 3707 196 3762 locutio
224 3709 259 3762 ad
284 3710 356 3763 hanc
381 3710 529 3765 referenda
548 3715 604 3775 cst,
633 3713 666 3769 τὸ
697 3710 722 3764 S.
738 3709 900 3780 Scripturas
918 3710 948 3780 (i.
968 3727 989 3763 e.
1004 3708 1095 3770 LXX;
1115 3711 1208 3762 textus
1227 3709 1273 3762 he·

91 3801 219 3864 καθῆκον
230 3799 271 3871 τῷ
284 3800 397 3872 Χριστῷ
410 3796 591 3867 interpretari
604 3814 667 3868 pos·
696 3795 809 3851 bruicus
822 3797 898 3851 enim
917 3796 974 3849 alia
986 3794 1110 3864 exhibet)
1123 3795 1176 3849 hoc
1189 3796 1273 3851 modo

93 3899 202 3936 sumus:
240 3883 317 3949 quod
350 3883 463 3938 Christo
499 3885 594 3954 placet
623 3886 669 3939 vel
698 3884 891 3953 explicantur:
911 3884 940 3937 Si
960 3884 1024 3950 quis
1044 3884 1219 3936 solummodo
1233 3900 1273 3937 se-

94 3969 206 4023 Christo
219 3968 336 4039 dignum
349 3973 400 4025 est.
428 3971 457 4025 si
470 3971 597 4026 Clemens
611 3988 670 4026 vor·
697 3972 818 4025 cundum
828 3971 904 4038 quod
916 3971 1032 4034 videtur,
1042 3970 1145 4023 munde
1155 3974 1185 4023 et
1197 3974 1272 4024 recte

91 4056 157 4109 bum
176 4062 305 4128 καθῆκον
318 4074 399 4112 sensu
419 4059 516 4113 stricto
529 4059 668 4124 adhibuit,
697 4061 726 4112 et
744 4058 870 4129 legitime
884 4058 983 4111 offerre
995 4056 1155 4118 tentaverit,
1176 4072 1272 4108 secun-

91 4160 159 4197 voce
171 4148 297 4218 Χριστοῦ
308 4145 496 4213 metonymice
504 4145 668 4200 Christanos
681 4158 684 4183 ¹
698 4145 765 4198 dum
778 4149 875 4199 autem
893 4160 972 4197 suam
985 4141 1108 4196 animum
1128 4159 1185 4195 non
1196 4146 1272 4196 recte

93 4230 258 4299 appellavit,
278 4231 408 4286 similiter
429 4249 461 4284 ac
478 4235 549 4301 Aug.
563 4232 604 4286 De
618 4234 668 4287 civ.
697 4231 807 4286 dividat
826 4248 888 4285 eam
907 4247 980 4297 quae
998 4230 1042 4282 est
1060 4227 1096 4281 ad
1114 4227 1272 4297 proximum

91 4316 144 4370 Dei
166 4317 251 4381 XVII,
264 4320 288 4381 4,
302 4318 327 4371 9.
346 4350 380 4357 -
392 4317 585 4390 ἀνειληφότας]
606 4319 668 4374 Plu·
681 4354 683 4365 ·
697 4318 921 4372 communionem
939 4317 1052 4386 (sicum
1070 4314 1138 4380 zelo,
1157 4319 1189 4370 ut
1209 4332 1271 4371 auo·

91 4403 159 4457 ralis
179 4405 216 4458 ob
234 4421 337 4459 nomen
348 4405 526 4459 collectisum
544 4402 667 4473 ἕκαστος.
696 4409 741 4458 tor
759 4404 843 4474 paulo
866 4409 931 4459 unte
950 4404 1032 4468 dicit,
1052 4408 1081 4458 et
1100 4403 1213 4459 malitia
1232 4403 1272 4458 di·

128 4491 172 4556 11,
192 4493 217 4545 4.
237 4491 287 4549 οὐκ
305 4492 434 4562 iderti]
456 4493 497 4546 cf.
511 4493 581 4546 [ren.
595 4492 665 4547 Adv.
695 4492 832 4546 visionem
844 4490 930 4546 habet
949 4491 979 4545 in
992 4492 1095 4560 corde),
1114 4531 1141 4545 ..
1163 4491 1272 4545 seducit

92 4576 167 4631 haer.
181 4577 228 4641 IV,
243 4579 282 4641 18,
296 4579 312 4633 3
331 4579 393 4649 (111,
412 4581 454 4643 23,
467 4581 503 4649 4),
523 4579 571 4633 ubi
583 4580 669 4634 rerba
680 4636 683 4641 ,
696 4580 794 4633 Deum.
