2834 5018
185 329 227 392 36
679 321 865 377 uocuulun

184 498 238 562 ἐὰν
261 502 303 582 μή
327 498 359 561 ἐν
382 506 426 580 τῷ
450 496 574 580 ἐσχάτῳ
598 504 697 579 καιρῷ
721 496 921 581 τελειωθήτε.
967 504 996 566 3.
1030 499 1062 563 ἐν
1091 503 1151 585 γὰρ
1174 511 1241 576 ταῖς
1265 501 1360 585 ἐσχά-

183 627 249 681 ταις
271 604 398 689 ἡμέραις
428 601 710 686 πλήθυνθήσονται
741 602 770 664 οἱ
793 603 1045 688 ψευδοπροφῆται
1074 607 1127 668 καί
1160 606 1187 668 οἱ
1220 610 1361 689 ρθορεῐς,

181 711 235 773 καλ
258 709 486 793 στραφήσονται
503 709 541 769 τὰ
557 704 698 790 πρόβατα
714 706 757 782 εἰς
773 705 897 786 λύκους,
920 710 973 771 καί
989 709 1009 791 ή
1026 710 1132 793 ἀγάπη
1150 711 1362 793 στραιρήσεται

183 814 224 889 εἰς
247 823 352 897 μῖσος·
399 817 428 880 4.
464 809 656 893 αὐξανούσης
677 811 737 892 γάρ
769 820 824 894 τής
846 811 975 894 ἀνομίας
999 812 1181 895 μισήσουσιν
1205 813 1362 897 ἀλλήλους

156 918 235 979 ικαὶ
259 915 401 993 διώξουσι
425 918 479 979 καί
506 911 737 996 παραδώσουσι,
760 915 813 976 καὶ
829 914 899 978 τότε
916 915 1088 999 φανήσεται
1105 917 1121 980 δ
1139 918 1362 1002 κοσμοπλανής

182 1020 225 1096 ὡς
246 1020 310 1095 υἱδς
334 1023 412 1086 θεοῦ
435 1021 488 1082 καλ
512 1018 634 1101 ποιήσει
652 1025 774 1102 σημεῖα
789 1021 845 1083 καὶ
862 1021 995 1105 τέρατα,
1018 1023 1071 1084 καί
1087 1022 1106 1104 ή
1121 1033 1163 1106 γῆ
1179 1024 1361 1108 παραδοθή-

182 1146 268 1189 σεται
292 1125 334 1200 εἰς
357 1133 462 1207 χεῖρας
485 1124 600 1202 αὐτοῦ,
623 1124 676 1185 καὶ
700 1122 821 1205 ποιήσει
845 1123 995 1207 ἀθέμιτα,
1020 1128 1040 1188 ά
1063 1125 1212 1190 οὐδέποτε
1233 1127 1362 1210 γέγονεν

183 1227 215 1305 ἐξ
238 1229 358 1303 αἰῶνος.
406 1232 434 1294 5.
459 1226 529 1290 τύτε
550 1225 615 1310 ήξει
639 1225 659 1308 ή
681 1226 779 1302 κτίσις
800 1236 861 1290 τῶν
885 1228 1063 1310 ἀνθρώπων
1087 1231 1129 1305 εἰς
1152 1234 1207 1313 τήν
1223 1231 1361 1314 πύρωσιν

182 1342 236 1415 τῆς
258 1330 451 1414 δοκιμασίας,
474 1333 529 1395 καλ
555 1330 911 1416 σκανδαλισθήσονται
940 1335 1061 1399 πολλοὶ
1085 1337 1138 1399 καὶ
1161 1335 1361 1417 ἀπολοῦνται,

143 1465 169 1502 ro
184 1441 214 1502 οἱ
238 1437 275 1501 δὲ
297 1440 543 1518 ὑπομείναντες
567 1435 599 1498 ἐν
623 1444 661 1519 tp
683 1435 783 1498 πίστει
806 1438 909 1500 αὐτῶν
942 1438 1162 1524 σωθήσονται
1189 1439 1242 1503 ὑπ’
1266 1443 1362 1504 αὐτοῦ

182 1551 237 1604 τοῦ
259 1539 490 1625 καταθὲματος.
537 1545 565 1607 6.
602 1542 658 1606 καὶ
682 1544 757 1605 τότε
780 1546 968 1627 φανήσεται
992 1545 1033 1608 τά
1057 1552 1179 1629 σημεῖα
1208 1556 1263 1629 τής
1287 1545 1362 1629 άλη-

183 1645 290 1720 θείας·
314 1654 436 1728 πρώτον
452 1655 578 1729 σημεῖον
595 1645 792 1719 ἐκπετάσεως
808 1644 841 1708 ἐν
861 1648 993 1730 οὐρανῷ,
1018 1647 1084 1711 εἶτα
1099 1658 1227 1732 σημεῖον
1243 1658 1361 1735 φωνῆς

183 1749 384 1835 σάλπιγγος,
413 1772 477 1845 ²².ae
489 1753 524 1814 τδ
547 1750 647 1833 τρίτον
671 1750 839 1826 ἀνάστασις
862 1760 997 1832 νεκρῶν·
1045 1757 1073 1819 7.
1108 1756 1143 1815 ού
1167 1755 1292 1817 πάντων
1316 1755 1359 1822 δέ.

183 1853 253 1917 ἀλλ’
276 1855 318 1930 ὡς
342 1854 472 1940 ἐρρέθη·
503 1855 605 1936 Ἥξει
629 1857 647 1919 ὁ
670 1859 785 1941 κύριος
807 1858 864 1921 καὶ
888 1858 1013 1938 πάντες
1038 1861 1069 1922 ολ
1093 1859 1181 1940 άγιοι
1203 1860 1276 1938 μετ’
1301 1863 1361 1923 αύ-

144 1968 251 2025 uror).
284 1964 313 2026 8.
337 1963 412 2025 τότε
435 1964 557 2040 ὄψεται
580 1960 596 2022 ὁ
619 1960 736 2043 κόσμος
759 1961 811 2025 τδν
834 1960 939 2042 κύριον
955 1963 1141 2047 ἐρχόμενον
1157 1963 1275 2028 ἐπάνω
1293 1969 1362 2027 τῶν

183 2063 339 2147 νεφελῶν
362 2071 421 2128 τοῦ
445 2067 603 2149 οὐρανοῦ.

252 2226 375 2294 8κτλσις
393 2229 445 2281 cod
458 2246 464 2278 z
479 2245 531 2282 oon
549 2233 638 2302 κρίσις
664 2230 834 2301 Hilgenfeld,
861 2235 953 2300 πλστις
978 2232 1076 2286 Hatris
1092 2233 1096 2303 1
1114 2232 1146 2285 10
1164 2231 1210 2287 ἀπ)
1228 2233 1280 2286 cod
1295 2252 1300 2284 :
1315 2231 1361 2289 ἀπ’

184 2314 238 2367 edd
255 2313 384 2368 nonnulli

181 2447 251 2515 κτλ]
262 2445 406 2499 Barnabas
416 2448 467 2508 4,9
487 2448 585 2501 eadem
595 2448 654 2502 fere
673 2449 758 2503 verba
785 2462 820 2522 μή
838 2450 1074 2522 παραδοθήσεται]
1087 2451 1128 2505 Ot'.
1139 2452 1225 2518 Apoc.
1239 2451 1279 2511 13,
1293 2453 1317 2505 7.
1329 2482 1361 2489 -

183 2532 304 2586 exhibet.
785 2535 917 2606 ἀθέμιτα]
937 2535 963 2588 ΙΙ
975 2537 1071 2590 Thess.
1087 2540 1141 2600 2,4
1160 2537 1288 2607 legimuS,
1308 2539 1360 2590 Au-

218 2620 241 2673 3.
268 2617 396 2692 ἐσχάταις
422 2622 544 2693 ἡμέραις]
573 2622 615 2678 cf.
639 2623 665 2677 ΙΙ
683 2623 756 2678 Petr.
785 2623 945 2676 tichristum
967 2622 1066 2675 extolli
1084 2640 1171 2690 supra
1182 2623 1273 2676 Deum
1293 2625 1321 2676 et
1334 2623 1361 2674 iu

182 2707 283 2773 3,·2sq.
306 2706 364 2759 lud
377 2709 408 2763 17
419 2714 758 2781 ειμ-πληθυνθήσονται
786 2708 891 2778 templo
909 2709 963 2762 Dei
991 2709 1095 2763 sedere.
1126 2740 1161 2748 —
1188 2707 1206 2767 ἃ
1229 2709 1361 2766 ολθέποτε

182 2794 207 2852 oi
227 2795 269 2867 ομ]
298 2794 339 2848 Cf.
359 2795 460 2849 Mutth.
480 2797 520 2858 24,
542 2799 581 2851 ll.
603 2797 644 2850 12.
663 2799 704 2850 24.
725 2830 757 2837 —
785 2797 855 2866 κτλ]
876 2796 917 2851 Cf.
937 2796 1038 2850 Matth.
1058 2797 1100 2859 24,
1119 2798 1160 2851 21.

182 2887 389 2956 στραφήσονται
407 2882 477 2952 κτλ]
510 2882 685 2937 Sententiam
713 2902 757 2939 ex·
821 2884 845 2937 5.
858 2883 982 2956 πύρωσιν
995 2905 1018 2939 τ.
1030 2884 1064 2953 θ]
1084 2883 1125 2936 ef.
1144 2882 1225 2936 Zach.
1241 2885 1280 2946 13,
1291 2884 1315 2938 8.
1329 2884 1359 2942 9;

183 2968 262 3023 hibet
281 2969 442 3023 Matthaeus
461 2971 502 3032 24,
524 2972 555 3024 10
581 2971 625 3023 his
651 2972 758 3025 verbis:
787 2970 891 3023 IPetr.
921 2971 944 3032 4,
967 2969 1012 3025 12:
1038 2976 1076 3042 μή
1102 2974 1243 3040 ξενίζεσθε
1271 2974 1305 3041 τῇ
1332 2968 1361 3026 ἐν

182 3060 229 3113 καλ
253 3057 316 3112 τότε
339 3062 623 3128 σκανδαλισθήσονται
651 3062 758 3123 πολλοί,
786 3058 849 3126 ὑμῖν
868 3056 990 3130 πυρώσει
1017 3057 1088 3128 πρὸς
1113 3058 1269 3130 πειρασμὸν
1297 3055 1360 3125 ὑμῖν

182 3147 227 3199 καὶ
246 3141 379 3213 ἀλλήλους
390 3143 603 3217 παραδώσουσιν
619 3150 665 3202 καὶ
681 3150 758 3217 μισή
786 3143 929 3216 γενομένῃ.
951 3143 1074 3197 Iustinus
1086 3143 1165 3213 Apol.
1176 3143 1208 3206 ΙΙ,
1220 3147 1249 3199 7:
1263 3144 1296 3201 τὸ
1306 3152 1360 3214 πῦρ

182 3250 279 3286 σσυσιν
305 3227 446 3300 ἀλλήλους.
482 3230 537 3283 Vix
565 3232 682 3285 dubium
707 3237 758 3294 est,
786 3231 819 3288 τὸ
846 3243 895 3301 τῆς
921 3232 1038 3304 κρίσεως
1065 3233 1095 3282 et
1127 3237 1176 3301 τήν
1205 3228 1361 3302 ἐκπύρωσιν

184 3320 326 3370 auctorem
344 3314 418 3369 hunc
437 3318 528 3371 locum
548 3321 672 3373 mutasse
692 3322 758 3373 onte
787 3321 995 3372 commemorat.
1025 3317 1065 3371 Cf.
1086 3317 1170 3386 Hipp.
1190 3316 1229 3369 Do
1250 3317 1313 3371 Chr.
1333 3320 1360 3369 et

184 3401 279 3457 oeulos
307 3402 459 3458 habentem
477 3405 578 3458 Matth.
599 3407 622 3469 7,
644 3409 689 3469 15,
711 3407 759 3462 ubi
786 3405 911 3459 Antichr.
931 3421 954 3457 c.
973 3406 1004 3465 5;
1024 3404 1087 3457 Bas.
1106 3405 1147 3457 De
1167 3405 1233 3473 spir.
1253 3422 1273 3455 s.
1288 3421 1311 3457 c.
1330 3406 1361 3457 15

183 3490 319 3544 Dominus
332 3492 596 3560 pseudoprophetas
609 3494 758 3547 vestimen·
786 3511 812 3546 u.
832 3488 1077 3548 3ο-1αάοτοο
1090 3501 1140 3547 τοῦ
1151 3489 1360 3559 καταθέματος]

182 3576 220 3629 tia
239 3577 332 3630 ovium
344 3577 467 3642 indutos,
481 3578 650 3633 intrinsecus
663 3584 758 3634 autem
788 3580 816 3634 Si
833 3580 920 3634 lectio
949 3578 1054 3632 codicia
1080 3581 1208 3632 servatur
1234 3582 1263 3632 et
1282 3593 1361 3646 prae·

183 3664 266 3733 lupos
285 3681 403 3734 rapaces
422 3682 483 3718 ease
502 3665 580 3718 dicit.
786 3667 892 3736 positio
910 3664 964 3722 ὑπὸ
983 3664 1116 3719 vertitur:
1136 3680 1154 3717 a
1170 3664 1216 3718 vel
1227 3679 1286 3733 per,
1305 3680 1361 3717 non

217 3752 242 3804 4.
261 3751 430 3824 αὐξανούσης
446 3751 517 3821 κτλ]
538 3754 578 3807 Cf.
601 3753 700 3807 Matth.
717 3756 758 3815 24,
787 3754 846 3816 sub,
865 3770 920 3807 vox
936 3753 1101 3822 κατάθεμα,
1121 3767 1195 3819 quae
1212 3750 1288 3804 idom
1307 3750 1361 3819 sig·

185 3839 633 3912 12.-κοσμοπλανής]01.Αμοο.
646 3840 759 3904 12,9:d
787 3842 884 3895 nificat
902 3858 935 3895 ac
962 3840 1146 3908 κατανάθεμα
1170 3836 1215 3891 vel
1231 3836 1361 3906 ἀνάθεμα

183 3932 295 3983 πλανῶν
305 3932 354 3998 τήν
363 3926 533 3998 οἰκουμένην.
552 3926 760 3984 ΙΙΙουπα.λ;ύ
787 3929 833 3999 (cf.
855 3929 935 3983 Zach.
957 3927 996 3991 14,
1017 3927 1064 3989 11;
1092 3926 1177 3994 Apoc.
1203 3926 1248 3986 22,
1269 3926 1297 3991 8)
1326 3922 1362 3977 ad

185 4013 290 4080 πλάνος
307 4019 352 4070 καλ
371 4014 554 4089 ἀντίχριστος.
582 4046 617 4054 -
644 4013 684 4083 ώς
701 4015 760 4083 υλός
787 4016 929 4070 Christum
948 4013 1097 4069 referenda
1115 4015 1170 4071 eut.
1190 4016 1218 4066 et
1238 4012 1362 4065 salvator

185 4101 265 4169 θεοῦ]
286 4101 328 4156 Cf.
348 4104 373 4157 II
392 4103 487 4157 Thess.
507 4105 531 4166 2,
551 4104 576 4157 4.
595 4101 657 4156 Hoc
675 4103 759 4157 modo
787 4103 837 4156 illo
856 4101 969 4157 nomino
996 4100 1136 4170 appellari
1154 4100 1266 4168 potuit,
1295 4099 1361 4166 quia

185 4186 760 4256 deAntichristoloquensauotorsochri·
786 4206 851 4244 eum
869 4187 1168 4247 anathematizabunt.
1197 4186 1246 4252 qui
1274 4188 1304 4239 iu
1329 4202 1360 4239 eo

184 4278 259 4328 atum
277 4274 366 4329 filium
384 4276 437 4330 Dei
462 4281 578 4344 putasse
604 4276 707 4345 prodit.
726 4307 760 4315 -
787 4274 973 4330 scandalizati
991 4272 1109 4337 fuerint,
1135 4278 1163 4328 et
1182 4275 1256 4327 toste
1274 4271 1360 4326 Paulo
