2834 5018
151 297 214 360 556
583 286 738 342 HERMAE
756 285 900 342 PASTOR

150 470 203 530 καί
227 467 287 530 ύπδ
310 468 364 549 τὴν
395 464 514 549 σκέπην
537 475 591 548 τῆς
622 463 705 538 ἰτέας
727 463 840 538 πάντες
868 462 1070 547 ἐληλύθασιν
1097 463 1130 526 σί
1161 463 1348 548 κεκλιμένοι

151 580 195 654 τῷ
219 571 345 654 δνύματι
377 571 493 651 κυρίου.
541 574 570 636 2.
596 569 731 653 εἱστήκει
759 569 795 632 δέ
823 567 957 652 ἄγγελος
984 577 1042 632 τοῦ
1077 569 1201 651 κυρίου
1234 569 1348 646 ἔνδοξος

152 676 222 738 λίαν
245 675 363 760 ὑψηλὸς
395 677 479 758 παρά
501 677 557 757 τὴν
589 674 691 753 ἰτέαν,
722 671 873 755 δρέπανον
897 675 980 755 ἔχων
1014 671 1122 757 μέγα,
1156 676 1219 738 καί
1243 675 1347 737 ἔκοπτε

152 779 288 855 κλάδους
318 781 379 843 άπδ
409 790 463 863 τῆς
486 777 586 859 ἰτέας,
617 780 670 841 καί
694 777 836 841 ἐπεδίδου
864 784 909 858 τῷ
932 776 1002 859 λαῷ
1032 785 1081 860 τῷ
1118 778 1346 862 σκεπαζομένμ

126 885 213 947 stre
236 895 290 968 τῆς
314 884 411 959 ἰτέας·
440 886 535 966 μικρά
557 883 592 946 δέ
614 882 725 967 ῥαβδία
757 881 898 945 ἐπεδίδου
929 883 1054 961 αὐτοῖς,
1091 883 1174 948 ὡσεί
1201 892 1345 969 πηχυαῖα

153 995 183 1057 3.
208 992 286 1071 μετὰ
309 989 344 1052 δέ
366 990 401 1051 τδ
423 989 543 1063 πάντας
565 987 671 1072 λαβεῖν
695 988 734 1049 τὰ
756 986 866 1072 ῥαβδίοι
889 987 991 1070 ἔθηκε
1014 989 1051 1049 τδ
1069 986 1241 1069 δρέπανον
1264 989 1344 1071 ίάγ-

152 1093 263 1176 γελος,
293 1094 346 1155 καί
369 1094 405 1155 τδ
432 1090 556 1173 δένδρον
587 1091 687 1155 ἐκεῖνο
711 1093 794 1176 ύγιὲς
816 1090 869 1176 ἦν,
902 1089 967 1154 οίον
990 1095 1046 1154 καί
1076 1092 1246 1175 ἑωράκειν
1269 1093 1343 1156 αδτί.

153 1202 183 1262 l.
208 1195 388 1279 ἐθαύμαζον
412 1196 446 1258 δέ
473 1195 535 1279 ἐγὼ
559 1195 592 1259 ἐν
623 1195 747 1280 ἐμαυτῷ
771 1194 890 1279 λέγων·
923 1193 998 1270 Πῶς
1021 1197 1197 1261 τοσούτων
1228 1198 1344 1261 κλάδον

153 1300 356 1383 κεκομμένων
379 1302 414 1362 τδ
438 1299 562 1382 δένδρον
586 1299 669 1383 ὑγιές
692 1299 776 1380 ἐστις
800 1298 883 1384 λέγει
907 1321 959 1382 μοι
982 1299 1000 1362 δ
1024 1301 1166 1385 ποιμήν·
1195 1301 1252 1386 Μὴ
1276 1301 1344 1369 eat

115 1425 140 1460 ιο
154 1407 249 1487 μαζε,
281 1405 307 1468 εἰ
330 1406 365 1467 τδ
396 1404 520 1486 δένδρον
554 1405 637 1488 ὑγιές
671 1405 772 1488 ἐμεινε
805 1404 961 1468 τοσούτων
993 1403 1132 1469 κλάδων
1168 1409 1342 1472 κοπέντων

155 1508 236 1592 [ἀλλ’
259 1510 456 1595 άνάμεινον]·
490 1507 546 1590 ἀφ’
568 1507 605 1592 ἧς
627 1507 671 1588 δέ,
700 1508 784 1593 φησί,
809 1511 910 1573 πάντα
931 1509 1009 1592 ἴδῃς,
1034 1512 1092 1572 καί
1120 1511 1344 1596 δηλωθήσεταί

154 1636 202 1677 σοι
226 1616 260 1677 τδ
283 1614 310 1676 τί
334 1614 426 1677 ἐστιν.
473 1619 502 1679 5.
527 1613 544 1675 δ
568 1613 700 1697 ἅγγελος
729 1615 747 1677 δ
776 1613 972 1687 ἐπιδεδωκὼς
1000 1620 1046 1696 τῷ
1080 1613 1157 1698 λαῷ
1190 1619 1251 1693 τάς
1279 1618 1343 1702 ῥοίβ

153 1719 225 1794 δους
249 1718 341 1782 πάλιν
365 1718 475 1801 ἀπῄτει
500 1716 555 1780 ἀπ’
579 1719 697 1781 αὐτῶν·
721 1720 774 1781 καί
798 1719 912 1792 καθὼς
934 1716 1062 1802 ἔλαβον,
1089 1722 1182 1784 οὕτω
1209 1725 1267 1785 καί
1283 1722 1343 1784 ἐκι-

154 1824 264 1888 λούντο
287 1825 362 1905 πρδς
386 1824 479 1885 αύτδν
508 1823 560 1884 καί
584 1819 627 1896 είς
650 1823 781 1898 ἕκαστος
805 1823 907 1885 αὐτῶν
939 1821 1093 1885 ἀπεδίδου
1120 1826 1181 1901 τὰς
1207 1827 1342 1912 ῥάβδους.

116 1947 140 1983 υ
155 1929 312 2014 ἐλάμβανε
334 1929 368 1991 δέ
391 1928 407 1990 δ
431 1925 564 2009 ἄγγελος
587 1935 641 1989 τοῦ
664 1926 771 2008 κυρίου
794 1929 846 1990 καί
869 1926 1010 1989 κατενόει
1041 1929 1157 2005 αὐτάς.
1211 1935 1243 1998 6.
1268 1931 1341 2013 παρά

154 2055 245 2097 τινων
269 2032 425 2117 ἐλάμβανε
447 2033 501 2105 τάς
524 2029 656 2115 ῥάβδους
680 2029 772 2114 ξηρὰς
795 2032 848 2093 καί
865 2029 1064 2115 βεβρωμένας
1089 2031 1138 2108 ὡς
1156 2034 1224 2098 ὑπὸ
1248 2036 1340 2120 σητίς

155 2136 317 2200 ἐκέλευσεν
348 2137 364 2199 ὁ
399 2134 533 2219 ἅγγελος
568 2139 639 2210 τοὺς
673 2137 727 2210 τάς
761 2135 905 2209 τοιαύτας
938 2134 1073 2219 ῥάβδους
1112 2137 1342 2213 ἐπιδεδωκδτας

154 2243 248 2322 χωρίς
277 2242 438 2307 ἵστασθαι.
487 2241 515 2306 7.
539 2240 637 2320 έτεροι
665 2238 699 2302 δὲ
726 2238 908 2302 ἐπεδίδοσαν
931 2237 1045 2323 ξηράς,
1078 2240 1160 2305 ἀλλ’
1185 2246 1250 2308 ούκ
1272 2243 1340 2329 ἦσαν

155 2343 346 2428 βεβρωμέναι
379 2344 439 2406 ύπδ
473 2344 585 2428 σητύς·
619 2346 673 2406 καί
706 2342 834 2418 τούτους
866 2342 1012 2406 ἐκέλευσε
1044 2348 1150 2427 χωρίς
1182 2349 1339 2414 ἵστασθαι.

115 2467 141 2505 ιο
156 2453 185 2514 8.
203 2450 300 2530 ἕτεροι
316 2451 350 2513 δέ
366 2448 524 2513 ἐπεδίδουν
540 2447 725 2531 ἡμιξήρους·
749 2449 801 2511 καί
818 2446 901 2511 οὗτοι
917 2449 1011 2530 χωρίς
1023 2448 1173 2515 ἵσταντο.
1199 2456 1232 2519 9.
1251 2454 1338 2534 έτεριι

154 2553 188 2616 δέ
212 2552 370 2617 ἐπεδίδουν
394 2556 449 2628 τάς
472 2553 603 2638 ῥάβδους
627 2543 730 2616 αύτῶν
752 2551 917 2636 ἡμιξήρους
946 2552 998 2614 καί
1023 2557 1170 2637 σχισμάς
1195 2556 1337 2640 ἐχούσας·

153 2659 207 2720 καί
231 2656 314 2721 ούτοι
337 2659 431 2740 χωρίς
457 2659 593 2723 ἵσταντο.
641 2659 691 2723 10.
717 2656 830 2741 [έτεροι
859 2656 894 2718 δέ
924 2654 1086 2720 ἐπεδίδουν
1119 2662 1181 2737 τὰς
1213 2661 1337 2747 ῥάβδους

154 2764 256 2826 αὐτῶν
285 2761 411 2845 χλωρὰς
433 2763 486 2824 καί
517 2762 651 2844 σχισμὰς
681 2759 829 2842 ἐχούσας·
864 2761 917 2822 καί
941 2757 1024 2824 σύτοι
1057 2766 1161 2846 χωρίς
1190 2764 1336 2850 ἵσταντο].

157 2873 205 2934 11.
231 2869 328 2950 ἕτεροι
359 2870 394 2932 δὲ
424 2867 583 2931 ἐπεδίδουν
611 2870 666 2942 τάς
700 2867 832 2951 ῥάβδους
865 2866 931 2952 [τὸ]
965 2867 1061 2948 ἥμισυ
1099 2866 1201 2953 ξηρὸν
1234 2873 1288 2934 καί
1308 2870 1335 2930 τί

115 2990 141 3028 νο
154 2974 248 3055 ἥμισυ
263 2972 400 3055 χλωράν
425 2974 478 3034 καί
495 2970 579 3035 ούτοι
602 2974 697 3055 χωρίς
713 2974 848 3036 ἵσταντο.
896 2976 945 3038 12.
969 2972 1069 3053 ἕτεροι
1093 2973 1132 3037 δὲ
1149 2976 1336 3059 προσέφερον

154 3079 208 3152 τὰς
232 3077 365 3163 ῥάβδους
388 3079 490 3140 αὐτῶν
513 3079 552 3139 τά
575 3077 630 3140 δύο
653 3076 729 3160 μέρη
751 3087 805 3160 τῆς
829 3077 944 3161 ῥάβδου
966 3075 1088 3158 χλωρά,
1114 3080 1154 3142 τδ
1180 3082 1216 3144 δὲ
1245 3081 1335 3164 τρίτον

223 3230 457 3304 2ἴνδοξος-Ι-οί
476 3233 509 3286 L*
531 3234 534 3303 l
560 3235 744 3297 3λάοιν-Ι-οί
763 3233 794 3285 L¹
821 3235 824 3300 Ι
849 3233 893 3297 8ί9
911 3232 999 3304 λέγων
1018 3261 1052 3270 -
1074 3231 1137 3290 ἐστι
1159 3236 1315 3304 GA:>L

155 3323 184 3375 ll
205 3319 263 3376 ἀλλ’
283 3320 432 3390 ἀνάμεινον
444 3320 502 3373 L¹ll
512 3320 567 3389 (ΙΙΙ)
581 3339 587 3372 :
600 3320 672 3385 >G
688 3320 692 3388 l
711 3321 743 3374 12
762 3323 788 3375 τί
806 3318 918 3375 ἐστιντὸ
937 3315 998 3391 ἄγγ.
1013 3317 1075 3373 GL'
1088 3339 1094 3373 ι
1109 3326 1139 3377 τί
1159 3323 1240 3382 ἐστιν
1252 3325 1269 3382 ὁ
1280 3320 1334 3396 &yy-

153 3412 210 3461 κτλ.
230 3407 288 3459 L¹A
313 3408 316 3476 l
342 3408 373 3461 15
391 3407 467 3478 παρὰ
484 3412 543 3462 κτλ.
558 3406 704 3459 :versibus
721 3406 806 3459 6-18
825 3421 954 3458 numeros
973 3405 1091 3459 l—XIII
1109 3417 1271 3477 praenotat
1292 3413 1333 3475 A·

154 3494 232 3558 22123
251 3489 341 3564 ἕτεροι
362 3524 393 3532 -
408 3490 523 3550 ἵσταντο
544 3493 601 3548 AL’
614 3512 620 3545 ι
634 3498 668 3561 >
687 3493 744 3547 GU
762 3494 816 3562 124
835 3494 867 3549 τὸ
886 3497 964 3562 pr>
983 3493 1006 3547 G

155 3635 339 3696 annuntiata,
369 3636 403 3688 cl'.
430 3653 452 3688 ο.
472 3638 501 3697 3,
522 3637 545 3688 2.
574 3667 608 3675 -
635 3642 727 3705 κεκλη·
790 3634 883 3688 6-18.
928 3632 1075 3686 Tredeclm
1114 3636 1334 3694 Christianorum

153 3720 242 3789 μένοι]
271 3727 335 3777 sunt
365 3724 518 3778 Christiani
547 3741 596 3777 seu
623 3723 727 3785 fidele&
757 3737 860 3790 genera
882 3719 927 3774 hic
949 3725 1157 3778 enumerantur
1184 3730 1215 3781 et
1233 3727 1334 3781 induas

154 3806 189 3859 cf.
209 3825 230 3861 c.
251 3812 274 3872 3,
295 3811 324 3871 2;
345 3827 366 3863 c.
389 3813 427 3872 11,
450 3814 471 3865 1.
755 3812 850 3877 partes
883 3806 1061 3869 dividuntur,
1102 3827 1140 3864 sc.
1172 3813 1271 3869 decem
1296 3827 1334 3880 ge·

189 3895 211 3946 2.
232 3893 349 3968 ἄγγελος
368 3918 390 3953 τ.
409 3920 433 3953 κ.
453 3893 574 3966 ἔνδοξος]
599 3895 615 3949 i.
636 3913 658 3950 e.
678 3896 729 3949 Mi·
755 3911 824 3948 nera
860 3897 1041 3963 peccatorum
1079 3900 1110 3951 et
1147 3899 1209 3954 tria
1239 3913 1334 3972 generi

155 3981 250 4044 chael,
279 3983 446 4039 utllennas
467 4001 488 4037 c.
509 3984 568 4046 3,3
594 3982 728 4037 Similitu·
756 3982 901 4035 iustorum.
939 3981 1015 4034 Haec
1035 3983 1173 4050 protinus
1193 3988 1225 4040 in
1245 3987 1334 4043 turrim

155 4067 248 4121 dinem
268 4068 409 4138 explicans
430 4070 563 4125 declarat.
602 4071 642 4125 cf.
663 4071 728 4124 Pro·
756 4069 938 4123 dimittuntur
956 4069 1004 4135 (ef.
1024 4086 1047 4122 c.
1066 4071 1092 4133 2,
1115 4074 1208 4143 1-4).
1244 4076 1334 4130 Pecca-

154 4150 253 4222 legom.
280 4173 300 4209 ο.
322 4157 354 4209 V.
386 4188 413 4196 -
446 4161 506 4214 λίαν
535 4156 649 4229 ὑψηλός]
686 4157 728 4212 cf.
755 4161 831 4210 tores
858 4156 1009 4210 traduntur
1036 4161 1151 4225 pastori
1182 4163 1221 4216 ad
1250 4160 1334 4233 paeni·

155 4238 219 4294 Sim.
240 4241 285 4305 IX,
306 4243 330 4305 6,
352 4247 374 4298 1.
755 4242 875 4298 tentiam
894 4242 940 4311 (cf.
961 4258 984 4296 υ.
1003 4244 1028 4306 2,
1048 4245 1079 4305 5;
1102 4263 1126 4300 ο.
1147 4248 1172 4310 3,
1194 4251 1224 4320 5)
1244 4255 1272 4305 et
1293 4247 1334 4302 ubi
