2834 5018
505 653 577 708 SIM.
590 654 637 717 IX,
653 654 693 718 12,
710 655 804 716 4-13,
824 655 848 708 3.
1199 659 1260 723 601

88 853 191 915 quam,
217 832 350 896 domine.
397 832 458 909 Sic,
482 832 595 916 inquit,
621 853 713 896 nemo
735 839 771 896 in
793 850 931 912 requam
953 834 1008 896 det
1030 835 1179 909 intrabat,
1202 833 1263 897 nisi

87 936 244 1020 acceperit
275 958 389 1001 nomen
418 936 477 1000 filii
506 937 581 1001 eius.
629 938 658 1000 5.
683 934 718 1000 Si
746 936 830 1000 enim
851 936 884 999 in
912 937 1024 1001 urbem
1052 937 1192 1021 aliquam
1213 937 1263 1001 in·

85 1044 170 1104 trare
192 1039 330 1105 volueris
350 1047 382 1106 et
405 1042 516 1107 civitas
531 1041 588 1105 illa
610 1041 713 1106 cincta
736 1041 777 1104 sit
792 1062 882 1105 muro
905 1045 937 1104 et
957 1062 1053 1105 unam
1074 1040 1173 1105 habet
1187 1062 1263 1125 por-

85 1147 161 1218 tam,
196 1147 349 1230 numquid
377 1150 469 1228 potes
491 1147 524 1210 iu
558 1146 668 1210 urbem
696 1146 786 1210 illam
816 1146 934 1210 intrare
957 1146 1019 1210 nisi
1048 1167 1106 1230 per
1127 1151 1262 1230 portam,

86 1271 182 1333 quam
204 1250 328 1315 habet?
363 1249 507 1327 Quonam
529 1250 637 1327 modo,
662 1251 807 1334 inquam,
832 1251 974 1328 domine,
999 1251 1091 1315 aliter
1112 1251 1181 1315 fieri
1203 1273 1289 1335 po·a

86 1358 174 1418 test?
198 1353 232 1419 Si
255 1375 341 1439 ergo,
366 1354 478 1439 inquit,
503 1356 536 1419 in
559 1355 669 1419 urbem
691 1377 754 1420 uon
776 1359 867 1439 potes
890 1355 1009 1421 intrare
1024 1357 1086 1420 nisi
1107 1378 1165 1440 per
1187 1377 1262 1440 por·

85 1464 151 1522 tam
174 1460 251 1536 eius,
275 1461 321 1524 ita
343 1481 404 1525 nec
426 1468 461 1525 in
484 1480 622 1541 requam
645 1463 699 1524 dei
716 1470 831 1542 potest
852 1467 984 1525 intrare
1004 1460 1100 1525 homo
1122 1460 1185 1524 nisi
1206 1480 1264 1543 per

85 1585 200 1628 nomen
222 1564 279 1627 filii
303 1565 370 1628 eius
394 1565 501 1629 dilecti
523 1565 563 1629 ab
579 1565 658 1648 ipso.
706 1566 734 1628 6.
759 1565 885 1643 Vidisti,
909 1566 1022 1649 inquit,
1046 1566 1173 1630 turbam
1193 1568 1262 1628 tur·

86 1668 145 1732 rim
167 1668 409 1732 aedificantem?
440 1668 533 1745 Vidi,
557 1669 701 1753 inquam,
726 1670 860 1735 domine.
906 1670 976 1747 Illi,
1000 1671 1119 1754 inquit,
1154 1690 1262 1733 omnes

86 1773 192 1859 angeli
215 1777 290 1837 sunt
312 1773 462 1858 gloriosi:
486 1773 535 1837 his
558 1774 659 1859 igitur
673 1774 772 1839 veluti
794 1798 884 1840 muro
900 1777 1022 1841 cinctus
1044 1780 1093 1839 est
1108 1774 1260 1838 dominus.
1276 1794 1301 1831 ιο

85 1876 185 1941 Porta
207 1882 313 1941 autem
335 1876 419 1941 filius
442 1878 492 1941 dei
515 1883 579 1957 est3
606 1879 658 1943 hic
680 1901 761 1942 uuus
784 1884 832 1943 est
854 1880 1002 1945 introitus
1025 1880 1066 1944 ad
1089 1879 1260 1943 dominum.

86 1980 191 2046 Aliter
213 2002 289 2065 ergo
313 2003 404 2045 nemo
427 1981 560 2047 intrabit
583 1983 624 2045 ad
646 2004 716 2046 eum
740 1983 801 2047 nisi
822 2006 880 2068 per
901 1984 1003 2047 filium
1026 1984 1100 2047 eius.
1149 1983 1177 2046 7.
1201 1982 1261 2047 Vi·

86 2087 169 2164 disti,
186 2088 297 2171 inquit,
322 2108 376 2151 sex
400 2086 473 2151 illos
487 2087 572 2152 viros
591 2072 627 2151 et
641 2087 675 2151 in
698 2088 800 2152 medio
816 2109 926 2152 eorum
947 2087 1145 2171 praecelsum
1159 2086 1263 2150 virum

85 2191 176 2255 illum
198 2213 235 2255 ae
265 2211 431 2276 magnum,
466 2190 520 2274 qui
550 2190 633 2254 circa
660 2192 772 2255 turrim
806 2192 981 2257 ambulavit
1011 2198 1043 2257 et
1074 2191 1194 2275 Iapides
1225 2190 1262 2254 de

85 2300 243 2360 structura
264 2295 468 2380 reprobavit?
491 2294 575 2370 Vidi,
597 2296 735 2379 inquam,
757 2296 891 2360 domine.
938 2297 967 2360 8.
992 2296 1186 2372 Praecelsus‚
1210 2295 1260 2358 in·
1276 2319 1301 2356 1⁶

86 2401 163 2483 quit,
187 2401 235 2463 vir
257 2400 311 2464 ille
334 2400 418 2464 filius
443 2403 492 2463 est
515 2399 578 2475 dei,
604 2404 635 2463 et
658 2421 713 2464 sex
735 2399 783 2463 illi
806 2400 936 2485 gloriosi
960 2400 1066 2485 angeli
1088 2403 1162 2464 sunt
1185 2399 1261 2463 dex·

84 2509 153 2570 tera
167 2505 320 2589 laevaque
343 2526 415 2568 eum
430 2505 637 2569 continentes.
683 2504 735 2569 Ex
749 2504 808 2579 his,
833 2505 945 2588 inquit,
969 2503 1091 2590 angelis
1114 2503 1262 2590 gloriosis

84 2631 176 2673 nemo
198 2609 333 2673 intrabit
354 2608 394 2672 ad
417 2609 510 2672 deum
532 2609 600 2672 sine
623 2630 678 2684 eo;
704 2608 758 2693 qui
780 2630 894 2672 nomen
918 2609 985 2673 eius
1008 2630 1071 2672 non
1094 2606 1260 2691 acceperit,

84 2733 150 2778 non
172 2716 313 2778 intrabit
335 2719 370 2777 in
394 2732 531 2794 requam
553 2715 616 2777 dei.

174 2814 235 2883 13.
260 2818 369 2882 Turris
394 2821 508 2887 autem.
532 2817 671 2900 iuquam,
696 2817 767 2901 quis
790 2819 864 2881 est?
897 2817 1006 2881 'lirrris
1028 2816 1123 2894 haec,
1148 2815 1260 2900 inquit
1275 2836 1300 2874 ao

84 2921 217 2986 ecclesia
245 2928 301 2986 est.
349 2923 378 2985 2.
412 2921 560 3005 Virginea
592 2942 666 2986 vero
690 2921 750 2984 hae
783 2942 863 3005 quae
893 2924 990 2985 sunt?
1024 2921 1112 2997 Hae,
1147 2921 1260 3004 inquit,

84 3027 214 3111 spiritus
237 3026 338 3090 sancti
362 3029 445 3103 sunt,
469 3047 571 3109 neque
596 3025 688 3089 aliter
708 3026 804 3090 homo
828 3025 961 3089 inveniri
983 3031 1089 3109 potest
1109 3027 1143 3090 in
1162 3047 1262 3110 regno

85 3131 143 3207 dei,
166 3131 227 3195 nisi
257 3131 318 3195 hae
351 3130 509 3195 induerint
541 3151 613 3193 eum
644 3134 730 3193 veste
754 3149 827 3207 sua3
862 3130 996 3194 sienim
1022 3152 1136 3195 nomen
1158 3128 1262 3194 solum

85 3235 242 3318 acceperis
270 3256 372 3318 neque
400 3239 519 3299 vestem
551 3234 708 3317 acceperis
739 3236 779 3299 ab
807 3235 876 3311 his,
909 3233 989 3298 nihil
1020 3234 1080 3300 tibi
1110 3235 1259 3319 proderit.

84 3339 231 3424 Namque
253 3339 314 3404 hae
343 3339 482 3423 virgines
504 3342 679 3421 potestates
702 3343 776 3402 sunt
804 3339 862 3403 filii
886 3338 944 3402 dei.
992 3336 1026 3402 Si
1048 3360 1161 3402 nomen
1183 3359 1260 3422 por·
1274 3356 1300 3394 2⁶

83 3443 201 3509 taveris
224 3465 282 3507 nee
304 3443 479 3526 portaveris
501 3446 692 3526 potestatem
715 3443 792 3520 eius,
817 3444 937 3507 frustra
959 3463 1073 3507 nomen
1097 3443 1164 3506 eius
1185 3462 1260 3525 por·

84 3548 177 3613 tabis.
223 3548 252 3611 3.
276 3547 420 3630 Lapides,
444 3547 557 3631 inquit,
582 3568 662 3630 quos
684 3547 792 3611 vidisti
815 3547 956 3612 abiectos
980 3569 1064 3625 esse,
1091 3547 1126 3610 hi
1148 3567 1261 3610 nomen

153 3700 215 3766 7120
233 3701 328 3754 Ioann.
349 3700 373 3763 3,
392 3702 417 3754 5.
436 3730 471 3738 -
491 3699 524 3753 12
541 3698 637 3751 Ioann.
658 3700 698 3761 14,
717 3701 741 3753 6.

84 3817 195 3896 (ἔλαβον
222 3829 271 3895 τὴν
297 3829 437 3897 σφραγῖδα
463 3830 513 3879 τοῦ
530 3819 591 3879 υἱοῦ
609 3829 659 3878 τοῦ
687 3824 731 3875 est
742 3821 801 3877 Dei.
840 3824 881 3879 Cf.
895 3823 1050 3894 Prolegom.
1070 3823 1128 3877 c.5.
1147 3817 1261 3895 -ἄτερ

85 3914 155 3965 θεοῦ
171 3914 255 3978 κτλ.);
274 3909 332 3964 Vis.
351 3910 397 3976 III,
416 3912 440 3975 7,
460 3912 483 3966 3.
508 3908 584 3963 Zahn
603 3909 621 3963 l.
636 3927 658 3963 c.
686 3909 781 3982 αὐτοῦ]
810 3911 850 3966 Cf.
870 3910 940 3980 Eph.
962 3912 1054 3972 1,10;
1082 3912 1106 3973 3,
1128 3909 1174 3973 10;
1202 3909 1259 3964 col.

83 4012 111 4064 p.
124 3996 172 4049 155
191 4013 230 4064 sq.
268 3996 442 4051 Sententiam
456 3995 543 4050 habes
562 3998 657 4051 Ioann.
688 3998 710 4061 l,
730 3998 779 4060 20;
798 3997 858 4068 Ign.
878 3999 985 4067 Smyrn.
1004 3998 1027 4060 6,
1050 3998 1073 4051 1.

84 4081 108 4145 3,
127 4082 150 4135 3.
169 4084 193 4136 5.
722 4083 764 4147 la,
785 4085 807 4137 1.
827 4084 869 4138 Of.
889 4083 947 4139 Vis.
965 4085 1011 4147 ΙΙΙ,
1031 4083 1055 4147 3,
1075 4083 1098 4137 3.

118 4171 142 4222 5.
161 4164 251 4238 ἄλλως
270 4169 319 4228 εἰσ.
338 4169 372 4227 οὐ
389 4171 501 4229 δύναται
518 4173 590 4243 aaa]
617 4173 658 4228 cf.
721 4172 745 4225 2.
765 4167 876 4242 ἔνδυμα]
896 4171 938 4226 cf.
958 4171 1051 4225 Mand.
1061 4171 1121 4236 XII,
1137 4175 1158 4235 1,
1172 4172 1258 4225 21101.

84 4259 144 4310 Act.
171 4257 202 4322 4,
223 4259 264 4310 12.
292 4287 325 4296 —
353 4277 376 4313 τ.
403 4258 590 4330 ἠγαπημένον]
616 4258 657 4314 cf.
685 4256 810 4315 -οὔδὲν
823 4255 963 4330 ὠφελήσῃ]
984 4257 1120 4313 Cllcor.
1131 4260 1171 4322 13,
1184 4257 1257 4313 1-3.

83 4342 208 4406 3111113,
228 4345 244 4398 6
263 4347 322 4397 not.
686 4374 720 4384 -
738 4341 828 4414 ὄνομα
846 4345 945 4418 φορῇς]
970 4345 988 4399 i.
1010 4362 1032 4400 e.
1052 4344 1075 4398 si
1097 4344 1259 4413 baptizatus

118 4432 141 4484 6.
161 4428 279 4501 εἴσοδος]
299 4430 340 4485 cf.
360 4430 562 4495 loann.10‚‘l;
582 4434 658 4497 leo
686 4430 731 4485 vel
759 4431 935 4487 Christianus
963 4449 999 4487 es.
1037 4433 1079 4488 Cf.
1099 4432 1165 4486 Sim.
1184 4431 1258 4496 VIII,

119 4518 142 4571 3
162 4516 225 4571 Non
244 4518 336 4571 solum
354 4522 436 4588 petra
454 4521 484 4572 et
500 4522 590 4588 porta,
610 4521 659 4574 sed
688 4520 727 4582 10,
748 4520 763 4573 3
784 4523 841 4573 not.

34 4658 44 4683 .
84 4604 170 4659 etiam
193 4605 236 4658 vir
259 4605 562 4676 promereamur)
584 4605 658 4660 filius
