2834 5018
328 649 378 703 AD
397 649 521 705 EPHES.
541 650 599 714 XX,
621 654 633 707 l
654 683 686 691 -
705 651 755 705 AD
776 651 932 709 MACNES.
951 654 970 718 I,
994 657 1016 710 1.
1195 660 1257 723 231

81 831 124 895 tis
148 829 188 893 ad
210 850 326 893 novum
349 828 508 893 hominem
530 830 636 894 Iesum
659 829 833 908 Christum,
869 839 1020 916 quaeest
1052 835 1085 898 in
1109 836 1175 899 eius
1197 836 1259 900 fide

82 940 114 998 et
137 935 171 998 in
194 935 261 998 eius
285 935 425 1012 caritate,
451 935 484 998 in
507 936 654 1018 passione
676 936 776 1020 ipsius
801 943 832 1002 et
854 939 1099 1014 resurrectione3
1134 941 1164 1003 2.
1188 963 1258 1005 ma·

81 1040 217 1103 ximesi
250 1040 394 1104 dominus
426 1040 505 1103 mihi
536 1040 736 1117 revelaverit,
774 1044 857 1123 quod
880 1065 935 1106 vos
970 1043 1008 1106 ad
1031 1065 1129 1108 unum
1150 1065 1259 1110 omnes

81 1144 271 1208 nominatim
303 1166 360 1228 per
391 1145 528 1229 gratiam
560 1145 732 1209 convenitis
761 1147 795 1210 in
817 1169 880 1210 una
908 1147 970 1211 fide
993 1148 1079 1211 etin
1101 1170 1165 1213 uno
1187 1148 1260 1213 Iesu

82 1250 221 1323 Christe,
247 1255 303 1329 qui
324 1252 503 1313 secuudum
526 1269 659 1313 carnem
685 1270 728 1313 ecc
748 1271 871 1330 amere
895 1254 1003 1316 Dauid
1022 1253 1106 1316 filius
1129 1257 1177 1316 est
1198 1254 1285 1317 ho·s

80 1355 175 1419 minis
198 1359 230 1418 et
252 1354 336 1417 filius
359 1353 426 1429 dei,
450 1358 486 1417 ut
509 1354 682 1418 oboediatis
703 1354 852 1438 episcopo
880 1361 912 1420 et
933 1358 1131 1440 presbyterio
1153 1364 1258 1422 mente

80 1459 248 1537 indivulsa,
274 1459 456 1543 frangentes
471 1479 586 1543 panem
599 1481 705 1531 unum,
725 1460 779 1543 qui
791 1460 998 1543 pharmacum
1009 1461 1259 1527 immortalitatis

81 1567 139 1640 est,
158 1565 343 1639 antidotum,
365 1586 405 1627 ne
420 1564 600 1639 moriamur,
618 1564 673 1627 sed
688 1564 832 1627 vivamus
848 1587 972 1650 semper
986 1567 1019 1630 in
1034 1566 1106 1631 Iesu
1122 1565 1257 1632 Christo.

170 1667 254 1732 XXI.
279 1668 415 1732 Paratus
438 1691 508 1732 sum
531 1668 668 1732 animam
691 1690 795 1732 meam
817 1691 936 1753 ponere
958 1693 1017 1755 pro
1040 1673 1130 1736 vobis
1154 1678 1185 1737 et
1200 1694 1258 1756 pro
1330 1662 1332 1667 ³

79 1774 129 1851 iis,
156 1795 234 1856 quos
250 1774 290 1837 ad
312 1774 463 1837 honorem
480 1773 530 1837 dei
545 1772 675 1836 misistis
693 1771 868 1854 Smyrnam,
894 1776 975 1838 unde
992 1781 1023 1840 et
1040 1777 1142 1842 scribo
1157 1777 1257 1855 vobis,
1274 1802 1298 1839 ιο

81 1879 203 1963 gratias
228 1898 325 1962 agens
349 1879 492 1954 domino,
524 1876 658 1960 diligens
681 1877 897 1960 Polycarpum
918 1884 955 1943 ut
978 1885 1010 1944 et
1032 1902 1096 1945 vos.
1143 1881 1257 1945 Memi-

80 1983 192 2048 neritis
216 1983 288 2059 mei,
313 1983 394 2054 sicut
418 1987 449 2045 et
470 1983 567 2046 vestri
590 1981 678 2045 Iesus
702 1980 855 2046 Christus.
903 1984 932 2047 2.
958 1983 1053 2048 Orate
1075 2007 1133 2068 pro
1157 1985 1257 2050 eccle·

80 2089 138 2165 sia,
164 2091 311 2172 quaeest
333 2087 366 2150 in
383 2085 481 2169 Syria,
499 2087 582 2149 unde
604 2087 730 2150 vinctus
748 2086 882 2150 Romam
898 2088 1044 2165 abducor,
1069 2090 1258 2153 novissimus

80 2193 223 2257 fidelium
247 2214 373 2267 eorum,
398 2192 452 2274 qui
474 2192 520 2256 ibi
542 2195 633 2267 sunt,
659 2213 732 2255 cum
755 2191 869 2274 dignus
892 2192 952 2255 sim
974 2193 1103 2257 habitus
1126 2194 1259 2257 inveniri

81 2296 122 2359 ad
145 2296 298 2360 honorem
321 2297 379 2360 dei.
425 2294 539 2359 Valete
560 2296 594 2359 in
618 2296 675 2359 deo
697 2300 789 2379 patre
812 2296 899 2359 etin
922 2295 993 2361 Iesu
1009 2295 1145 2375 Christo,
1170 2320 1257 2363 conr·
1272 2318 1297 2359 rs

80 2400 170 2463 muni
194 2422 248 2482 spe
271 2405 388 2464 nostra.

455 2884 650 2941 MAGNESIIS
669 2885 851 2941 lCNATIUS.

168 3067 327 3153 ignatius,
364 3067 418 3151 qui
442 3070 472 3129 et
495 3063 718 3147 Theophorus,
753 3064 935 3128 benedictae
958 3065 1064 3149 gratia
1086 3067 1135 3130 dei
1157 3067 1258 3150 patris

211 3174 244 3236 in
260 3172 386 3235 Christo
402 3170 474 3234 Iesu
497 3168 653 3233 salvatore
677 3172 796 3247 nostro,
821 3168 855 3233 in
878 3191 940 3252 quo
963 3169 1067 3233 saluto
1084 3169 1256 3248 ecclesiam,

212 3299 293 3360 quae
328 3274 512 3358 Magnesiae
547 3275 595 3336 est
629 3271 670 3335 ad
703 3272 928 3350 Maeandrum,
964 3278 1103 3358 optoque
1135 3273 1168 3337 in
1200 3275 1258 3338 deo
1272 3300 1298 3338 ro

210 3386 301 3466 patre
325 3385 356 3444 et
378 3381 412 3444 in
435 3378 507 3443 Iesu
530 3375 656 3441 Christo
680 3377 851 3461 plurimam
874 3377 1017 3441 salutem.

167 3537 191 3602 Ι.
217 3537 296 3602 Cum
330 3537 495 3602 caritatem
525 3540 662 3599 vestram
694 3533 878 3618 religiosam
909 3536 1045 3617 perbene
1079 3535 1257 3600 ordinatam

79 3644 308 3730 cognovissem,
334 3643 495 3707 exsultans
518 3641 552 3705 in
574 3640 636 3704 fide
658 3638 730 3702 Iesu
754 3638 871 3704 Christi
893 3661 949 3705 vos
973 3639 1093 3723 alloqui
1123 3640 1254 3704 decrevi.

148 3802 167 3852 4
186 3800 266 3853 Rom.
287 3801 309 3860 1,
329 3798 352 3851 3.

78 3923 193 3977 nuntius
206 3922 276 3975 mihi
290 3920 449 3991 contigerit,
468 3921 522 3974 hac
534 3918 659 3989 epistula
685 3917 739 3971 Sm.
761 3917 800 3980 10,
820 3917 850 3979 2;
874 3916 965 3984 Polyc.
985 3918 1009 3979 2,
1029 3916 1059 3976 3;
1079 3916 1102 3978 6,
1124 3918 1137 3970 1
1156 3915 1258 3984 repeti·

80 4009 260 4063 concordiam
289 4011 415 4061 vestram
440 4007 532 4077 magis
559 4008 657 4061 confir·
684 4006 760 4066 tum,
789 4004 848 4058 fere
869 4003 946 4057 idem
972 4003 1131 4072 significare
1148 4003 1260 4057 videtur

77 4099 186 4150 matam
207 4112 274 4150 esse.
294 4127 329 4134 —
347 4094 450 4162 πάντες
470 4093 500 4163 ἐξ
518 4094 570 4166 da]
594 4095 612 4147 i.
633 4110 655 4148 e.
686 4108 719 4144 ac
736 4095 879 4165 περίψημα
892 4092 926 4161 (8,
943 4094 969 4153 1;
992 4090 1074 4151 18,1;
1094 4089 1176 4142 Bam.
1185 4090 1210 4152 4,
1223 4091 1258 4159 91

79 4199 177 4238 omnes
203 4182 314 4253 singuli
353 4183 395 4237 cf.
415 4181 506 4251 Polyc.
525 4184 550 4245 4,
569 4183 593 4235 2.
622 4212 657 4220 -
720 4179 743 4234 2.
762 4172 868 4250 ὥσπερ]
889 4176 1044 4246 coniungas
1070 4193 1134 4230 cum
1153 4177 1260 4245 δεδεμέ-

79 4266 167 4343 aptos
193 4270 325 4339 κλῶπες]
355 4270 397 4324 Ct‘.
416 4271 476 4322 Act.
496 4268 520 4331 2,
538 4268 585 4331 46;
613 4269 655 4330 20,
685 4287 797 4334 νος...
817 4265 970 4338 ἀπάγομαι.
992 4295 1024 4304 -
1044 4260 1191 4335 εὑρεθῆναι
1210 4262 1259 4333 εἰς]

79 4359 102 4411 7.
125 4362 166 4413 11.
193 4390 228 4398 -
255 4357 405 4431 φάρμακον
427 4354 592 4424 ἀθανασίας]
613 4354 654 4409 Cf.
685 4355 725 4409 Cf.
746 4354 824 4408 Rom.
843 4353 868 4415 2,
882 4354 913 4413 2;
933 4353 995 4405 Act.
1015 4352 1039 4414 8,
1058 4351 1099 4405 40.

79 4445 135 4500 Sm.
155 4448 179 4507 7,
201 4447 227 4507 1;
247 4446 318 4500 Iren.
333 4446 402 4500 Adv.
421 4444 497 4496 haer.
511 4440 556 4505 IV,
572 4442 610 4505 18,
625 4443 655 4505 5;

78 4531 111 4595 V,
131 4535 155 4596 2,
175 4536 200 4587 2.
219 4537 242 4589 3.
717 4527 737 4590 Ι,
759 4529 781 4580 1.
809 4524 839 4584 ἐν
866 4526 966 4596 πίστει]
996 4525 1014 4578 i.
1034 4541 1056 4579 e.
1085 4525 1178 4579 animo
1204 4523 1259 4579 fide

115 4618 187 4684 XXI,
200 4623 221 4674 l.
241 4613 655 4692 dvalmuxmfflocvocabulum,
684 4613 840 4668 christiana
857 4614 951 4683 pleno.
