2834 5018
159 340 225 406 380
411 336 729 393 PRESBYTERORUM
747 337 945 403 RELIQUIAE
963 337 983 401 Ι,
1002 338 1079 394 3-6.

158 515 340 582 huiusmodi
362 517 570 599 operationes,
595 517 650 582 sed
671 517 750 581 iram
772 537 921 600 magnam
940 516 1103 580 imminere
1127 515 1237 579 domui
1262 516 1344 580 eius.

159 619 374 705 compunctus
397 625 446 684 est
467 625 573 685 autem
596 620 702 686 David
725 622 765 685 ad
787 621 866 685 haee
888 626 920 685 et
943 621 1005 685 ait:
1028 623 1166 684 Peccari
1186 622 1348 700 domium·

159 729 191 789 et
212 724 372 808 psalmum
394 724 675 809 exhomologeseos
694 725 871 809 psallebat,
903 725 1070 789 adventum
1095 723 1217 788 domini
1240 724 1344 789 susti·

158 850 245 906 nens,
270 829 324 914 qui
347 829 449 894 abluit
471 833 503 893 et
526 828 677 893 emundat
698 850 769 892 eum
791 828 968 906 hominem,
1000 830 1053 912 qui
1076 832 1208 914 peccato
1232 828 1346 894 tuerat

132 933 339 999 sobstnctus.

243 1039 273 1101 4.
298 1036 452 1102 Similiter
482 1039 588 1100 autem
610 1040 642 1100 et
664 1038 702 1102 de
726 1038 911 1117 Salomone,
944 1061 1015 1104 oum
1046 1044 1269 1122 perseveraret
1292 1040 1344 1104 iu·

157 1142 261 1206 dicare
294 1146 378 1206 recte
401 1145 433 1205 et
462 1140 650 1224 sapientiam
682 1140 758 1224 (dei)
790 1166 953 1220 enarrare,
987 1147 1020 1207 et
1048 1148 1162 1227 typum
1193 1144 1344 1209 tentatis

156 1245 313 1329 templum
346 1244 534 1310 aedificabat
562 1250 594 1309 et
623 1245 743 1330 glorias
774 1249 954 1331 exponebat
984 1248 1033 1311 dei
1065 1252 1097 1311 et
1130 1248 1345 1313 adventuram

157 1371 268 1433 paoem
291 1349 440 1433 gentibus
471 1350 697 1428 annuntiabat,
728 1355 760 1415 et
783 1350 902 1416 Christi
924 1373 1056 1436 regnum
1085 1352 1343 1436 praefigurabat,

122 1474 148 1513 ιο
162 1457 195 1518 et
217 1452 412 1534 loquebatur
434 1461 502 1519 tria
524 1457 634 1519 millia
646 1458 886 1536 parabolarum
909 1456 942 1520 in
965 1457 1134 1520 adventum
1152 1456 1286 1529 domini,
1311 1462 1345 1520 et

159 1562 432 1639 quinquemillia
455 1566 677 1639 canticoram,
707 1559 860 1645 hymnum
884 1560 990 1624 dicens
1013 1562 1081 1635 deo,
1105 1566 1138 1624 et
1160 1582 1234 1626 eam
1260 1582 1344 1646 quae

157 1667 206 1727 est
228 1663 261 1727 in
277 1663 456 1728 conditione
479 1664 668 1746 sapientiam
684 1663 735 1727 dei
757 1664 937 1746 exponebat
951 1663 1172 1747 physiologiae
1196 1664 1343 1729 exomni

157 1768 247 1846 liano
270 1767 363 1830 etde
386 1767 472 1830 omni
493 1766 593 1831 herba
615 1770 647 1830 et
676 1770 868 1832 volatilibus
894 1769 1039 1832 omnibus
1068 1772 1100 1831 et
1122 1769 1162 1831 de
1193 1771 1342 1849 quadra·

151 1872 296 1952 pedr'tar
318 1875 351 1935 et
379 1871 417 1935 de
443 1874 610 1953 asaias,
645 1872 674 1934 5.
699 1875 731 1935 et
763 1872 903 1936 dicebat:
941 1875 1077 1937 Sinera
1107 1875 1211 1954 deae,
1245 1893 1342 1955 quem

118 1995 143 2034 a
156 1978 244 2039 caeli
265 1995 332 2040 aon
353 1982 498 2058 capiant,
520 1996 622 2058 saper
645 1985 770 2040 terram
786 1979 951 2041 habitabit
971 1997 1043 2041 cara
1060 1979 1280 2043 bominibus?
1298 1979 1342 2043 Et

156 2079 305 2163 placebat
322 2080 388 2156 deo,
413 2086 445 2144 et
460 2101 568 2144 omnes
583 2102 655 2144 eum
670 2081 916 2159 admirabantur,
934 2086 966 2147 et
981 2102 1095 2146 amaea
1110 2103 1210 2163 repes
1227 2092 1343 2148 terrae

157 2186 352 2269 quaerebant
374 2186 487 2250 faciem
511 2187 587 2264 eius,
611 2191 648 2251 ut
663 2190 819 2251 audirent
840 2192 1040 2268 sapientiam
1060 2192 1142 2261 aias,
1168 2210 1270 2271 quam
1285 2189 1341 2253 de·

157 2290 246 2353 derat
268 2289 316 2352 illi
339 2289 430 2366 deus,
465 2295 497 2354 et
519 2299 637 2372 rapina
659 2293 775 2355 Aaetrr'
797 2313 818 2355 a
837 2294 960 2370 finitas
988 2301 1100 2355 terrae
1122 2295 1280 2358 veniebat
1303 2293 1343 2358 sd

157 2416 238 2470 eum,
262 2401 461 2476 sapientiam
485 2397 620 2479 quaein
643 2416 680 2460 eo
703 2401 771 2460 erat
788 2401 935 2475 saitara;
957 2417 1052 2478 quam
1075 2400 1107 2458 et
1130 2396 1281 2462 domiuus
1297 2397 1343 2462 ait

118 2516 143 2554 2⁰
157 2505 192 2563 in
215 2501 338 2563 indicto
362 2508 628 2564 resurrecturam
651 2520 723 2564 cam
747 2519 859 2564 eoram
875 2505 1020 2579 natione,
1043 2499 1098 2582 qui
1121 2500 1260 2566 audiunt
1273 2524 1341 2566 ser-

155 2625 265 2668 mones
280 2603 347 2667 eius
370 2606 401 2666 et
416 2624 480 2667 non
503 2604 634 2668 eredunt
648 2604 680 2667 in
703 2626 784 2680 eum,
809 2608 841 2667 et
865 2605 1133 2668 adiudicataram
1157 2624 1236 2669 aar:
1260 2626 1341 2691 qao·

155 2707 242 2772 niam
264 2706 322 2772 illa
351 2707 477 2790 quidem
500 2709 643 2773 subiecta
673 2711 722 2772 est
744 2707 951 2772 annuntiatae
984 2708 1160 2791 sapientiae
1189 2731 1251 2793 per
1273 2731 1341 2775 ser·

156 2834 230 2876 vum
254 2812 318 2889 dei,
351 2811 384 2875 hi
413 2833 487 2877 vero
516 2834 586 2877 eam
616 2834 698 2895 quae
721 2834 740 2875 a
761 2811 828 2875 filio
852 2812 901 2875 dei
933 2811 1067 2875 dabatur
1099 2816 1343 2879 oontemserimt

157 2917 356 3001 sapientiam.
404 2918 432 2980 6.
458 2915 609 2981 Salomon
632 2916 716 2980 enim
739 2937 847 2979 servus
870 2920 953 2992 erat,
987 2913 1131 2980 Christus
1153 2938 1232 2981 vero
1255 2917 1342 2982 filius

117 3036 144 3074 π
158 3021 208 3086 dei
230 3027 263 3086 et
286 3021 430 3085 dominus
453 3019 641 3085 Salomonis.
688 3017 767 3083 Cum
781 3019 881 3104 igitur
903 3019 970 3083 sine
986 3020 1108 3083 offensa
1129 3021 1267 3086 serviret
1283 3023 1342 3087 deo

157 3129 190 3189 et
211 3125 406 3189 ministraret
428 3123 687 3208 dispositionibus
710 3123 787 3202 eius,
811 3129 887 3187 tuno
910 3123 1165 3207 glorificabatur:
1189 3147 1266 3190 eum
1282 3149 1341 3192 au·

155 3233 220 3293 tem
242 3249 358 3293 uxores
389 3227 565 3310 accipiebat
587 3229 627 3292 ab
650 3228 805 3292 universis
837 3229 985 3312 gentibus
1008 3231 1040 3292 et
1061 3228 1273 3311 permittebat
1296 3232 1343 3295 eis

157 3333 278 3416 erigere
300 3331 386 3397 idola
408 3331 441 3394 in
464 3330 572 3408 lsrael,
598 3331 677 3394 dixit
700 3331 856 3415 scriptura
879 3332 917 3396 de
940 3353 992 3395 eo:
1024 3334 1068 3396 El
1089 3352 1154 3396 rea
1177 3335 1342 3400 Salomon

157 3448 261 3502 erat.
287 3488 293 3501 .
318 3442 458 3519 poma
487 3442 569 3500 etas.
624 3434 825 3500 Sufficienter
853 3435 1029 3519 increpavit
1060 3457 1132 3499 eum
1167 3439 1341 3523 scriptura,

117 3542 273 3606 usioni
303 3540 417 3605 dixit
445 3540 699 3624 presbyter,
735 3550 858 3605 utnon
886 3544 1053 3621 plor-setar
1074 3547 1236 3608 arriserea
1259 3564 1342 3609 caro

156 3653 192 3710 ia
215 3653 390 3726 conspecta
412 3646 547 3707 doariar'.

225 3764 242 3816 2
261 3763 287 3815 II
305 3761 373 3829 Reg.
394 3761 433 3823 12,
455 3761 495 3816 13.
516 3759 728 3830 -6111Reg.
748 3762 772 3822 3,
794 3762 825 3816 16
844 3779 903 3829 sqq.
924 3793 959 3801 —
977 3763 994 3816 8
1013 3762 1052 3817 Ill
1071 3763 1173 3833 Rege
1194 3781 1276 3834 sqq.;
1295 3765 1341 3819 Pa.

157 3849 198 3901 71.
215 3880 250 3889 —
271 3850 304 3902 10
322 3848 361 3901 III
380 3847 448 3916 Reg.
466 3848 491 3910 4,
512 3848 553 3902 32.
567 3848 607 3901 33.
627 3878 661 3887 -
681 3848 714 3901 14
731 3848 770 3901 ΙΙΙ
782 3848 850 3918 Bag.
863 3850 887 3910 8,
902 3851 946 3905 27.
965 3881 1000 3889 -
1020 3852 1052 3905 16
1073 3849 1112 3904 ΙΙΙ
1124 3850 1195 3920 Reg.
1208 3854 1235 3915 4,
1249 3854 1295 3909 34.
1308 3884 1344 3894 -

158 3934 191 3987 18
208 3935 309 3991 Matth.
332 3934 479 3997 124261.
499 3934 538 3988 ΠΙ
557 3933 624 4003 Reg.
646 3935 686 3997 10,
707 3936 719 3989 l
741 3953 816 4003 sqq-3
836 3937 929 3989 Paral.
949 3937 1002 3999 9,1
1023 3955 1082 4005 sqq.
1101 3967 1137 3977 —
1155 3939 1191 3993 28
1210 3939 1253 3995 III
1272 3940 1342 4011 Reg.

159 4018 199 4081 11,
221 4022 294 4075 1-3.
314 4052 342 4060 -
367 4024 401 4076 30
420 4021 513 4076 icor.
535 4021 557 4084 1,
576 4020 618 4074 29.

156 4121 382 4196 homologeseos]
401 4127 418 4180 i.
439 4144 461 4180 e.
480 4126 525 4179 Ps.
544 4126 585 4180 50.
757 4132 826 4195 quet
845 4145 878 4181 ex
898 4128 992 4182 Ioann.
1012 4126 1036 4191 2,
1057 4128 1097 4183 19.

191 4207 216 4259 4.
236 4211 335 4276 typum
347 4212 487 4280 veritatis]
501 4211 606 4265 Christ-i
618 4212 732 4266 Domini
791 4216 814 4268 5.
856 4214 1154 4284 adiudicaturum1=
1175 4230 1348 4294 κατακρινεῖ

158 4292 256 4359 typum
275 4296 412 4365 templum
425 4297 580 4352 Salomonis
598 4297 687 4351 fuisse
698 4297 730 4350 li-
757 4301 856 4356 Mattla
878 4302 917 4365 12,
936 4302 978 4356 42.
