2834 5018
190 350 254 414 440
619 343 775 400 HERMAE
793 342 935 399 PASTOR

191 519 300 606 ἐσύθη
324 523 377 584 καί
402 520 592 604 σωθήσεται.
639 518 865 603 τεθεμελίωται
888 519 954 582 δὲό
976 517 1095 603 πύργος
1120 527 1169 604 τῷ
1195 521 1320 606 ῥήματι
1334 532 1383 586 τού

189 627 441 709 παντοκράτορος
463 627 516 689 καί
541 623 666 701 ἐνδόξου
689 624 850 706 ὀνόματος,
874 631 1031 705 κρατεῖται
1055 623 1091 686 δὲ
1116 624 1182 687 ὑπὸ
1208 636 1271 710 τῆς
1294 628 1382 710 ἀορά-

189 753 243 795 του
266 731 426 813 δυνάμεως
451 738 505 792 τοῦ
529 729 690 794 δεσπότου.

274 833 313 902 4.
339 834 541 916 Ἀποκριθεὶς
564 832 647 916 λέγω
671 834 769 917 αὐτῇ·
793 831 904 915 Κυρία,
928 832 1074 916 μεγάλως
1096 835 1156 897 καί
1181 837 1381 920 θαυμαστῶς

161 942 252 1024 τέχει
275 942 310 1002 τό
333 949 463 1023 πρᾶγμα
486 948 587 1004 τοῦτο.
634 938 663 1001 σί
694 940 728 1002 δὲ
763 939 918 1002 νεανίσκοι
953 939 981 1002 σί
1011 938 1045 1016 ἓξ
1078 939 1108 1003 οἱ
1133 941 1378 1025 οἰκοδομοῦντες

186 1046 265 1121 τίνες
288 1045 375 1123 εἰσίν,
398 1043 505 1126 κυρία;
529 1042 624 1106 Ούτοί
646 1043 723 1107 εἰσιν
746 1042 775 1106 οἱ
798 1045 880 1127 ἅγιοι
904 1043 1032 1128 άγγελοι
1057 1053 1113 1108 τοῦ
1132 1048 1220 1112 θεοῦ
1247 1047 1278 1110 οί
1300 1056 1376 1128 πριῐν

185 1171 231 1213 τοι
263 1147 462 1227 κτισθέντες,
494 1145 538 1222 οίς
568 1146 751 1229 παρέδωκεν
774 1147 790 1210 δ
813 1147 917 1229 κύριος
939 1157 1044 1211 πᾶσαν
1067 1151 1127 1231 τὴν
1151 1149 1263 1214 κτίσιν
1286 1152 1375 1213 αὐτοῦ

186 1253 288 1330 αὔξειν
311 1255 364 1315 καί
389 1253 563 1335 οἰκοδομεῖν
586 1255 639 1314 καί
662 1252 824 1330 δεσπόζειν
847 1261 901 1335 τῆς
924 1251 1056 1327 κτίσεως
1078 1253 1210 1338 πάσης·
1235 1255 1290 1319 διὰ
1312 1255 1374 1319 τού·

185 1379 247 1422 των
278 1354 331 1420 ούν
363 1356 590 1440 τελεσθήσεται
620 1355 812 1439 Ιοίκοδομὴ
835 1366 890 1419 τοῦ
913 1355 1042 1439 πύργου.
1089 1360 1121 1424 2.
1150 1359 1194 1426 Οἱ
1220 1360 1259 1425 δὲ
1282 1361 1373 1443 ἕτερα

146 1483 170 1518 10
185 1462 213 1526 σί
235 1461 468 1544 παραφέροντες
491 1465 563 1536 τοὺς
586 1460 697 1536 λίθους
721 1461 799 1536 τίνες
823 1460 916 1540 εἰσίν;
939 1458 1002 1523 Καί
1027 1461 1117 1524 αὐτοὶ
1132 1463 1224 1546 άγιοι
1250 1465 1370 1550 ἀγγελοι

183 1576 238 1630 τοῦ
262 1569 359 1632 θεοῦ·
395 1565 479 1630 ούτοι
503 1567 537 1630 δέ
561 1565 589 1629 οἱ
612 1565 645 1642 ἓξ
667 1565 872 1649 ὑπερέχοντες
895 1565 1007 1640 αὐτούς
1030 1567 1120 1630 εἰσιν.
1157 1570 1370 1652 συντελεσθΙ-

183 1694 269 1736 σεται
293 1670 348 1735 οὖν
371 1672 392 1756 ἡ
415 1673 565 1755 οἰκοδομὴ
588 1680 643 1734 τοῦ
666 1671 795 1756 πύργου,
819 1673 872 1735 καί
887 1672 1001 1745 πάντες
1024 1670 1104 1753 ὁμοῦ
1129 1673 1369 1759 εύφρανθήσον·

182 1798 232 1839 ται
255 1776 363 1860 κύκλῳ
388 1785 443 1839 τοῦ
466 1776 586 1860 πύργου
614 1778 667 1838 καί
691 1775 875 1852 δοξάσουσιν
906 1777 959 1839 τόν
981 1774 1070 1855 θεόν,
1094 1777 1145 1840 δτι
1169 1776 1332 1864 ἐτελέσθη
1351 1779 1368 1861 ιΙ

182 1882 331 1965 οἰκοδομὴ
356 1892 410 1945 τοῦ
433 1881 564 1965 πύργου.
610 1886 639 1948 3.
665 1880 852 1966 έπηρύτησα
876 1883 971 1964 αὐτὴν
993 1879 1119 1963 λέγων·
1154 1881 1276 1966 Κυρία,
1300 1886 1367 1968 ἧθε·

144 2006 168 2042 υ
182 1985 237 2049 λον
259 1995 375 2070 γνῶναι
400 1995 462 2049 τῶν
486 1985 587 2051 λίθων
611 1987 667 2068 τὴν
690 1984 796 2062 ἔξοδον
812 1987 865 2047 καί
881 1988 936 2068 τἠν
959 1984 1090 2068 δύναμιν
1106 1988 1232 2068 αὐτῶν,
1249 1986 1366 2069 ποταπή

180 2090 272 2153 ἐστιν.
319 2090 531 2171 ἀποκριθεῐσά
554 2110 604 2172 μοι
628 2088 730 2172 λέγει·
761 2086 831 2171 Ούχ
854 2091 900 2151 ότι
924 2091 962 2151 σὺ
986 2088 1024 2150 ἐκ
1046 2089 1180 2154 πάντων
1206 2091 1367 2176 ἀξιώτερος

180 2192 216 2274 εί,
239 2196 291 2256 ίνα
314 2216 363 2257 σοι
387 2193 622 2277 ἀποκαλυφθῇ·
656 2191 746 2256 ἀλλοι
774 2194 835 2276 γάρ
868 2213 924 2255 σου
946 2192 1092 2276 πρότεροί
1116 2195 1282 2260 εἰσινκαὶ
1306 2197 1366 2283 βελ-

180 2297 276 2372 τίονές
300 2320 368 2378 σου,
394 2297 438 2373 σίς
462 2298 523 2361 έδει
547 2296 815 2381 ἀποκαλυφθῆναι
843 2299 882 2359 τὰ
907 2297 1050 2379 ὁράματα
1073 2307 1203 2363 ταῦτα·
1229 2301 1303 2366 ἀλλ’
1323 2305 1366 2365 ίνα

180 2400 336 2487 δοξασθῇ
358 2403 396 2466 τὸ
421 2404 531 2482 ὄνομα
553 2409 614 2466 τοῦ
629 2400 725 2482 θεοῦ,
749 2402 797 2463 σοί
814 2399 1028 2484 ἀπεκαλύφθη
1050 2403 1105 2463 καὶ
1132 2404 1366 2491 ἀποκαλυφθή·

140 2526 165 2561 ω
180 2526 266 2568 σεται
289 2506 340 2568 διὰ
364 2509 435 2581 τοὺς
459 2505 628 2588 διψύχους,
658 2508 730 2579 τοὺς
763 2503 1033 2588 διαλογιζομένους
1067 2505 1100 2570 ἐν
1134 2518 1207 2586 ταῖς
1233 2511 1367 2595 καρδίας

179 2611 291 2689 αὐτῶν,
316 2610 343 2672 εί
367 2612 428 2691 ἀρα
452 2610 535 2672 ἔστιν
559 2617 657 2671 ταῦτα
679 2608 700 2692 ἡ
723 2610 782 2671 ούκ
803 2609 897 2672 ἐστιν.
942 2608 1016 2692 λέγε
1039 2611 1169 2693 αὐτοῖς,
1201 2617 1254 2679 δτι
1277 2625 1367 2680 ταῦτα

176 2714 279 2776 πάντα
312 2713 394 2776 ἐστίν
427 2713 536 2797 ἀληθῆ
559 2714 612 2775 καί
636 2714 733 2778 ούθὲν
756 2712 878 2789 ἔξωθέν
902 2713 983 2776 ἐστιν
1007 2724 1063 2798 τῆς
1085 2714 1267 2802 ἀληθείας,
1292 2719 1367 2783 ἀλλὰ

175 2816 279 2879 πάντα
303 2818 415 2900 ἰσχυρὰ
439 2818 493 2878 καί
518 2815 628 2900 βέβαια
649 2817 703 2877 καί
727 2815 981 2899 τεθεμελιωμένα
1004 2816 1098 2883 ἐστίν.

265 2920 301 2988 ὅ.
326 2920 446 2984 Ἀκουε
471 2930 525 2982 νῦν
540 2920 609 2999 περί
625 2927 687 2981 τῶν
703 2916 805 2984 λίθων
827 2929 890 2983 τῶν
906 2920 1092 3003 ὑπαγόντων
1109 2925 1156 3001 εἰς
1172 2930 1237 3012 τὴν
1254 2930 1367 2994 οἰκοδο

137 3048 161 3086 ω
176 3024 247 3108 μήν.
293 3025 322 3088 οί
344 3027 400 3108 μὲν
424 3022 478 3087 ούν
494 3023 580 3089 λίθοι
604 3023 633 3086 οί
648 3023 835 3107 τετράγωνοι
856 3026 909 3087 καί
925 3023 1032 3088 λευκοί
1048 3029 1104 3090 καί
1123 3046 1368 3116 συμφωνούντες

174 3138 240 3203 ταῖς
265 3129 415 3212 ἁρμογαῖς
441 3129 555 3206 αὐτῶν,
580 3125 665 3190 ούτοί
688 3127 764 3190 εἰσιν
787 3127 815 3190 οί
839 3128 1007 3192 ἀπόστολοι
1037 3132 1092 3194 καί
1118 3133 1298 3203 ἐπίσκοποι
1320 3138 1368 3201 καί

243 3284 260 3336 4
279 3282 377 3358 άποκρ.
393 3283 504 3354 -Ι-δὲθ
522 3283 525 3352 Ι
540 3284 665 3355 κυρία>
679 3282 710 3333 L¹
728 3284 731 3351 Ι
748 3283 764 3334 6
781 3287 862 3356 κυρία
876 3283 945 3337 SL¹:
964 3287 980 3355 ἡ
998 3283 1028 3341 δέ
1047 3280 1102 3358 ἔφη
1116 3288 1210 3346 GL'A
1228 3293 1233 3363 Ι
1250 3289 1368 3359 9οὗν>

174 3368 261 3438 8111
281 3365 311 3437 ἓξ
330 3367 592 3434 SGL²:>ScL¹A
618 3370 621 3435 Ι
647 3367 748 3436 αύτούς
768 3369 953 3427 Szattan
979 3373 983 3441 Ι
1010 3374 1041 3427 12
1062 3369 1185 3435 ούντδὲ
1204 3380 1365 3439 αὐῐῶοίὶζ

175 3456 206 3509 15
224 3450 492 3527 ἔξοδονεδιαιροράν
511 3456 534 3509 G
560 3456 563 3525 Ι
588 3454 766 3524 αύτῶν>θ
792 3458 796 3526 Ι
823 3458 855 3512 18
872 3479 924 3515 σου
943 3458 1051 3527 SL:>
1065 3459 1118 3514 GA
1135 3465 1140 3532 Ι
1160 3465 1196 3519 19
1215 3472 1310 3537 002>
1326 3467 1365 3522 S‘

171 3545 216 3597 καί
230 3543 263 3610 -Ι-
276 3537 317 3597 ἔτι
337 3541 385 3595 GA
408 3544 412 3611 Ι
434 3543 466 3597 21
487 3537 562 3599 ἔστιν
579 3583 585 3595 .
600 3583 624 3596 ..
645 3538 721 3600 ἔστιν
734 3561 740 3595 t
754 3539 830 3601 έσται
917 3542 993 3603 ἔσται
1013 3547 1037 3602 G
1061 3549 1065 3617 Ι
1091 3551 1129 3607 23
1149 3553 1251 3612 πάντα
1264 3575 1272 3610 t
1285 3565 1367 3614 ταῦτα

171 3625 689 3698 G124vnvzoin1250i²v>G

171 3764 269 3819 IPetr·
284 3766 307 3828 3,
323 3767 365 3820 20·
387 3799 418 3807 -
438 3776 477 3843 τῷ
489 3770 590 3842 ῥήματι
608 3770 679 3839 κτλ]
693 3770 710 3823 ἰ
725 3788 748 3824 e.
776 3773 898 3843 δύναμός
915 3795 966 3832 σου
978 3778 1070 3849 λόγος.
1092 3808 1131 3819 -
1150 3790 1207 3839 τοῦ
1226 3805 1258 3841 π.
1270 3807 1296 3842 κ.
1315 3783 1366 3842 ἐνί.

170 3852 256 3905 verbo
277 3852 390 3906 Christi.
428 3855 521 3909 Aliter
545 3857 622 3910 Zahn
641 3857 659 3909 l.
680 3874 702 3910 c.
721 3875 748 3926 p.
776 3859 926 3931 ὀνόματος]
944 3862 961 3915 i.
981 3879 1002 3916 e
1023 3863 1076 3917 filii
1095 3865 1168 3931 Dei;
1189 3871 1229 3925 cs.
1249 3871 1308 3928 Vin
1322 3872 1365 3935 lv,

173 3936 237 3999 196,
267 3938 316 4004 qui
335 3940 487 4007 respiciens
508 3959 528 3995 c.
550 3944 609 4006 7,6
637 3947 666 3997 et
684 3961 747 3999 con·
775 3948 799 4009 2,
817 3947 841 4001 4.
869 3947 949 4001 Dent
970 3949 1010 4013 28,
1029 3951 1065 4006 58
1094 3950 1174 4009 Dens
1205 3955 1302 4030 ὄνομα
1328 3956 1366 4016 ἔν

171 4021 312 4085 sidereus,
331 4041 429 4078 vocem
448 4028 521 4101 ῥῆμα
541 4029 576 4082 ab
595 4029 701 4083 Herma
719 4031 748 4084 in
775 4054 857 4102 τιμον
875 4038 1042 4103 θαυμαστὸν
1060 4042 1243 4110 appellatur.

171 4108 355 4165 describenda
380 4113 523 4168 creatione
552 4117 651 4170 mundi
669 4135 747 4170 usur·
809 4123 836 4185 4,
858 4125 879 4176 1.
898 4119 1011 4196 ἄγγελοι
1036 4146 1060 4181 τ.
1081 4132 1113 4185 θ.
1133 4128 1161 4188 ολ
1179 4139 1296 4206 πρῶτοι
1313 4131 1363 4200 art-l

170 4197 240 4260 pari,
251 4197 469 4266 interpretatur:
488 4202 699 4269 praedieatione
712 4203 747 4258 de
775 4206 816 4260 Ct'.
831 4208 896 4262 Sim.
909 4209 941 4272 V,
955 4211 978 4274 5,
993 4211 1017 4264 3.
1045 4213 1186 4271 Irenaeus
1199 4219 1276 4274 Adv.
1290 4221 1362 4274 haer.

171 4278 228 4333 filio
247 4281 306 4335 Dei.
346 4285 386 4338 cf.
408 4285 471 4354 Sap.
488 4288 527 4350 18,
543 4290 589 4343 15:
611 4289 747 4348 όπαντο-
773 4292 853 4357 Lm,
874 4297 890 4350 3
909 4298 1012 4352 refert:
1031 4299 1194 4359 Basilidem
1214 4308 1362 4362 ostendere
