2834 5018
457 313 759 339 Ἰ---τ’-““.··,ηι1·.“··“*’·”’“·’
899 323 900 326 =

591 348 617 353 -
644 343 652 346 -
692 341 755 346 --·“·
771 339 864 346 -·’“·“·“·
912 342 934 351 ι-

495 671 561 728 vis.
577 672 624 737 111,
644 673 668 737 r,
685 673 762 738 e-s,
782 676 805 729 a
1171 683 1234 747 449

64 856 236 937 postquam
251 849 381 915 cruciati
403 848 522 913 fuerint
536 871 573 914 ac
587 849 778 933 repleverint
798 851 864 915 dies
879 856 1081 934 peccatorum
1097 873 1234 919 suorum.

62 957 108 1021 Et
130 962 300 1040 propterea
313 954 552 1032 transferentur,
578 955 726 1037 quoniam
741 956 913 1040 participes
936 962 1026 1021 erant
1047 958 1134 1021 verbi
1149 959 1233 1023 iusti.

60 1063 107 1127 Et
128 1066 197 1125 tum
226 1061 265 1124 iis
297 1061 472 1145 continget,
506 1063 542 1123 ut
570 1058 804 1124 transferantur
834 1061 871 1123 de
900 1061 1064 1124 tormentis
1092 1062 1174 1140 suis,
1207 1064 1235 1127 si

61 1165 261 1230 ascenderint
290 1165 322 1229 in
346 1166 437 1229 corde
464 1165 606 1249 ipsorum
628 1185 724 1248 opera
756 1185 836 1248 quae
858 1164 981 1248 operati
1010 1169 1085 1229 sunt
1115 1166 1231 1250 iniqua

61 1271 119 1336 Sin
150 1275 256 1334 autem
278 1290 340 1333 non
370 1269 567 1334 ascenderint
587 1269 621 1332 in
650 1268 742 1333 corde
774 1267 931 1351 ipsorum,
963 1290 1026 1333 non
1049 1270 1129 1334 salvi
1155 1271 1261 1335 fiunto

58 1380 193 1460 propter
216 1375 364 1438 duritiam
386 1373 489 1439 cordis
512 1374 569 1439 sui.

152 1475 188 1543 8.
213 1477 292 1543 Cum
313 1477 413 1561 igitur
435 1477 596 1542 desiissem
617 1477 812 1562 interrogare
835 1499 904 1542 eam
928 1479 966 1543 de
987 1481 1132 1546 omnibus
1153 1480 1233 1558 istis,

61 1584 141 1648 dicit
162 1582 260 1647 mihi:
290 1581 348 1646 Vis
371 1581 457 1645 aliud
485 1581 616 1645 videre?
647 1579 788 1664 Cumque
817 1583 948 1665 cupidus
977 1605 1076 1649 essem
1099 1585 1233 1664 videndi,

59 1688 173 1752 hilaris
203 1688 306 1752 factus
329 1707 399 1751 sum
428 1707 484 1769 spe
507 1685 642 1750 videndi.
689 1687 718 1748 2.
743 1685 873 1750 intuens
904 1709 954 1751 me
976 1689 1107 1754 subrisit
1135 1693 1167 1753 et
1190 1690 1235 1754 ait

57 1792 155 1856 mihi:
191 1791 328 1856 Videsne
350 1795 471 1873 septem
493 1789 641 1853 mulieres
664 1789 747 1854 circa
768 1791 908 1854 turrim?
943 1791 1061 1871 Video,
1094 1794 1273 1878 inquam,10

61 1896 198 1959 domina.
244 1896 353 1960 Turris
375 1895 438 1958 ista
460 1894 500 1957 ab
522 1893 572 1956 his
594 1896 741 1976 portatur
763 1896 934 1959 secundum
948 1902 1153 1981 praeceptum
1177 1900 1233 1963 do-

58 2000 147 2064 mini.
194 2002 224 2064 3.
249 2000 334 2064 Audi
356 2021 440 2064 nunc
461 1997 659 2081 operationes
682 2018 797 2061 earum.
844 1997 952 2063 Prima
967 2021 1083 2079 earum,
1108 2003 1158 2067 cui
1181 2025 1233 2067 ro·

61 2106 174 2169 bustae
206 2109 279 2169 sunt
308 2125 436 2179 manus,
461 2100 554 2164 Fides
584 2105 730 2175 vocatum
762 2123 818 2185 per
844 2103 926 2167 hano
957 2105 1120 2169 salvantur
1142 2107 1235 2172 electi

60 2210 123 2274 dei.
169 2212 200 2274 4.
221 2208 297 2274 Alia
319 2231 409 2286 vero,
440 2227 521 2290 quae
542 2205 722 2290 praecincta
744 2209 793 2270 est
822 2228 859 2271 ao
879 2207 1011 2273 viriliter
1034 2210 1118 2293 agit,
1150 2208 1233 2275 Con-

57 2314 195 2378 tinentia
216 2318 362 2388 vocatum
385 2312 464 2376 haec
485 2310 552 2374 filia
574 2316 622 2375 est
646 2310 742 2375 Fidei.
790 2309 987 2397 Quicumque
1002 2336 1078 2400 ergo
1101 2332 1273 2380 eamne-1⁶

59 2425 154 2486 cutus
177 2420 282 2495 fuerit,
302 2420 414 2484 beatus
436 2417 473 2480 fit
494 2416 527 2479 iu
550 2415 616 2480 vita
637 2437 703 2492 sua,
728 2415 802 2499 quia
824 2418 864 2480 ab
879 2418 1024 2482 omnibus
1047 2419 1139 2483 malis
1155 2440 1233 2503 ope-

56 2525 148 2589 ribns
171 2523 357 2599 abstinebit,
391 2522 534 2599 credens,
567 2520 621 2605 qui
652 2520 841 2585 abstinuerit
863 2521 948 2585 omni
979 2523 1234 2606 concupiscentia

55 2628 155 2703 mala,
172 2650 244 2692 eum
265 2627 514 2691 hereditatumm
531 2646 598 2690 esse
613 2625 713 2689 vitam
727 2629 896 2689 aeternam.
943 2626 972 2689 5.
998 2623 1127 2692 Ceterae
1148 2650 1231 2705 vero,

56 2732 203 2809 domina,
228 2753 308 2814 quae
331 2735 427 2795 sunt?
461 2730 561 2795 Filiae
582 2730 715 2795 invicem
739 2735 829 2810 suut3
864 2735 1020 2796 vocantur
1042 2738 1148 2797 autem
1170 2756 1234 2797 una

55 2837 264 2921 Simplicitas,
289 2836 352 2900 alia
368 2835 514 2915 Scieutia,
539 2836 603 2900 alia
622 2835 814 2912 Innocentia,
840 2835 903 2899 alia
919 2834 1066 2915 Castitas,
1091 2837 1154 2902 alia
1170 2836 1231 2902 Ca·
1245 2853 1271 2892 ’θ

55 2943 147 3007 ritas.
194 2939 272 3005 Cum
296 2961 371 3025 ergo
400 2962 496 3024 opera
518 2941 629 3005 matris
651 2962 759 3005 earum
787 2941 892 3005 omnia
913 2941 1041 3021 feceris,
1072 2946 1162 3026 potes
1184 2943 1232 3006 vi·

55 3068 141 3111 vere.
189 3047 217 3109 6.
242 3045 408 3121 Volebam,
425 3046 564 3129 inquam,
588 3045 676 3122 scire,
703 3045 838 3121 domina,
858 3067 952 3129 quam
968 3067 1110 3130 quaeque
1126 3067 1233 3109 earum

54 3150 124 3215 vim
146 3149 285 3214 haberet.
332 3148 433 3225 Audi,
457 3149 577 3234 inquit,
607 3149 686 3226 vim,
721 3171 816 3232 quam
847 3149 975 3214 habent.
1022 3151 1050 3213 7.
1075 3149 1235 3213 Tenentur

56 3259 166 3319 autem
190 3254 230 3317 ab
252 3254 385 3318 invicem
408 3253 541 3317 virtutes
563 3275 671 3317 earum
694 3257 726 3317 et
748 3257 922 3335 sequuntur
944 3252 1007 3317 alia
1022 3252 1127 3329 aliam,
1152 3252 1233 3316 sicut

54 3363 91 3424 et
120 3363 213 3422 natae
243 3362 325 3422 sunt.
371 3358 421 3422 Ex
443 3357 520 3423 Fide
552 3358 692 3423 nascitur
723 3355 940 3434 Continentia,
971 3379 1009 3421 ex
1032 3355 1233 3421 Continentia
1245 3370 1273 3407 ²⁶

54 3462 262 3545 Simplicitas
287 3485 326 3526 ex
349 3461 559 3547 Simplicitate
582 3461 778 3537 innocentia,
811 3483 849 3525 ex
872 3459 1054 3526 Innocentis
1083 3458 1229 3537 Castitas,

54 3590 96 3633 ex
119 3564 272 3631 Castitate
296 3565 449 3646 Scientia,
483 3589 521 3631 ex
544 3567 684 3631 Scientia
706 3564 836 3630 Caritas.
883 3565 1006 3630 Harum
1037 3587 1112 3651 ergo
1135 3586 1232 3648 opera

51 3755 118 3810 vias
146 3751 242 3807 malas.
285 3753 362 3808 Zahn
389 3753 406 3806 l.
426 3772 448 3809 c
473 3773 500 3825 p.
521 3757 570 3812 196
598 3757 631 3812 τὸ
658 3756 755 3825 potius
773 3759 864 3810 mater
882 3755 929 3824 (cf.
942 3771 967 3807 v.
980 3754 1007 3823 5)
1026 3758 1069 3808 est
1085 3753 1230 3807 virtutum.

52 3842 131 3917 ῥῆμα
151 3861 174 3896 τ.
192 3846 214 3897 d.
235 3841 269 3895 de
287 3842 499 3910 praedicatione
521 3842 631 3898 christi·
659 3842 701 3899 ef.
720 3843 813 3896 Mand
833 3843 858 3905 1;
883 3841 948 3896 Sim.
967 3840 1013 3904 IX,
1034 3840 1074 3905 15,
1093 3842 1117 3894 2.
1136 3869 1168 3879 -
1187 3838 1231 3895 διὰ

52 3945 113 3983 ana
131 3929 341 3997 interpretatur.
355 3962 389 3969 —
404 3930 631 4003 σκληροκαρδίαν]
659 3929 758 4000 ταύτης
774 3929 844 3999 κτλ]
865 3929 906 3983 cf.
926 3928 1026 3983 Matth.
1040 3928 1065 3992 9,
1079 3926 1127 3988 22;
1145 3924 1231 3978 Marc.

53 4016 101 4071 Cf.
130 4013 212 4070 Dent.
242 4019 291 4081 10,
322 4019 368 4079 16;
395 4016 493 4071 Sirach
514 4016 561 4080 16,
583 4017 631 4079 10;
659 4017 682 4078 5,
701 4016 750 4078 34;
790 4016 829 4081 10,
848 4017 897 4078 52;
933 4015 998 4068 Luc.
1017 4015 1042 4077 7,
1061 4014 1111 4076 50;
1138 4013 1162 4075 8,
1182 4012 1231 4074 48;

51 4103 158 4159 Matth.
179 4103 218 4166 19,
237 4103 268 4165 8;
287 4103 371 4157 Marc.
392 4104 432 4167 10,
446 4105 476 4165 5;
496 4103 535 4165 16,
556 4104 596 4157 14.
660 4104 700 4165 17,
721 4102 753 4156 19
760 4119 767 4164 ;
786 4104 847 4157 Act
867 4102 908 4166 26,
929 4103 974 4164 18;
993 4100 1071 4155 Rom.
1085 4101 1109 4162 3,
1128 4099 1162 4153 22
1183 4098 1232 4164 28;

91 4191 118 4252 8,
138 4188 162 4241 3.
190 4188 274 4243 Plura
303 4207 336 4244 ex
363 4190 416 4244 hoc
442 4206 524 4243 versu
543 4192 572 4243 et
590 4204 631 4243 se·
658 4189 682 4250 5,
704 4191 726 4243 l.

50 4274 208 4346 questibus
227 4276 421 4345 transscripsit
440 4275 569 4330 Clemens
587 4277 629 4331 Al.
692 4278 715 4330 5.
734 4276 849 4349 μητρός]
868 4292 905 4329 sc.
923 4278 1050 4341 πίστεως.

50 4364 157 4419 Strorn.
177 4362 210 4427 11,
232 4364 270 4427 12,
290 4365 323 4417 55
341 4382 369 4433 p.
388 4363 447 4417 458.
474 4392 509 4402 -
533 4364 630 4434 bapa-
692 4363 716 4415 7.
735 4361 863 4416 Clemens
889 4359 932 4414 Al
960 4359 1020 4413 lc.
1051 4360 1093 4415 ita
1120 4359 1231 4414 scribit:

49 4459 143 4508 τοῦσα
176 4449 316 4520 (intrans.)
349 4471 372 4506 τ.
399 4457 492 4523 χεῖρας
527 4452 630 4515 (accus.
656 4452 702 4505 real
737 4448 820 4505 πάλιν
854 4456 1015 4521 προηγεῖται
1050 4445 1103 4515 μὲν
1131 4450 1230 4515 πίστις,

52 4538 162 4609 graec.)
199 4538 242 4594 Cf.
268 4536 346 4591 Zahn
363 4536 382 4589 l.
401 4553 424 4589 c.
450 4552 479 4604 p.
498 4535 549 4589 502
568 4552 629 4604 sqq.
657 4537 745 4610 φόβος
774 4533 803 4592 a
832 4533 988 4603 οὺεοδομεῖ,
1025 4539 1127 4591 teleto?
1155 4534 1185 4591 δὲ
1214 4537 1233 4607 ὴ

49 4625 122 4681 Sim.
141 4623 188 4689 IX,
207 4627 231 4689 2,
249 4626 273 4679 4.
292 4655 328 4665 -
345 4622 452 4692 illotae]
475 4620 569 4690 prima
585 4623 631 4678 vel
655 4619 757 4696 ἀγάπη.

107 4729 209 4780 Fank,
223 4731 304 4771 Patras
318 4733 394 4779 apost.
409 4728 445 4768 od.
461 4727 495 4768 11.
980 4712 1022 4775 29
