2834 5018
353 646 545 703 DUODECIM
564 647 835 703 APOSTOLORUM
853 649 925 712 xvi,
945 649 1020 704 3-8.
1228 653 1269 717 37

94 827 266 892 novissimo
298 827 434 911 perfecti
468 827 600 892 fueritis.
657 828 686 889 3.
711 826 858 911 Namque
888 827 921 891 in
953 828 1062 891 diebus
1094 826 1271 891 novissimis

94 931 397 1016 multiplicabuntur
419 930 493 995 falsi
515 931 691 1015 prophetae
714 938 745 995 et
762 936 969 1016 corruptores,
996 936 1028 995 et
1050 935 1271 995 convertentur

95 1059 166 1100 oves
189 1037 224 1101 in
247 1036 361 1121 lupos,
392 1042 424 1100 et
447 1037 562 1101 caritas
585 1042 785 1100 eonvertatur
812 1038 845 1100 in
868 1037 983 1100 odium.
1030 1038 1059 1098 4.
1085 1035 1164 1099 Cum
1187 1036 1271 1099 enim

95 1147 188 1205 aucta
211 1141 311 1205 fuerit
326 1140 487 1226 iniquitas,
512 1141 585 1205 odio
601 1163 634 1204 se
655 1142 788 1206 invicem
804 1143 967 1206 habebunt
990 1146 1022 1205 et
1043 1145 1271 1226 persequentur

94 1251 125 1308 et
147 1246 303 1328 prodent;
330 1267 367 1308 ae
389 1251 457 1309 trm1
473 1246 640 1329 apparebit
662 1247 748 1311 orbis
776 1247 924 1331 deceptor
946 1252 1099 1330 tanquam
1120 1245 1204 1309 filius
1221 1245 1296 1309 dei⁵

93 1354 125 1412 et
147 1350 247 1414 faciet
269 1355 368 1430 ripae
391 1358 424 1413 et
442 1354 611 1431 prodictu,
634 1356 666 1414 et
681 1356 766 1415 terra
788 1353 932 1415 tradetur
954 1353 986 1415 in
1002 1374 1114 1415 manus
1138 1351 1214 1425 eius,
1239 1355 1271 1413 et

94 1454 190 1518 faciet
204 1455 325 1537 iniqua,
351 1476 431 1537 quae
446 1477 608 1538 nunquam
624 1455 711 1519 facta
726 1461 800 1520 sunt
815 1480 833 1520 a
849 1456 991 1521 saeculis
1018 1458 1047 1520 5.
1071 1455 1152 1519 Tum
1167 1455 1272 1518 veniet

94 1564 240 1623 ereatura
269 1558 434 1622 hominum
457 1560 489 1622 in
513 1559 618 1643 ignem
649 1562 865 1643 probationis,
901 1571 934 1626 et
956 1563 1273 1626 ecaredulirabuntur

94 1667 192 1727 vrmltr'
207 1669 304 1748 atque
320 1665 485 1747 peribunt;
510 1671 566 1744 que·
581 1685 657 1729 cero
677 1674 967 1747 perseuerauerint
986 1667 1095 1730 infide
1111 1689 1177 1742 sua,
1200 1667 1271 1728 sul-

94 1770 261 1831 raderetur
277 1769 317 1833 ab
332 1767 403 1851 ipso
418 1767 598 1832 maledieto.
631 1771 659 1833 6.
688 1773 840 1851 Tuncque
856 1775 1062 1853 ayrparebum
1077 1777 1175 1851 siena
1189 1769 1271 1832 veri·
1286 1781 1312 1816 1⁰

94 1873 189 1944 tatis3
220 1873 360 1955 primum
382 1873 509 1955 signum
538 1874 617 1936 caeli
648 1863 766 1957 aperti,
799 1876 910 1939 deinde
940 1882 1071 1956 siynum
1095 1878 1208 1950 tuboe,
1241 1878 1273 1937 ot

93 1976 223 2039 tertium
247 1977 433 2039 resurreetio
457 1981 672 2055 mortuorum,
703 1979 731 2041 7.
756 2000 858 2062 neque
880 2001 955 2043 vero
978 1978 1127 2052 omnium,
1151 1978 1205 2041 sed
1229 1978 1272 2040 si·

94 2085 146 2143 eut
181 2079 303 2142 dictum
338 2085 402 2143 est:
447 2083 555 2145 Veniet
586 2084 738 2146 dorniaus
772 2091 804 2146 et
837 2103 951 2147 enerves
979 2089 1095 2157 uincti
1128 2103 1200 2145 urm
1224 2102 1272 2146 eo.

94 2184 122 2247 8.
151 2187 243 2248 Tunc
257 2186 380 2248 videbit
400 2187 535 2250 mimdus
557 2187 718 2250 dominum
734 2195 916 2252 venientem
939 2207 1042 2269 supra
1058 2189 1161 2250 recedes
1176 2189 1271 2250 caeli.

163 2337 180 2390 6
199 2336 301 2391 March.
314 2338 355 2400 24,
367 2339 408 2401 24,
428 2339 462 2391 81.
474 2339 499 2392 II
510 2340 605 2394 These.
617 2342 640 2402 2,
651 2342 679 2403 9;
699 2343 786 2410 Apoo.
799 2343 839 2407 13,
853 2343 877 2397 2.
891 2344 930 2397 13.
942 2345 1002 2397 -9
1021 2341 1123 2395 Matth.
1137 2341 1179 2403 24,
1192 2340 1273 2395 10.-

96 2426 126 2478 10
146 2424 249 2478 Marth.
264 2425 303 2487 10,
316 2423 364 2486 22;
384 2426 425 2485 24,
440 2427 522 2479 13.-
534 2429 563 2481 11
586 2429 687 2481 Matth.
698 2431 740 2492 24,
751 2431 791 2484 30.
811 2461 844 2469 —-
864 2433 895 2485 12
913 2431 1015 2484 Matth.
1028 2431 1069 2493 24,
1079 2430 1120 2491 31,
1141 2429 1176 2482 cf.
1188 2428 1200 2480 1
1211 2428 1272 2482 Cor.
1326 2493 1331 2502 Ι

98 2513 134 2571 15,
155 2514 203 2575 52;
223 2513 236 2565 1
255 2513 353 2567 Thess.
373 2515 397 2577 4,
420 2516 458 2569 16.
487 2547 521 2554 -
551 2517 583 2570 14
601 2514 683 2569 Zaeh.
705 2518 746 2580 14,
766 2519 790 2571 5.
808 2549 843 2556 —
872 2519 903 2572 15
921 2517 1023 2570 Matth.
1043 2516 1084 2579 24,
1104 2516 1151 2576 30;
1170 2515 1212 2578 26,
1231 2514 1273 2567 64.

95 2638 154 2691 Gal.
176 2641 201 2699 3,
223 2638 255 2690 13
276 2637 405 2690 Christus
429 2655 486 2692 non
511 2638 602 2690 solum
621 2655 673 2691 nos
701 2638 785 2692 dubie
799 2640 912 2693 averbo
925 2637 1108 2706 ἐκπετάννυμι
1121 2636 1276 2691 derivanda

98 2727 129 2779 de
139 2723 296 2779 maledieto
307 2723 380 2792 legis
390 2724 517 2787 redemit,
528 2725 576 2777 sed
587 2724 674 2779 etiarn
700 2728 744 2779 est
756 2743 789 2780 ac
803 2725 936 2779 denotat:
955 2723 1117 2794 explicatio,
1131 2723 1274 2793 expansio,

95 2811 249 2881 pronubis
274 2810 357 2876 quasi
374 2811 556 2866 maledictum
581 2812 673 2864 faetus
699 2813 792 2867 itaut
819 2829 916 2866 sensus
943 2812 994 2866 sit:
1025 2810 1138 2878 quando
1166 2811 1276 2864 caelum

95 2904 145 2963 est,
166 2900 324 2964 eodemque
343 2898 430 2952 lCor.
446 2901 515 2963 12,3
534 2899 673 2952 referente
701 2901 813 2956 Christo
833 2899 1001 2954 adveniente
1025 2899 1172 2967 aperietur.
1204 2899 1275 2965 Tay-

95 2984 223 3041 nonnulli
232 2987 296 3040 Iesu
307 2985 459 3038 anathema
471 2986 612 3039 dicebant.
631 2985 673 3038 De
699 2989 742 3042 lor
761 2992 789 3042 et
808 2987 906 3041 Harris
925 2987 963 3056 (p.
979 2985 1093 3054 74-77)
1112 2984 1275 3053 supplentes

95 3088 222 3127 sermone
243 3088 260 3124 a
283 3072 613 3157 peccatoribus-Christo
632 3088 673 3125 re·
699 3085 757 3133 τῶν
773 3083 873 3148 χειρῶν
901 3074 994 3127 locum
1014 3071 1048 3126 de
1076 3072 1157 3142 signo
1185 3071 1275 3124 crucis

96 3160 197 3213 deunte
222 3160 393 3228 procedente
419 3160 453 3213 cf.
481 3162 569 3229 Apoc.
591 3162 623 3220 l,
643 3160 672 3222 7;
701 3178 824 3232 expanso
833 3161 879 3213 vel
893 3162 1049 3229 apparente
1060 3159 1090 3212 in
1101 3158 1179 3211 eaelo
1188 3156 1274 3211 inter-

96 3247 177 3300 Bam.
196 3249 221 3309 7,
240 3247 272 3303 9;
291 3245 318 3297 ΙΙ
336 3246 421 3300 (ilem.
443 3246 482 3308 17,
502 3247 526 3299 5.
555 3245 608 3309 Qui
620 3262 672 3314 pro
699 3252 855 3319 pretantur.
892 3247 957 3305 Alii.
977 3247 1051 3300 inter
1064 3262 1134 3311 quos
1152 3250 1195 3299 est
1208 3245 1274 3311 Bry-

95 3333 137 3390 ivd
157 3335 270 3403 ponunt
288 3330 345 3397 ἀπ’,
367 3332 516 3401 κατάθεμα
534 3332 570 3386 (18
589 3336 672 3386 Anto·
701 3336 808 3398 ennius,
827 3350 926 3388 vocem
939 3335 1054 3388 averbo
1066 3331 1217 3400 ἐκπέτομαι
1230 3331 1275 3383 vei

95 3421 201 3474 christo
220 3418 265 3473 vel
284 3418 319 3471 de
337 3418 492 3472 maledicto
503 3419 538 3472 ab
557 3435 590 3472 88
609 3437 672 3488 pro·
700 3421 852 3490 ἐκπέῑαμαι
880 3422 926 3491 (=
939 3420 1033 3489 avolo)
1061 3418 1219 3474 derivantes
1247 3421 1276 3470 et

96 3509 240 3561 ficiseente
250 3506 481 3574 interpretantur.
520 3506 561 3560 01.
575 3507 672 3560 Harris
700 3507 884 3577 respicientes
903 3507 1027 3561 l'l'hess.
1046 3509 1116 3570 4,11
1136 3507 1228 3561 locum
1241 3504 1276 3557 de

94 3614 120 3664 p.
138 3594 254 3648 62-69.
701 3596 807 3650 sanctis
850 3595 1051 3664 superstitibus
1096 3593 1276 3663 interpretati

126 3683 151 3736 6.
171 3689 272 3752 σημεῖα
301 3700 324 3735 τ.
343 3677 484 3750 ἀληθείας]
508 3679 525 3732 1.
547 3697 569 3734 8.
590 3680 673 3750 signa
701 3687 782 3745 sunt,
812 3682 861 3748 qui
880 3680 1002 3735 Domino
1030 3680 1196 3735 adveniente
1218 3695 1277 3732 una

95 3767 202 3822 Christi
220 3767 326 3836 ipsius,
356 3767 404 3832 qui
423 3767 519 3820 Ioann.
541 3767 617 3829 14,6
644 3783 673 3820 88
701 3787 763 3823 eum
782 3768 885 3835 eisqui
903 3770 1114 3821 resurrexerunt
1131 3765 1276 3834 rapientur

95 3855 248 3908 veritatem
260 3853 397 3915 nominat,
416 3852 460 3905 vel
471 3854 568 3923 potius
582 3854 674 3924 signa,
701 3856 730 3910 in
748 3855 871 3909 nubibus
891 3855 1004 3909 obviam
1022 3854 1135 3908 Christo
1154 3853 1182 3905 in
1202 3856 1274 3906 aera.

96 3957 168 4008 quae
186 3941 312 4010 probant
339 3956 373 3992 ea
399 3956 467 3993 vera
494 3957 569 4003 esse,
599 3958 671 4009 quae
701 3942 758 3995 Alii
775 3959 827 4011 pro
840 3939 1082 4011 &merdoswclegi
1101 3939 1200 3994 volunt
1221 3937 1276 3995 ἐπι-

96 4028 225 4083 Christus
256 4027 290 4080 (18
319 4027 442 4081 adventu
470 4044 520 4081 suo
551 4028 673 4081 seeundo
701 4029 813 4100 φάσεως
840 4033 886 4095 (=
905 4025 1077 4100 ἐπιφανείας)
1105 4027 1151 4079 vel
1178 4027 1275 4095 (respi-

97 4116 173 4170 dixit.
213 4115 282 4169 Tria
301 4114 384 4182 signa
402 4114 504 4168 Matth.
524 4115 565 4175 24,
585 4115 625 4168 30.
640 4116 671 4169 31
702 4117 807 4169 cientes
834 4115 936 4170 Matth
962 4116 1008 4178 24,
1027 4114 1072 4167 29:
1109 4112 1135 4169 ot
1162 4111 1277 4186 ἀστέρες

96 4201 216 4256 discerni
233 4203 364 4271 possunt,
384 4199 566 4271 Evangelista
579 4202 673 4254 autem
700 4211 900 4260 πεσοῦνται
919 4200 975 4260 ἀπὸ
986 4199 1171 4274 τοῦοῦρανοῦ,
1190 4199 1277 4253 Marc,

98 4296 127 4345 τὸ
143 4297 261 4360 σημεῖον
281 4287 359 4342 dicit.
397 4287 463 4341 Tria
482 4288 564 4357 signa
587 4287 674 4342 etiarn
704 4290 743 4354 13,
756 4289 803 4356 25)
822 4288 994 4356 ἐκπτώσεως.
1016 4320 1048 4329 -
1067 4287 1217 4354 ἀνάστασις
1236 4307 1276 4343 νε-

99 4376 174 4431 Orac„
196 4373 295 4444 Sibyll.
316 4374 349 4438 ΙΙ,
370 4374 428 4437 188,
448 4393 488 4441 sq.
509 4391 674 4429 commemo·
700 4377 786 4448 κρῶν]
807 4376 849 4430 01.
869 4375 970 4429 Matth.
990 4376 1031 4439 24,
1050 4374 1097 4436 31;
1122 4374 1215 4429 lCor.
1236 4374 1275 4436 15,

99 4467 204 4527 rantur,
225 4461 277 4516 sed
296 4460 381 4515 aliter
404 4460 575 4515 definiuntur
593 4479 626 4516 ae
645 4463 675 4515 in
702 4464 750 4525 52;
770 4463 782 4516 I
801 4461 899 4515 Thess.
918 4461 942 4525 4,
964 4462 1003 4517 16.

99 4548 238 4605 Doctrina.
257 4580 293 4588 -
312 4546 497 4618 ἐκπετάσεως]
517 4547 577 4603 Vox
596 4548 674 4602 haud
