2834 5018
435 655 484 709 AI)
503 655 678 711 EPHESIOS
696 655 744 720 III,
765 656 849 720 l-V‚
869 658 893 711 2.
1191 661 1254 725 217

160 835 217 900 Ill.
243 834 315 899 Non
338 836 498 920 praecipio
522 836 620 912 vohis,
646 836 737 919 quasi
760 835 821 900 sim
843 835 969 920 aliquis.
1015 834 1151 900 Etiamsi
1173 834 1256 898 enim

69 941 197 1005 rinctus
220 964 292 1005 snm
322 946 453 1024 propter
484 962 614 1016 nomen,
646 941 787 1005 nondum
810 945 917 1005 tamen
938 940 1099 1023 perfectus
1129 961 1199 1003 sum
1222 939 1256 1002 in

71 1046 144 1110 lesu
168 1045 306 1109 Christo.
353 1045 447 1109 Nune
463 1046 547 1109 enim
568 1045 687 1128 incipio
704 1046 878 1129 discipulus
901 1067 968 1110 esse
984 1049 1016 1109 et
1039 1044 1185 1129 alloquor
1198 1065 1254 1107 vos

71 1157 107 1215 ut
131 1151 366 1235 condiscipulos
388 1172 485 1215 meos
531 1151 618 1215 Nam
634 1151 825 1234 opportebat
847 1172 897 1214 me
922 1173 940 1214 a
962 1150 1052 1214 vobis
1077 1147 1255 1213 confirmari

71 1257 142 1333 fide,
168 1256 398 1331 admonitione,
423 1256 594 1339 patientia,
620 1256 875 1340 aequanimitate.
922 1257 951 1318 2.
977 1254 1022 1319 At
1045 1276 1115 1319 cum
1138 1254 1281 1318 caritas⁶

71 1383 136 1424 non
159 1361 244 1424 sinat
266 1382 317 1423 me
333 1364 437 1424 tacere
461 1361 499 1424 de
514 1361 615 1438 vobis,
639 1365 809 1444 propterea
825 1358 983 1424 anteverti
1004 1380 1061 1422 vos
1076 1358 1252 1436 admonere,

72 1470 108 1528 ut
131 1465 286 1528 uniamini
309 1465 342 1528 in
365 1465 522 1529 sententia
545 1465 604 1528 dei.
650 1465 780 1529 Etenim
803 1464 891 1528 lesus
914 1463 1067 1542 Christus,
1091 1464 1254 1547 insepara-

71 1568 147 1633 bilis
171 1574 281 1633 nostra
304 1569 379 1646 vita,
404 1569 562 1634 sententia
576 1569 677 1652 patris
701 1573 758 1646 est,
783 1573 819 1632 nt
842 1573 874 1632 et
889 1569 1039 1653 episcopi,
1063 1573 1255 1652 pertractus

72 1679 177 1737 terrae
200 1674 375 1751 constituti,
399 1675 433 1739 in
455 1674 613 1738 sententia
635 1673 708 1738 lesu
731 1672 849 1737 Christi
872 1678 954 1737 sunt.

161 1777 216 1841 IV.
242 1778 335 1844 Unde
351 1780 439 1843 decet
463 1800 518 1842 vos
532 1779 567 1842 in
582 1778 723 1862 episcopi
746 1777 935 1841 sententiam
952 1799 1144 1854 concurrere,
1170 1779 1293 1862 quodie

72 1887 104 1947 et
128 1883 244 1946 facitis.
292 1883 377 1948 Nam
392 1883 598 1948 memorabile
614 1887 755 1946 vestrum
770 1882 1012 1965 presbyterium,
1038 1882 1169 1965 dignum
1186 1884 1253 1960 deo,

71 1988 118 2051 ita
142 1992 326 2071 coaptatum
347 1993 397 2056 ,est
419 1988 586 2071 episcopo,
621 1992 657 2050 ut
681 1987 816 2050 chordae
840 1986 988 2050 citharae.
1036 1985 1172 2069 Propter
1194 1987 1255 2051 hoc

71 2091 105 2156 in
129 2113 285 2156 consensu
307 2098 412 2156 uestro
444 2096 477 2156 et
499 2092 647 2156 concordi
676 2091 809 2155 caritate
831 2089 920 2154 Iesus
944 2089 1088 2155 Christus
1121 2091 1207 2156 canit
1246 2141 1253 2155 .
1301 2138 1310 2153 .

72 2199 102 2260 2.
129 2195 191 2260 Sed
215 2202 247 2260 et
270 2218 324 2261 vos
348 2196 468 2281 singuli
491 2196 606 2260 chorus
630 2200 741 2272 estote,
766 2199 801 2258 ut
824 2195 955 2259 consoni
977 2217 1034 2278 per
1046 2196 1253 2272 concordiam,

71 2301 173 2365 melos
197 2301 246 2365 dei
277 2301 464 2384 recipientes
487 2301 520 2365 in
551 2300 693 2376 unitate,
727 2301 861 2365 cantetis
884 2321 961 2364 voce
984 2323 1048 2364 una
1070 2322 1126 2383 per
1149 2299 1254 2364 lesum
1269 2316 1294 2356 1⁶

72 2406 236 2470 Christum
258 2407 351 2489 patri,
376 2428 438 2488 quo
462 2411 494 2470 et
515 2427 572 2469 vos
595 2405 705 2469 audiat
728 2408 761 2468 et
776 2407 931 2488 agnoscat
954 2426 993 2468 ex
1007 2405 1056 2481 iis,
1081 2426 1162 2488 quaa
1176 2404 1256 2468 bene

71 2510 268 2593 operamini,
301 2510 444 2574 membra
477 2532 545 2574 esse
577 2532 633 2574 vos
656 2509 715 2572 filii
743 2509 853 2591 ipsius.
900 2508 989 2574 Utile
1011 2510 1119 2593 itaque
1142 2513 1198 2585 est,
1222 2509 1256 2573 in

72 2615 281 2679 immaculata
304 2617 426 2678 unitate
448 2637 505 2679 vos
528 2638 605 2693 esse,
631 2619 667 2678 ut
689 2620 721 2678 et
742 2636 869 2698 semper
893 2614 1090 2698 participetis
1114 2615 1181 2677 deo.

162 2719 201 2783 V.
226 2718 259 2783 Si
282 2721 365 2784 enim
388 2741 448 2804 ego
470 2720 559 2783 brevi
573 2719 728 2803 temporis
753 2721 858 2803 spatio
884 2719 981 2783 talem
997 2718 1257 2783 consuetudinem

72 2824 216 2887 contraxi
240 2846 311 2888 oum
334 2825 482 2908 episcopo
505 2827 619 2899 vestro,
645 2845 726 2908 quae
749 2846 814 2889 non
829 2824 976 2899 humana,
1001 2824 1057 2887 sed
1079 2821 1254 2906 spiritualis
1267 2836 1294 2874 νο

72 2933 138 2999 estz
163 2932 281 3012 quanto
304 2950 360 2992 vos
383 2928 542 2993 beatiores
565 2928 690 3005 iudico,
716 2929 771 3012 qui
793 2930 839 2993 ita
862 2928 939 2992 estis
962 2927 1136 3004 coniuncti,
1161 2925 1252 2990 sicut'

72 3032 205 3096 ecclesia
228 3032 298 3097 Iesu
321 3032 447 3096 Christo
470 3038 502 3096 et
524 3033 605 3096 sicut
628 3032 716 3096 lesus
733 3031 881 3097 Christus
897 3032 992 3116 patri,
1016 3035 1053 3095 ut
1076 3031 1182 3095 omnia
1197 3051 1255 3114 per

71 3138 230 3201 unitatem
252 3138 473 3203 consentiant?
496 3139 526 3203 2.
550 3136 654 3201 Nemo
678 3138 777 3201 erret:
801 3136 867 3199 nisi
883 3137 954 3220 quis
978 3136 1062 3200 intra
1084 3135 1184 3200 altare
1201 3135 1252 3210 sit,

71 3240 218 3325 privatur
239 3263 321 3324 pane
350 3240 407 3304 dei.
455 3239 489 3304 Si
513 3239 597 3303 enim
618 3240 712 3304 unius
735 3245 829 3324 atqua
865 3240 995 3305 alterius
1017 3238 1159 3324 precatio
1181 3241 1254 3301 tan·

72 3349 140 3409 tam
165 3345 226 3408 vim
250 3345 363 3420 habet,
391 3348 508 3428 quanto
530 3344 635 3429 magis
657 3343 732 3421 illa,
756 3366 839 3427 quae
864 3345 1005 3428 episcopi
1029 3348 1076 3408 est
1100 3346 1132 3407 et
1153 3341 1253 3405 totius
1268 3353 1294 3392 2⁶

73 3480 90 3533 i.
111 3497 133 3533 e.
154 3478 230 3549 ungi,
250 3478 384 3542 excitari,
404 3479 518 3542 instrui,
538 3480 575 3532 ad
594 3495 651 3533 cer·
679 3479 763 3533 Trall.
783 3481 807 3542 2,
827 3480 855 3541 2;
885 3480 939 3535 Sm
957 3480 982 3541 4,
1003 3480 1032 3540 l;
1062 3476 1155 3546 Polyc.
1177 3479 1203 3538 1,
1223 3475 1253 3538 2;

72 3569 169 3620 tamen
187 3565 351 3635 praeparari
369 3565 521 3635 (Pearson).
678 3567 703 3629 4,
717 3567 738 3618 l.
751 3563 836 3633 -ὼς
855 3569 953 3639 χορδαὶ
962 3566 998 3634 κ.]
1020 3565 1061 3620 Cf.
1074 3563 1183 3617 Philad·
1196 3567 1218 3626 l,
1229 3565 1252 3616 2·

108 3653 131 3706 2.
152 3650 364 3721 ceetomone]
374 3650 417 3704 01.
429 3651 545 3706 Philem.
555 3652 650 3707 8-10.
714 3652 738 3705 2.
766 3653 876 3725 χρῶμα]
909 3650 1085 3706 Vocabulum
1116 3656 1254 3705 musicum

71 3771 107 3780 —
127 3739 234 3812 γνώμῃ]
264 3740 293 3792 et
312 3738 482 3793 sententiam
508 3743 537 3793 et
554 3740 651 3793 volun·
679 3737 795 3793 difficile
818 3740 854 3793 od
878 3738 1076 3793 definiendum.
1107 3736 1255 3807 Lightfoot

72 3829 164 3881 tatem
182 3826 229 3880 hic
242 3824 392 3895 significat.
411 3856 445 3864 -
464 3826 496 3882 τὸ
514 3823 556 3883 dd.
574 3828 653 3897 ἡμῶν
679 3826 897 3895 interpretatur:
924 3825 1012 3879 clavis
1031 3826 1161 3879 notarum
1182 3825 1253 3893 (tey-

72 3914 130 3985 ζῆν]
151 3913 168 3966 i.
183 3930 205 3966 e.
224 3914 291 3975 vita,
312 3929 385 3978 quae
399 3928 416 3965 a
428 3911 511 3965 nobis
524 3913 651 3981 separari
678 3913 755 3982 note).

71 4000 180 4066 nequit
210 4000 251 4054 cf.
280 4000 373 4068 Magn.
400 4000 446 4061 15;
473 3999 557 4053 Trall.
579 4003 600 4063 l,
623 4001 651 4061 1;
712 3998 745 4064 V,
767 4000 789 4052 1.
807 3998 999 4072 detornatam]
1012 3998 1029 4051 i.
1043 4014 1065 4052 e.
1080 3997 1152 4054 κατὰ
1165 3997 1255 4070 σάρκα

73 4086 152 4143 Rom.
172 4090 201 4141 et
220 4085 330 4140 Philad.
345 4086 428 4138 inscr.
458 4117 492 4125 -
518 4108 544 4143 κ.
563 4107 586 4143 τ.
606 4086 651 4143 πέ·
679 4086 695 4140 i.
710 4104 732 4140 e.
754 4085 865 4153 qualem
876 4086 1003 4140 homines
1023 4085 1134 4138 saeculo
1147 4082 1255 4137 addicti

73 4172 155 4247 ρατα]
175 4172 192 4225 i.
212 4190 235 4229 e,
255 4173 434 4242 inpartibus
455 4173 587 4226 extremis
607 4173 666 4253 vel}
680 4175 810 4227 exercent
828 4172 961 4243 (Helela).

72 4263 102 4316 in
132 4261 200 4315 orbe
228 4261 367 4315 universo.
414 4259 457 4313 ef.
476 4258 554 4313 Rom.
574 4258 597 4321 6,
620 4256 666 4321 1;!
714 4255 1255 4314 2-3.10ann.Dam.SacraParallela

72 4348 117 4402 Ps.
127 4348 169 4410 64,
180 4349 203 4402 9.
225 4348 327 4402 Sensus
339 4353 394 4402 est:
409 4345 543 4416 episcopi,
555 4362 652 4413 quam-
665 4328 667 4395 l
680 4346 721 4400 ed
736 4346 861 4412 Lequien
873 4346 906 4409 Il,
921 4344 986 4406 772;
1006 4344 1078 4408 ΗοΗ,
1092 4343 1255 4414 Frapmente

73 4452 159 4503 quam
188 4434 237 4487 alii
266 4434 300 4488 ab
329 4435 394 4489 aliis
428 4433 511 4486 valde
542 4433 651 4496 remoti,
665 4418 705 4502 lp.
727 4434 759 4488 16
777 4433 822 4502 (-
840 4431 1053 4499 ἀντιτάσσεται).
1072 4463 1108 4471 -
1132 4429 1211 4497 ἐντὸς
1229 4449 1253 4485 τ.

73 4539 171 4578 omnes
190 4521 360 4577 sententiam
378 4520 485 4575 Christi
502 4519 616 4574 habent.
665 4494 887 4591 Ιθυσιαστηρίου]
907 4519 949 4573 Cf.
969 4517 1052 4574 Trall.
1073 4521 1097 4574 7.

108 4610 155 4674 IV,
178 4612 200 4665 1.
218 4606 287 4682 ὅπερ
310 4613 356 4666 καὶ
381 4607 497 4676 ποιεῖτε]
518 4605 652 4660 Similiter
