2834 5018
193 308 255 370 124
658 303 671 356 1
692 304 897 361 CLEMENTIS

190 481 275 559 μίαν
296 499 364 559 μου
387 479 453 560 ἐγώ
469 480 638 561 γινώσκω,
658 481 714 544 καί
737 484 759 564 ἡ
775 484 922 567 ἁμαρτία
944 504 1012 564 μου
1028 483 1177 546 ἐνώπιόν
1192 505 1260 563 μου
1276 483 1367 546 ἐστὶν

192 582 386 663 διαπαντός.
433 586 462 647 4.
488 584 541 646 σοί
572 586 670 668 μόνῳ
700 586 854 671 ἥμαρτον
885 588 941 651 καὶ
963 587 1001 651 τὸ
1033 588 1187 671 πονηρὸν
1218 587 1368 651 ἐνώπιόν

192 708 254 751 σου
278 687 440 771 ἐποίησα,
472 688 567 768 ὅπως
589 690 634 753 ἂν
657 687 843 776 δικαιωθῇς
866 691 904 755 ἐν
926 698 995 771 τοῖς
1018 690 1129 773 λόγοις
1154 712 1216 755 σου
1240 691 1295 753 καὶ
1319 712 1367 753 νι-

191 792 298 876 κήσης
332 792 440 877 ἐντῷ
471 791 653 877 κρίνεσθαί
675 814 722 858 σε.
770 797 799 859 5.
823 794 898 859 ίδοὺ
927 795 991 879 γὰρ
1019 795 1058 860 ἐν
1080 797 1236 876 τίνομίαις
1271 816 1368 858 συνε-

166 895 369 980 ελ-ημφθην,
393 898 449 961 καὶ
465 898 504 963 ἐν
526 900 704 983 ἁμαρτίαις
720 899 900 982 ἐκίσσησέν
914 923 958 982 με
973 904 994 984 η
1014 903 1124 985 μηιηρ
1139 923 1216 981 μου.
1241 902 1270 964 6.
1295 898 1369 962 ίδοὺ

190 1001 253 1086 γὰρ
278 1000 447 1085 ἀληθειαν
469 1004 664 1086 ἠγάπησας·
689 1003 731 1066 τὰ
754 1002 864 1088 ἄδηλα
886 1007 1000 1069 καὶτὰ
1022 1008 1148 1091 κρύφια
1171 1010 1230 1087 τῆς
1247 1006 1369 1086 σοφίας

192 1126 254 1169 σου
278 1105 453 1190 ἐδήλωσας
476 1128 544 1188 μοι.
594 1108 622 1173 7.
647 1111 792 1192 ραντιεῖς
813 1131 857 1190 με
878 1113 1050 1194 ὑσσώπῳ,
1074 1111 1129 1173 καί
1152 1105 1368 1193 καθαρισθὴ-

192 1231 315 1291 σομαι·
341 1210 481 1291 πλυνεῖς
496 1232 550 1293 με,
574 1212 630 1275 καὶ
653 1213 739 1296 ὑπὲρ
762 1214 861 1293 χιόνα
876 1213 1165 1298 λευκανθησομαι.
1212 1216 1242 1278 8.
1267 1213 1368 1276 ἀκου-

192 1320 270 1394 τιεῖς
292 1335 336 1395 με
359 1313 561 1398 σίγαλλίασιν
584 1316 641 1378 καὶ
664 1319 899 1400 εὐφροσύνην,
923 1317 1186 1400 τίγαλλιάσονται
1209 1318 1295 1381 ὀστᾶ
1317 1337 1368 1379 τε·

153 1441 178 1478 10
192 1419 440 1500 ταπεινωμένα.
497 1420 526 1483 9.
552 1420 775 1505 ἀπδστρεψον
808 1422 846 1485 τὸ
879 1425 1069 1508 πρόσωπόν
1101 1444 1163 1487 σου
1196 1422 1265 1486 ἀπὸ
1300 1425 1369 1484 τών

191 1525 367 1609 ἁμαρτιῶν
381 1545 459 1605 μου,
475 1525 532 1588 καί
548 1527 661 1605 πάσας
678 1526 737 1606 τὰς
753 1527 896 1608 ἀνομίας
911 1549 978 1608 μου
994 1525 1186 1606 ἐξάλειψον.
1213 1529 1264 1592 10.
1289 1545 1369 1607 καρ·

192 1627 269 1691 δίαν
292 1627 452 1713 καθαρὰν
474 1632 592 1694 κτίσον
615 1631 653 1694 ἐν
676 1631 769 1711 ἐμοί,
797 1632 816 1694 ὁ
838 1630 931 1712 θεός,
954 1634 1010 1695 καὶ
1034 1638 1170 1712 πνεῦμα
1192 1628 1293 1710 εὐθὲς
1317 1629 1368 1710 ἐγ·

190 1735 347 1798 καίνισον
370 1733 409 1798 ἐν
432 1741 501 1815 τοῖς
525 1735 676 1818 ἐγκιίτοις
699 1757 776 1816 μου.
825 1740 874 1802 11.
897 1739 946 1820 μη
969 1738 1143 1822 ἀπορίψῃς
1164 1757 1208 1816 με
1223 1735 1293 1798 ἀπὸ
1310 1739 1369 1797 τοῦ

191 1840 381 1922 προσώπου
412 1860 491 1919 σου,
522 1839 639 1903 καὶτὸ
669 1846 805 1921 πνεῦμα
834 1842 872 1905 τὸ
896 1843 993 1925 ἅγιόν
1023 1862 1085 1904 σου
1106 1842 1154 1923 μὴ
1182 1837 1370 1922 δντανέλης

153 1965 177 2001 1⁶
193 1942 252 2006 ἀπ’
276 1942 369 2024 ἐμοῦ.
419 1947 468 2009 12.
493 1943 622 2024 ἀπόδος
644 1964 703 2024 μοι
718 1945 781 2027 τὴν
804 1943 1005 2026 ἀγαλλίασιν
1028 1950 1087 2008 τοῦ
1104 1946 1272 2028 σωτηρίου
1297 1964 1369 2021 σου,

191 2048 248 2110 καὶ
278 2049 446 2128 πνεύματι
476 2049 667 2130 ἡγεμονικῷ
701 2049 862 2131 στηρισίν
887 2070 939 2127 με.
988 2051 1037 2114 13.
1062 2046 1187 2127 διδάξω
1220 2048 1369 2128 ἀνόμους

192 2152 251 2231 τὰς
275 2150 374 2233 ὁδούς
399 2173 471 2231 σου,
496 2153 552 2216 καί
576 2152 708 2234 ἀσεβεῖς
732 2151 999 2236 ἐπιστρέφουσιν
1022 2153 1077 2216 ἐπί
1099 2153 1146 2216 σέ.
1195 2155 1245 2217 14.
1269 2153 1371 2236 ῥῦσαί

190 2276 233 2336 με
256 2254 295 2334 ἐξ
317 2257 482 2336 αἱμάτων,
506 2257 524 2319 δ
546 2253 640 2336 θεός,
664 2256 682 2318 ὁ
704 2253 786 2334 θεὸς
802 2260 860 2338 τῆς
884 2259 1052 2341 σωτηρίας
1065 2277 1143 2336 μου.
1191 2260 1242 2322 15.
1266 2253 1369 2339 ἀγαλ-

191 2359 343 2424 λιάσεται
367 2362 388 2442 ιΙ
400 2359 539 2442 γλῶσσά
561 2382 629 2441 μου
644 2361 707 2443 την
731 2358 951 2443 δικαιοσύνην
968 2381 1039 2423 σου.
1086 2363 1189 2446 κύριε,
1205 2362 1244 2425 τδ
1261 2363 1370 2441 στόμα

151 2488 177 2524 ιο
190 2485 258 2545 μου
279 2462 443 2545 ἀνοίξεις,
476 2464 597 2528 καὶτὰ
626 2462 721 2547 χείλη
748 2484 815 2544 μου
845 2464 1025 2546 ἀναγγελεῖ
1051 2467 1113 2549 τὴν
1141 2468 1274 2531 αίνεσίν
1297 2486 1368 2529 σου.

194 2573 243 2635 16.
269 2571 319 2634 ὅτι
350 2572 379 2634 τί
405 2568 579 2653 ἠθέλησας
607 2568 753 2648 θυσίαν,
783 2567 895 2632 ἔδωκα
925 2570 983 2631 δν·
1018 2569 1286 2651 ὁλοκαυτώματα
1309 2570 1369 2633 οὐκ

192 2673 395 2758 εὐδοκησεις.
421 2677 471 2740 17.
488 2671 595 2737 θυσία
607 2680 655 2757 τῷ
667 2671 740 2755 θεῷ
753 2678 889 2752 πνεῦμα
903 2674 1201 2758 συντετριμμένον·
1227 2673 1370 2760 καρδίαν

193 2780 484 2864 συντετριμμένην
506 2779 562 2842 καί
585 2777 918 2859 τεταπεινωμένηνὸ
941 2773 1023 2857 θεὸς
1046 2782 1108 2843 οὐκ
1131 2777 1368 2858 ἐξουθενώσει.

279 2886 365 2950 XIX.
392 2883 463 2947 Τῶν
485 2882 642 2946 τοσούτων
659 2877 713 2944 οὖν
735 2881 788 2942 καί
804 2879 952 2943 τοιούτων
968 2882 1066 2956 οὕτως
1088 2881 1370 2966 μεμαρτυρημένων

155 3011 181 3048 ιι
195 2991 231 3052 τὸ
253 2989 458 3071 ταπεινόφρον
488 2988 542 3050 καί
565 2988 601 3049 τὸ
624 2985 752 3059 ὑπσδεὲς
779 2984 830 3047 διὰ
852 2994 906 3068 της
929 2986 1070 3069 ὑπακοῆς
1102 2988 1138 3049 οὐ
1160 2988 1255 3070 μόνον
1279 2986 1370 3070 ἡμᾶς,

192 3093 275 3156 ἀλλὰ
297 3096 351 3157 καί
374 3096 429 3168 τὰς
452 3094 512 3175 πρὸ
533 3091 621 3174 ημῶν
644 3092 753 3173 γενεὰς
776 3087 915 3174 βελτίους
938 3088 1099 3173 ἐποίησεν,
1123 3090 1194 3165 τοὺς
1216 3112 1250 3154 τε
1273 3112 1370 3154 κατα-

192 3197 377 3281 δεξαμένσυς
406 3199 445 3259 τὰ
477 3195 568 3280 λόγια
602 3197 697 3258 αὐτοῦ
728 3197 760 3257 ἐν
795 3194 882 3280 ιρδβιρ
912 3197 966 3257 καί
996 3193 1143 3280 ἀληθείᾳ.
1190 3200 1219 3260 2,
1243 3194 1370 3258 πολλῶν

192 3300 245 3366 οὖν
269 3305 321 3365 καί
345 3302 491 3388 μεγάλων
514 3303 567 3364 καί
591 3300 723 3376 ἐνδόξων
747 3298 965 3383 μετειληφότες
988 3298 1128 3381 πράξεων
1146 3298 1370 3383 ἐπαναδρτίμω-

192 3429 248 3491 μεν
278 3407 327 3470 ἐπί
359 3408 412 3471 τὸν
445 3406 477 3484 ἐξ
507 3408 604 3490 ἀρχῆς
634 3403 884 3487 παραδεδομένον
914 3403 985 3487 ἡμῖν
1008 3414 1062 3488 της
1087 3405 1207 3488 εἰρήνης
1241 3405 1370 3481 σκοπὸν,

153 3530 179 3567 ⁸0
192 3513 245 3574 καί
269 3511 458 3594 ἀτενίσωμεν
482 3511 525 3586 εἰς
548 3511 601 3572 τὸν
616 3508 736 3590 πατέρα
759 3511 813 3572 καί
836 3509 962 3592 κτίστην
978 3519 1033 3571 τοῦ
1057 3508 1234 3591 σύμπαντος
1250 3509 1370 3592 κόσμου

192 3617 245 3677 καί
275 3625 341 3690 ταῖς
373 3612 623 3698 μεγαλοπρεπέσι
652 3614 705 3675 καί
736 3611 1004 3698 ὑπερβαλλούσαις
1037 3615 1132 3676 αὐτοῦ
1164 3615 1295 3696 δωρεαῖς
1318 3625 1371 3698 της

193 3719 312 3805 είρηνης
336 3717 524 3802 εὐεργεσίαις
553 3738 587 3780 τε
614 3715 836 3800 κολληθώμεν.
882 3721 911 3783 3.
936 3717 1049 3800 ἴδωμεν
1080 3719 1174 3781 αὐτὸν
1196 3722 1280 3781 κατὰ
1303 3719 1369 3782 διαί-

263 3875 339 3940 3sq.
359 3872 640 3943 νικησειςΑΙῖσσυ
660 3871 804 3937 A2>LS
828 3873 831 3942 Ι
852 3872 868 3925 8
886 3875 1162 3941 πλυνιειςΑΙΙ9Ι20
1183 3876 1215 3931 τὸ
1234 3877 1370 3946 στόμα..

196 3959 228 4013 τὰ
245 3963 320 4031 χείλη
338 3959 493 4016 ΑιΝΙιὸ
512 3958 585 4011 LXX
606 3959 610 4028 Ι
633 3958 866 4015 24τοσούτων..
887 3961 1022 4017 τοιούτων
1039 3961 1223 4017 ΑΙιιΝΗΒ
1247 3964 1250 4032 Ι
1273 3963 1308 4016 25
1326 3983 1370 4018 τα-

193 4047 346 4118 πεινόφρον
358 4047 384 4099 Η
396 4065 403 4098 ι
417 4065 639 4117 ταπεινοφροναν
652 4046 697 4114 (=
710 4054 845 4116 -ιρρονοῡν
855 4046 881 4113 2³)
895 4046 918 4099 Α
932 4048 967 4099 cf.
980 4047 1022 4112 38,
1035 4051 1052 4102 2
1076 4052 1080 4117 Ι
1103 4051 1136 4103 26
1156 4051 1205 4118 τὰς
1224 4053 1281 4125 πρὸ
1293 4054 1371 4122 ἡμῶν

195 4130 290 4201 γενεὰς
308 4132 350 4185 As
364 4151 370 4184 t
383 4132 448 4199 τοὺς
465 4133 520 4205 πρὸ
540 4135 618 4203 ἡμῶν
636 4130 692 4194 HL,
712 4132 746 4202 Ι-
758 4131 788 4184 in
808 4133 901 4187 seculo
921 4134 941 4186 L
959 4135 962 4203 Ι
979 4137 1012 4190 27
1032 4135 1117 4194 αὐτοῦ
1134 4155 1139 4189 :
1154 4147 1204 4195 τοῦ
1224 4144 1296 4196 θεοῦ
1317 4137 1334 4190 S

231 4250 301 4314 XIX,
325 4255 345 4306 1.
366 4251 407 4304 Cf.
422 4253 544 4307 adhunc
556 4270 667 4306 versum
686 4257 715 4306 et
727 4256 928 4321 se-yquentem
955 4257 1039 4311 Hebr.
1062 4260 1106 4320 12,
1135 4262 1156 4314 1.
1185 4290 1219 4298 -
1247 4257 1368 4328 ΐτιοδεεῖς]
