<?xml version="1.0" encoding="UTF-8"?>
<!DOCTYPE html PUBLIC "-//W3C//DTD XHTML 1.0 Transitional//EN"
    "http://www.w3.org/TR/xhtml1/DTD/xhtml1-transitional.dtd">
<html xmlns="http://www.w3.org/1999/xhtml" xml:lang="en" lang="en">
 <head>
  <title>
</title>
<meta http-equiv="Content-Type" content="text/html;charset=utf-8" />
  <meta name='ocr-system' content='tesseract 3.04.00' />
  <meta name='ocr-capabilities' content='ocr_page ocr_carea ocr_par ocr_line ocrx_word'/>
</head>
<body>
  <div class='ocr_page' id='page_1' title='image "./patresapostolic00piongoog_0706.png"; bbox 0 0 2834 5018; ppageno 0'>
   <div class='ocr_carea' id='block_1_1' title="bbox 10 0 1336 7">
    <p class='ocr_par' dir='ltr' id='par_1_1' title="bbox 10 0 1336 7">
     <span class='ocr_line' id='line_1_1' title="bbox 10 0 1336 7; baseline 0 0"><span class='ocrx_word' id='word_1_1' title='bbox 10 0 1336 7; x_wconf 95' lang='lat' dir='ltr'> </span> 
     </span>
    </p>
   </div>
   <div class='ocr_carea' id='block_1_2' title="bbox 554 641 845 708">
    <p class='ocr_par' dir='ltr' id='par_1_2' title="bbox 554 641 845 708">
     <span class='ocr_line' id='line_1_2' title="bbox 554 641 845 708; baseline 0 -11"><span class='ocrx_word' id='word_1_2' title='bbox 554 642 625 697; x_wconf 81' lang='lat' dir='ltr'>SIM.</span> <span class='ocrx_word' id='word_1_3' title='bbox 642 641 688 707; x_wconf 88' lang='lat' dir='ltr'>VI,</span> <span class='ocrx_word' id='word_1_4' title='bbox 710 646 732 708; x_wconf 92' lang='lat' dir='ltr'>l,</span> <span class='ocrx_word' id='word_1_5' title='bbox 748 646 809 698; x_wconf 93' lang='lat'>1-</span> <span class='ocrx_word' id='word_1_6' title='bbox 820 644 845 698; x_wconf 89' lang='grc'>6.</span> 
     </span>
    </p>
   </div>
   <div class='ocr_carea' id='block_1_3' title="bbox 550 913 810 980">
    <p class='ocr_par' dir='ltr' id='par_1_3' title="bbox 550 913 810 980">
     <span class='ocr_line' id='line_1_3' title="bbox 550 913 810 980; baseline -0.008 0"><span class='ocrx_word' id='word_1_7' title='bbox 550 913 731 980; x_wconf 78' lang='lat' dir='ltr'><strong>Similitudo</strong></span> <span class='ocrx_word' id='word_1_8' title='bbox 754 914 810 979; x_wconf 88' lang='lat' dir='ltr'>VI.</span> 
     </span>
    </p>
   </div>
   <div class='ocr_carea' id='block_1_4' title="bbox 79 1045 1302 3845">
    <p class='ocr_par' dir='ltr' id='par_1_4' title="bbox 79 1045 1302 3845">
     <span class='ocr_line' id='line_1_4' title="bbox 181 1045 1266 1140; baseline 0.006 -27"><span class='ocrx_word' id='word_1_9' title='bbox 181 1045 214 1114; x_wconf 91' lang='grc'>1.</span> <span class='ocrx_word' id='word_1_10' title='bbox 240 1048 319 1115; x_wconf 81' lang='lat' dir='ltr'>Cum</span> <span class='ocrx_word' id='word_1_11' title='bbox 350 1052 489 1117; x_wconf 84' lang='lat' dir='ltr'>sederem</span> <span class='ocrx_word' id='word_1_12' title='bbox 520 1054 553 1117; x_wconf 92' lang='lat' dir='ltr'>in</span> <span class='ocrx_word' id='word_1_13' title='bbox 577 1054 670 1118; x_wconf 91' lang='lat' dir='ltr'>domo</span> <span class='ocrx_word' id='word_1_14' title='bbox 699 1076 770 1118; x_wconf 92' lang='lat' dir='ltr'>mea</span> <span class='ocrx_word' id='word_1_15' title='bbox 797 1077 834 1119; x_wconf 92' lang='lat' dir='ltr'>ac</span> <span class='ocrx_word' id='word_1_16' title='bbox 862 1054 1073 1140; x_wconf 88' lang='lat' dir='ltr'>glorificarem</span> <span class='ocrx_word' id='word_1_17' title='bbox 1106 1055 1266 1119; x_wconf 92' lang='lat' dir='ltr'>dominum</span> 
     </span>
     <span class='ocr_line' id='line_1_5' title="bbox 90 1154 1266 1242; baseline 0.005 -25"><span class='ocrx_word' id='word_1_18' title='bbox 90 1154 127 1217; x_wconf 93' lang='lat' dir='ltr'>de</span> <span class='ocrx_word' id='word_1_19' title='bbox 156 1155 316 1234; x_wconf 90' lang='lat' dir='ltr'>omnibus,</span> <span class='ocrx_word' id='word_1_20' title='bbox 349 1178 429 1240; x_wconf 89' lang='lat' dir='ltr'>quae</span> <span class='ocrx_word' id='word_1_21' title='bbox 463 1158 612 1235; x_wconf 90' lang='lat' dir='ltr'>videram,</span> <span class='ocrx_word' id='word_1_22' title='bbox 637 1162 668 1222; x_wconf 93' lang='lat' dir='ltr'>et</span> <span class='ocrx_word' id='word_1_23' title='bbox 690 1158 882 1242; x_wconf 82' lang='lat' dir='ltr'><strong>inquirerem</strong></span> <span class='ocrx_word' id='word_1_24' title='bbox 905 1159 942 1223; x_wconf 94' lang='lat' dir='ltr'>de</span> <span class='ocrx_word' id='word_1_25' title='bbox 971 1159 1146 1235; x_wconf 88' lang='lat' dir='ltr'>mandatis,</span> <span class='ocrx_word' id='word_1_26' title='bbox 1181 1160 1266 1242; x_wconf 89' lang='lat' dir='ltr'>quod</span> 
     </span>
     <span class='ocr_line' id='line_1_6' title="bbox 88 1260 1265 1348; baseline 0.004 -27"><span class='ocrx_word' id='word_1_27' title='bbox 88 1260 172 1322; x_wconf 88' lang='lat' dir='ltr'>bona</span> <span class='ocrx_word' id='word_1_28' title='bbox 195 1264 227 1323; x_wconf 90' lang='lat' dir='ltr'>et</span> <span class='ocrx_word' id='word_1_29' title='bbox 249 1262 392 1342; x_wconf 87' lang='lat' dir='ltr'>potentia</span> <span class='ocrx_word' id='word_1_30' title='bbox 424 1265 456 1326; x_wconf 94' lang='lat' dir='ltr'>et</span> <span class='ocrx_word' id='word_1_31' title='bbox 483 1262 568 1326; x_wconf 89' lang='lat' dir='ltr'>laeta</span> <span class='ocrx_word' id='word_1_32' title='bbox 597 1266 629 1326; x_wconf 92' lang='lat' dir='ltr'>et</span> <span class='ocrx_word' id='word_1_33' title='bbox 652 1262 792 1348; x_wconf 87' lang='lat' dir='ltr'>gloriosa</span> <span class='ocrx_word' id='word_1_34' title='bbox 814 1267 889 1327; x_wconf 90' lang='lat' dir='ltr'>sunt</span> <span class='ocrx_word' id='word_1_35' title='bbox 910 1266 1105 1346; x_wconf 79' lang='lat' dir='ltr'>possuntque</span> <span class='ocrx_word' id='word_1_36' title='bbox 1128 1263 1265 1326; x_wconf 86' lang='lat' dir='ltr'>animam</span> 
     </span>
     <span class='ocr_line' id='line_1_7' title="bbox 88 1362 1290 1443; baseline 0.004 -18"><span class='ocrx_word' id='word_1_37' title='bbox 88 1362 224 1426; x_wconf 91' lang='lat' dir='ltr'>hominis</span> <span class='ocrx_word' id='word_1_38' title='bbox 248 1364 380 1440; x_wconf 87' lang='lat' dir='ltr'>salvare,</span> <span class='ocrx_word' id='word_1_39' title='bbox 406 1366 549 1431; x_wconf 84' lang='lat' dir='ltr'><strong>dicebam</strong></span> <span class='ocrx_word' id='word_1_40' title='bbox 570 1367 656 1431; x_wconf 85' lang='lat' dir='ltr'>intra</span> <span class='ocrx_word' id='word_1_41' title='bbox 677 1388 742 1431; x_wconf 91' lang='lat' dir='ltr'>me:</span> <span class='ocrx_word' id='word_1_42' title='bbox 775 1367 893 1432; x_wconf 82' lang='lat' dir='ltr'>Beatus</span> <span class='ocrx_word' id='word_1_43' title='bbox 917 1387 979 1443; x_wconf 91' lang='lat' dir='ltr'>ero,</span> <span class='ocrx_word' id='word_1_44' title='bbox 1002 1367 1084 1430; x_wconf 89' lang='lat' dir='ltr'>siin</span> <span class='ocrx_word' id='word_1_45' title='bbox 1106 1367 1290 1430; x_wconf 76' lang='lat' dir='ltr'>mandatis⁶</span> 
     </span>
     <span class='ocr_line' id='line_1_8' title="bbox 87 1467 1263 1556; baseline 0.004 -27"><span class='ocrx_word' id='word_1_46' title='bbox 87 1467 158 1531; x_wconf 91' lang='lat' dir='ltr'>istis</span> <span class='ocrx_word' id='word_1_47' title='bbox 183 1468 395 1548; x_wconf 89' lang='lat' dir='ltr'>ambulavero,</span> <span class='ocrx_word' id='word_1_48' title='bbox 420 1475 451 1535; x_wconf 93' lang='lat' dir='ltr'>et</span> <span class='ocrx_word' id='word_1_49' title='bbox 475 1472 664 1556; x_wconf 85' lang='lat' dir='ltr'>quicumque</span> <span class='ocrx_word' id='word_1_50' title='bbox 686 1471 720 1535; x_wconf 91' lang='lat' dir='ltr'>in</span> <span class='ocrx_word' id='word_1_51' title='bbox 747 1471 786 1535; x_wconf 91' lang='lat' dir='ltr'>iis</span> <span class='ocrx_word' id='word_1_52' title='bbox 810 1471 1035 1545; x_wconf 79' lang='lat' dir='ltr'>ambulaverit,</span> <span class='ocrx_word' id='word_1_53' title='bbox 1059 1471 1171 1534; x_wconf 88' lang='lat' dir='ltr'>beatus</span> <span class='ocrx_word' id='word_1_54' title='bbox 1194 1471 1263 1534; x_wconf 91' lang='lat' dir='ltr'>erit.</span> 
     </span>
     <span class='ocr_line' id='line_1_9' title="bbox 88 1571 1264 1659; baseline 0.004 -25"><span class='ocrx_word' id='word_1_55' title='bbox 88 1573 117 1634; x_wconf 83' lang='lat'>2.</span> <span class='ocrx_word' id='word_1_56' title='bbox 143 1571 230 1647; x_wconf 83' lang='lat' dir='ltr'>Quae</span> <span class='ocrx_word' id='word_1_57' title='bbox 264 1573 338 1637; x_wconf 91' lang='lat' dir='ltr'>dum</span> <span class='ocrx_word' id='word_1_58' title='bbox 372 1574 456 1638; x_wconf 88' lang='lat' dir='ltr'>intra</span> <span class='ocrx_word' id='word_1_59' title='bbox 485 1597 535 1638; x_wconf 90' lang='lat' dir='ltr'>me</span> <span class='ocrx_word' id='word_1_60' title='bbox 568 1574 701 1659; x_wconf 90' lang='lat' dir='ltr'>loquor,</span> <span class='ocrx_word' id='word_1_61' title='bbox 737 1576 827 1640; x_wconf 89' lang='lat' dir='ltr'>video</span> <span class='ocrx_word' id='word_1_62' title='bbox 862 1598 933 1639; x_wconf 91' lang='lat' dir='ltr'>eum</span> <span class='ocrx_word' id='word_1_63' title='bbox 963 1576 1068 1640; x_wconf 90' lang='lat' dir='ltr'>subito</span> <span class='ocrx_word' id='word_1_64' title='bbox 1096 1575 1185 1639; x_wconf 87' lang='lat' dir='ltr'>iuxta</span> <span class='ocrx_word' id='word_1_65' title='bbox 1214 1596 1264 1639; x_wconf 88' lang='lat' dir='ltr'>me</span> 
     </span>
     <span class='ocr_line' id='line_1_10' title="bbox 87 1677 1264 1755; baseline 0.003 -16"><span class='ocrx_word' id='word_1_66' title='bbox 87 1677 249 1741; x_wconf 83' lang='lat' dir='ltr'>sedentem</span> <span class='ocrx_word' id='word_1_67' title='bbox 279 1683 310 1741; x_wconf 91' lang='lat' dir='ltr'>et</span> <span class='ocrx_word' id='word_1_68' title='bbox 341 1678 420 1741; x_wconf 89' lang='lat' dir='ltr'>haec</span> <span class='ocrx_word' id='word_1_69' title='bbox 442 1679 618 1754; x_wconf 67' lang='lat' dir='ltr'>dicentem</span> <span class='ocrx_word' id='word_1_70' title='bbox 657 1678 739 1755; x_wconf 83' lang='lat' dir='ltr'>Quid</span> <span class='ocrx_word' id='word_1_71' title='bbox 774 1678 900 1742; x_wconf 89' lang='lat' dir='ltr'>dubitas</span> <span class='ocrx_word' id='word_1_72' title='bbox 935 1680 972 1743; x_wconf 91' lang='lat' dir='ltr'>de</span> <span class='ocrx_word' id='word_1_73' title='bbox 1004 1679 1161 1743; x_wconf 88' lang='lat' dir='ltr'>mandatis</span> <span class='ocrx_word' id='word_1_74' title='bbox 1184 1679 1264 1755; x_wconf 91' lang='lat' dir='ltr'>istis,</span> 
     </span>
     <span class='ocr_line' id='line_1_11' title="bbox 88 1782 1264 1864; baseline 0.003 -20"><span class='ocrx_word' id='word_1_75' title='bbox 88 1803 168 1864; x_wconf 88' lang='lat' dir='ltr'>quae</span> <span class='ocrx_word' id='word_1_76' title='bbox 190 1782 250 1846; x_wconf 93' lang='lat' dir='ltr'>tibi</span> <span class='ocrx_word' id='word_1_77' title='bbox 274 1782 444 1846; x_wconf 73' lang='lat' dir='ltr'>mandavi?</span> <span class='ocrx_word' id='word_1_78' title='bbox 481 1783 573 1847; x_wconf 91' lang='lat' dir='ltr'>Bona</span> <span class='ocrx_word' id='word_1_79' title='bbox 595 1788 687 1857; x_wconf 86' lang='lat' dir='ltr'>sunt;</span> <span class='ocrx_word' id='word_1_80' title='bbox 722 1782 849 1847; x_wconf 89' lang='lat' dir='ltr'>omnino</span> <span class='ocrx_word' id='word_1_81' title='bbox 871 1804 912 1846; x_wconf 91' lang='lat' dir='ltr'>ne</span> <span class='ocrx_word' id='word_1_82' title='bbox 935 1783 1069 1860; x_wconf 81' lang='lat' dir='ltr'>dubites,</span> <span class='ocrx_word' id='word_1_83' title='bbox 1093 1784 1147 1848; x_wconf 91' lang='lat' dir='ltr'>sed</span> <span class='ocrx_word' id='word_1_84' title='bbox 1170 1784 1264 1848; x_wconf 92' lang='lat' dir='ltr'>indue</span> 
     </span>
     <span class='ocr_line' id='line_1_12' title="bbox 86 1886 1302 1970; baseline -0.002 -21"><span class='ocrx_word' id='word_1_85' title='bbox 86 1886 180 1950; x_wconf 89' lang='lat' dir='ltr'>fidem</span> <span class='ocrx_word' id='word_1_86' title='bbox 204 1887 336 1963; x_wconf 92' lang='lat' dir='ltr'>domini,</span> <span class='ocrx_word' id='word_1_87' title='bbox 372 1891 404 1950; x_wconf 90' lang='lat' dir='ltr'>et</span> <span class='ocrx_word' id='word_1_88' title='bbox 425 1887 459 1949; x_wconf 92' lang='lat' dir='ltr'>in</span> <span class='ocrx_word' id='word_1_89' title='bbox 481 1887 520 1950; x_wconf 92' lang='lat' dir='ltr'>iis</span> <span class='ocrx_word' id='word_1_90' title='bbox 543 1887 736 1952; x_wconf 82' lang='lat' dir='ltr'>ambulabis:</span> <span class='ocrx_word' id='word_1_91' title='bbox 769 1887 935 1970; x_wconf 82' lang='lat' dir='ltr'>egoenim</span> <span class='ocrx_word' id='word_1_92' title='bbox 962 1891 993 1951; x_wconf 90' lang='lat' dir='ltr'>te</span> <span class='ocrx_word' id='word_1_93' title='bbox 1016 1887 1110 1950; x_wconf 91' lang='lat' dir='ltr'>iniis</span> <span class='ocrx_word' id='word_1_94' title='bbox 1134 1888 1302 1952; x_wconf 83' lang='lat' dir='ltr'>consor-10</span> 
     </span>
     <span class='ocr_line' id='line_1_13' title="bbox 86 1990 1263 2075; baseline 0.001 -22"><span class='ocrx_word' id='word_1_95' title='bbox 86 1991 171 2054; x_wconf 87' lang='lat' dir='ltr'>tabu.</span> <span class='ocrx_word' id='word_1_96' title='bbox 218 1993 247 2054; x_wconf 91' lang='lat'>3.</span> <span class='ocrx_word' id='word_1_97' title='bbox 272 1991 362 2055; x_wconf 87' lang='lat' dir='ltr'>Haec</span> <span class='ocrx_word' id='word_1_98' title='bbox 385 1990 648 2071; x_wconf 87' lang='lat' dir='ltr'>mandatautilia</span> <span class='ocrx_word' id='word_1_99' title='bbox 671 1994 745 2054; x_wconf 90' lang='lat' dir='ltr'>sunt</span> <span class='ocrx_word' id='word_1_100' title='bbox 767 1991 816 2066; x_wconf 92' lang='lat' dir='ltr'>iis,</span> <span class='ocrx_word' id='word_1_101' title='bbox 842 1991 895 2073; x_wconf 92' lang='lat' dir='ltr'>qui</span> <span class='ocrx_word' id='word_1_102' title='bbox 910 1991 1139 2075; x_wconf 89' lang='lat' dir='ltr'>paenitentiam</span> <span class='ocrx_word' id='word_1_103' title='bbox 1161 1991 1263 2056; x_wconf 89' lang='lat' dir='ltr'>acturi</span> 
     </span>
     <span class='ocr_line' id='line_1_14' title="bbox 87 2094 1263 2180; baseline 0.002 -24"><span class='ocrx_word' id='word_1_104' title='bbox 87 2099 180 2163; x_wconf 85' lang='lat' dir='ltr'>sunt:</span> <span class='ocrx_word' id='word_1_105' title='bbox 213 2095 347 2158; x_wconf 90' lang='lat' dir='ltr'>sienim</span> <span class='ocrx_word' id='word_1_106' title='bbox 376 2095 409 2159; x_wconf 91' lang='lat' dir='ltr'>in</span> <span class='ocrx_word' id='word_1_107' title='bbox 432 2095 471 2158; x_wconf 91' lang='lat' dir='ltr'>iis</span> <span class='ocrx_word' id='word_1_108' title='bbox 501 2117 564 2159; x_wconf 92' lang='lat' dir='ltr'>non</span> <span class='ocrx_word' id='word_1_109' title='bbox 592 2094 840 2171; x_wconf 77' lang='lat' dir='ltr'>ambulaverint,</span> <span class='ocrx_word' id='word_1_110' title='bbox 874 2118 956 2158; x_wconf 88' lang='lat' dir='ltr'>vana</span> <span class='ocrx_word' id='word_1_111' title='bbox 990 2101 1038 2160; x_wconf 92' lang='lat' dir='ltr'>est</span> <span class='ocrx_word' id='word_1_112' title='bbox 1068 2096 1263 2180; x_wconf 88' lang='lat' dir='ltr'>paenitentia</span> 
     </span>
     <span class='ocr_line' id='line_1_15' title="bbox 86 2198 1262 2284; baseline 0.002 -23"><span class='ocrx_word' id='word_1_113' title='bbox 86 2219 202 2262; x_wconf 90' lang='lat' dir='ltr'>eorum.</span> <span class='ocrx_word' id='word_1_114' title='bbox 249 2200 279 2262; x_wconf 77' lang='lat'>4.</span> <span class='ocrx_word' id='word_1_115' title='bbox 305 2198 366 2275; x_wconf 86' lang='lat' dir='ltr'>Qui</span> <span class='ocrx_word' id='word_1_116' title='bbox 399 2200 497 2283; x_wconf 88' lang='lat' dir='ltr'>igitur</span> <span class='ocrx_word' id='word_1_117' title='bbox 528 2200 755 2283; x_wconf 89' lang='lat' dir='ltr'>paenitentiam</span> <span class='ocrx_word' id='word_1_118' title='bbox 791 2198 896 2282; x_wconf 88' lang='lat' dir='ltr'>agitis,</span> <span class='ocrx_word' id='word_1_119' title='bbox 931 2199 1045 2265; x_wconf 89' lang='lat' dir='ltr'>abicite</span> <span class='ocrx_word' id='word_1_120' title='bbox 1078 2200 1262 2284; x_wconf 88' lang='lat' dir='ltr'>iniquitates</span> 
     </span>
     <span class='ocr_line' id='line_1_16' title="bbox 85 2301 1262 2386; baseline 0.003 -22"><span class='ocrx_word' id='word_1_121' title='bbox 85 2301 178 2365; x_wconf 89' lang='lat' dir='ltr'>huius</span> <span class='ocrx_word' id='word_1_122' title='bbox 201 2302 337 2377; x_wconf 88' lang='lat' dir='ltr'>saeculi,</span> <span class='ocrx_word' id='word_1_123' title='bbox 374 2325 453 2386; x_wconf 89' lang='lat' dir='ltr'>quae</span> <span class='ocrx_word' id='word_1_124' title='bbox 486 2309 674 2368; x_wconf 82' lang='lat' dir='ltr'>consumrmt</span> <span class='ocrx_word' id='word_1_125' title='bbox 701 2325 773 2378; x_wconf 87' lang='lat' dir='ltr'>vos;</span> <span class='ocrx_word' id='word_1_126' title='bbox 805 2303 970 2367; x_wconf 90' lang='lat' dir='ltr'>induentes</span> <span class='ocrx_word' id='word_1_127' title='bbox 1002 2308 1107 2367; x_wconf 87' lang='lat' dir='ltr'>autem</span> <span class='ocrx_word' id='word_1_128' title='bbox 1137 2325 1262 2367; x_wconf 92' lang='lat' dir='ltr'>omnem</span> 
     </span>
     <span class='ocr_line' id='line_1_17' title="bbox 85 2406 1300 2491; baseline 0 -22"><span class='ocrx_word' id='word_1_129' title='bbox 85 2406 226 2470; x_wconf 88' lang='lat' dir='ltr'>iustitiae</span> <span class='ocrx_word' id='word_1_130' title='bbox 249 2407 399 2471; x_wconf 91' lang='lat' dir='ltr'>virtutem</span> <span class='ocrx_word' id='word_1_131' title='bbox 422 2408 566 2491; x_wconf 89' lang='lat' dir='ltr'>poteritis</span> <span class='ocrx_word' id='word_1_132' title='bbox 589 2430 712 2472; x_wconf 89' lang='lat' dir='ltr'>servare</span> <span class='ocrx_word' id='word_1_133' title='bbox 738 2407 818 2471; x_wconf 89' lang='lat' dir='ltr'>haec</span> <span class='ocrx_word' id='word_1_134' title='bbox 839 2407 990 2471; x_wconf 89' lang='lat' dir='ltr'>mandata</span> <span class='ocrx_word' id='word_1_135' title='bbox 1011 2428 1113 2490; x_wconf 90' lang='lat' dir='ltr'>neque</span> <span class='ocrx_word' id='word_1_136' title='bbox 1137 2407 1300 2471; x_wconf 72' lang='lat' dir='ltr'>adicerem</span> 
     </span>
     <span class='ocr_line' id='line_1_18' title="bbox 86 2511 1259 2596; baseline 0.001 -22"><span class='ocrx_word' id='word_1_137' title='bbox 86 2512 222 2594; x_wconf 85' lang='lat' dir='ltr'>amplius</span> <span class='ocrx_word' id='word_1_138' title='bbox 256 2512 394 2595; x_wconf 90' lang='lat' dir='ltr'>peccatis</span> <span class='ocrx_word' id='word_1_139' title='bbox 428 2514 548 2576; x_wconf 90' lang='lat' dir='ltr'>vestris.</span> <span class='ocrx_word' id='word_1_140' title='bbox 595 2511 629 2577; x_wconf 84' lang='lat' dir='ltr'>Si</span> <span class='ocrx_word' id='word_1_141' title='bbox 658 2514 758 2596; x_wconf 84' lang='lat' dir='ltr'>igitur</span> <span class='ocrx_word' id='word_1_142' title='bbox 790 2511 871 2575; x_wconf 92' lang='lat' dir='ltr'>nihil</span> <span class='ocrx_word' id='word_1_143' title='bbox 894 2512 1040 2595; x_wconf 85' lang='lat' dir='ltr'>deinceps</span> <span class='ocrx_word' id='word_1_144' title='bbox 1072 2511 1259 2588; x_wconf 90' lang='lat' dir='ltr'>adieceritis,</span> 
     </span>
     <span class='ocr_line' id='line_1_19' title="bbox 84 2615 1258 2701; baseline 0 -21"><span class='ocrx_word' id='word_1_145' title='bbox 84 2618 280 2682; x_wconf 87' lang='lat' dir='ltr'>recedetisa</span> <span class='ocrx_word' id='word_1_146' title='bbox 313 2619 452 2700; x_wconf 90' lang='lat' dir='ltr'>peccatis</span> <span class='ocrx_word' id='word_1_147' title='bbox 480 2617 592 2681; x_wconf 87' lang='lat' dir='ltr'>vestris</span> <span class='ocrx_word' id='word_1_148' title='bbox 623 2617 791 2701; x_wconf 88' lang='lat' dir='ltr'>prioribus.</span> <span class='ocrx_word' id='word_1_149' title='bbox 838 2615 1011 2681; x_wconf 88' lang='lat' dir='ltr'>Ambulate</span> <span class='ocrx_word' id='word_1_150' title='bbox 1033 2615 1132 2699; x_wconf 89' lang='lat' dir='ltr'>igitur</span> <span class='ocrx_word' id='word_1_151' title='bbox 1153 2616 1186 2680; x_wconf 92' lang='lat' dir='ltr'>in</span> <span class='ocrx_word' id='word_1_152' title='bbox 1208 2616 1258 2680; x_wconf 89' lang='lat' dir='ltr'>his</span> 
     </span>
     <span class='ocr_line' id='line_1_20' title="bbox 84 2720 1260 2799; baseline 0.001 -14"><span class='ocrx_word' id='word_1_153' title='bbox 84 2722 242 2785; x_wconf 89' lang='lat' dir='ltr'>mandatis</span> <span class='ocrx_word' id='word_1_154' title='bbox 266 2722 359 2799; x_wconf 90' lang='lat' dir='ltr'>meis,</span> <span class='ocrx_word' id='word_1_155' title='bbox 393 2727 424 2785; x_wconf 93' lang='lat' dir='ltr'>et</span> <span class='ocrx_word' id='word_1_156' title='bbox 446 2721 557 2785; x_wconf 84' lang='lat' dir='ltr'>vivetis</span> <span class='ocrx_word' id='word_1_157' title='bbox 592 2722 659 2785; x_wconf 91' lang='lat' dir='ltr'>deo.</span> <span class='ocrx_word' id='word_1_158' title='bbox 707 2720 796 2785; x_wconf 90' lang='lat' dir='ltr'>Haec</span> <span class='ocrx_word' id='word_1_159' title='bbox 818 2722 924 2785; x_wconf 87' lang='lat' dir='ltr'>omnia</span> <span class='ocrx_word' id='word_1_160' title='bbox 948 2744 966 2785; x_wconf 90' lang='lat' dir='ltr'>a</span> <span class='ocrx_word' id='word_1_161' title='bbox 989 2742 1039 2785; x_wconf 89' lang='lat' dir='ltr'>me</span> <span class='ocrx_word' id='word_1_162' title='bbox 1061 2721 1152 2786; x_wconf 91' lang='lat' dir='ltr'>vobis</span> <span class='ocrx_word' id='word_1_163' title='bbox 1176 2722 1260 2786; x_wconf 88' lang='lat' dir='ltr'>dicta</span> 
     </span>
     <span class='ocr_line' id='line_1_21' title="bbox 84 2825 1259 2910; baseline -0.002 -20"><span class='ocrx_word' id='word_1_164' title='bbox 84 2831 167 2890; x_wconf 82' lang='lat' dir='ltr'>sunt.</span> <span class='ocrx_word' id='word_1_165' title='bbox 215 2829 244 2890; x_wconf 88' lang='grc'>5.</span> <span class='ocrx_word' id='word_1_166' title='bbox 275 2827 319 2891; x_wconf 85' lang='lat' dir='ltr'>Et</span> <span class='ocrx_word' id='word_1_167' title='bbox 348 2831 516 2910; x_wconf 86' lang='lat' dir='ltr'>postquam</span> <span class='ocrx_word' id='word_1_168' title='bbox 545 2826 623 2889; x_wconf 89' lang='lat' dir='ltr'>haec</span> <span class='ocrx_word' id='word_1_169' title='bbox 655 2825 780 2890; x_wconf 91' lang='lat' dir='ltr'>locutus</span> <span class='ocrx_word' id='word_1_170' title='bbox 809 2831 857 2889; x_wconf 92' lang='lat' dir='ltr'>est</span> <span class='ocrx_word' id='word_1_171' title='bbox 886 2848 1025 2903; x_wconf 90' lang='lat' dir='ltr'>mecum,</span> <span class='ocrx_word' id='word_1_172' title='bbox 1060 2825 1136 2890; x_wconf 91' lang='lat' dir='ltr'>dicit</span> <span class='ocrx_word' id='word_1_173' title='bbox 1164 2825 1259 2890; x_wconf 90' lang='lat' dir='ltr'>mihi:</span> 
     </span>
     <span class='ocr_line' id='line_1_22' title="bbox 83 2929 1299 3015; baseline -0.005 -21"><span class='ocrx_word' id='word_1_174' title='bbox 83 2929 202 2994; x_wconf 88' lang='lat' dir='ltr'>Eamus</span> <span class='ocrx_word' id='word_1_175' title='bbox 225 2932 257 2994; x_wconf 90' lang='lat' dir='ltr'>in</span> <span class='ocrx_word' id='word_1_176' title='bbox 281 2953 403 3015; x_wconf 87' lang='lat' dir='ltr'>agmm,</span> <span class='ocrx_word' id='word_1_177' title='bbox 429 2936 460 2994; x_wconf 88' lang='lat' dir='ltr'>et</span> <span class='ocrx_word' id='word_1_178' title='bbox 483 2930 646 2994; x_wconf 87' lang='lat' dir='ltr'>ostendam</span> <span class='ocrx_word' id='word_1_179' title='bbox 662 2930 721 2994; x_wconf 91' lang='lat' dir='ltr'>tibi</span> <span class='ocrx_word' id='word_1_180' title='bbox 736 2934 880 3012; x_wconf 89' lang='lat' dir='ltr'>pastores</span> <span class='ocrx_word' id='word_1_181' title='bbox 896 2931 1010 2994; x_wconf 88' lang='lat' dir='ltr'>ovium.</span> <span class='ocrx_word' id='word_1_182' title='bbox 1055 2932 1186 3007; x_wconf 88' lang='lat' dir='ltr'>Eamus,</span> <span class='ocrx_word' id='word_1_183' title='bbox 1209 2932 1258 2995; x_wconf 92' lang='lat' dir='ltr'>in·</span> <span class='ocrx_word' id='word_1_184' title='bbox 1274 2952 1299 2989; x_wconf 80' lang='lat'>20</span> 
     </span>
     <span class='ocr_line' id='line_1_23' title="bbox 85 3034 1260 3118; baseline 0.001 -21"><span class='ocrx_word' id='word_1_185' title='bbox 85 3058 189 3118; x_wconf 87' lang='lat' dir='ltr'>quam,</span> <span class='ocrx_word' id='word_1_186' title='bbox 216 3035 349 3099; x_wconf 91' lang='lat' dir='ltr'>domine.</span> <span class='ocrx_word' id='word_1_187' title='bbox 396 3035 440 3099; x_wconf 85' lang='lat' dir='ltr'>Et</span> <span class='ocrx_word' id='word_1_188' title='bbox 461 3034 603 3099; x_wconf 90' lang='lat' dir='ltr'>venimus</span> <span class='ocrx_word' id='word_1_189' title='bbox 630 3035 663 3098; x_wconf 94' lang='lat' dir='ltr'>in</span> <span class='ocrx_word' id='word_1_190' title='bbox 686 3056 833 3116; x_wconf 89' lang='lat' dir='ltr'>campum</span> <span class='ocrx_word' id='word_1_191' title='bbox 856 3035 1031 3115; x_wconf 89' lang='lat' dir='ltr'>quendam,</span> <span class='ocrx_word' id='word_1_192' title='bbox 1068 3039 1099 3099; x_wconf 93' lang='lat' dir='ltr'>et</span> <span class='ocrx_word' id='word_1_193' title='bbox 1121 3035 1260 3098; x_wconf 87' lang='lat' dir='ltr'>ostendit</span> 
     </span>
     <span class='ocr_line' id='line_1_24' title="bbox 83 3138 1259 3223; baseline 0 -21"><span class='ocrx_word' id='word_1_194' title='bbox 83 3139 160 3202; x_wconf 90' lang='lat' dir='ltr'>mihi</span> <span class='ocrx_word' id='word_1_195' title='bbox 183 3144 343 3223; x_wconf 89' lang='lat' dir='ltr'>pastorem</span> <span class='ocrx_word' id='word_1_196' title='bbox 376 3139 521 3202; x_wconf 90' lang='lat' dir='ltr'>iuvenem</span> <span class='ocrx_word' id='word_1_197' title='bbox 549 3138 693 3202; x_wconf 90' lang='lat' dir='ltr'>indutum</span> <span class='ocrx_word' id='word_1_198' title='bbox 725 3138 890 3220; x_wconf 90' lang='lat' dir='ltr'>synthesin</span> <span class='ocrx_word' id='word_1_199' title='bbox 912 3138 1171 3202; x_wconf 88' lang='lat' dir='ltr'>vestimentorum</span> <span class='ocrx_word' id='word_1_200' title='bbox 1206 3160 1259 3202; x_wconf 92' lang='lat' dir='ltr'>co·</span> 
     </span>
     <span class='ocr_line' id='line_1_25' title="bbox 82 3241 1257 3325; baseline -0.001 -18"><span class='ocrx_word' id='word_1_201' title='bbox 82 3243 149 3307; x_wconf 92' lang='lat' dir='ltr'>lore</span> <span class='ocrx_word' id='word_1_202' title='bbox 172 3245 326 3307; x_wconf 89' lang='lat' dir='ltr'>coccineo.</span> <span class='ocrx_word' id='word_1_203' title='bbox 382 3245 411 3307; x_wconf 90' lang='lat'>6.</span> <span class='ocrx_word' id='word_1_204' title='bbox 435 3243 591 3306; x_wconf 86' lang='lat' dir='ltr'>Pascebat</span> <span class='ocrx_word' id='word_1_205' title='bbox 614 3246 719 3305; x_wconf 88' lang='lat' dir='ltr'>autern</span> <span class='ocrx_word' id='word_1_206' title='bbox 741 3262 814 3304; x_wconf 90' lang='lat' dir='ltr'>oves</span> <span class='ocrx_word' id='word_1_207' title='bbox 837 3241 1010 3325; x_wconf 87' lang='lat' dir='ltr'>plurimas,</span> <span class='ocrx_word' id='word_1_208' title='bbox 1046 3245 1077 3305; x_wconf 93' lang='lat' dir='ltr'>et</span> <span class='ocrx_word' id='word_1_209' title='bbox 1100 3242 1160 3306; x_wconf 86' lang='lat' dir='ltr'>hae</span> <span class='ocrx_word' id='word_1_210' title='bbox 1183 3264 1257 3306; x_wconf 88' lang='lat' dir='ltr'>oves</span> 
     </span>
     <span class='ocr_line' id='line_1_26' title="bbox 82 3345 1256 3411; baseline 0.002 -3"><span class='ocrx_word' id='word_1_211' title='bbox 82 3348 168 3411; x_wconf 88' lang='lat' dir='ltr'>velut</span> <span class='ocrx_word' id='word_1_212' title='bbox 192 3348 375 3411; x_wconf 88' lang='lat' dir='ltr'>deliciantes</span> <span class='ocrx_word' id='word_1_213' title='bbox 399 3352 488 3410; x_wconf 87' lang='lat' dir='ltr'>erant</span> <span class='ocrx_word' id='word_1_214' title='bbox 511 3369 548 3410; x_wconf 90' lang='lat' dir='ltr'>ac</span> <span class='ocrx_word' id='word_1_215' title='bbox 570 3346 764 3410; x_wconf 84' lang='lat' dir='ltr'>luxuriantes</span> <span class='ocrx_word' id='word_1_216' title='bbox 787 3352 819 3410; x_wconf 89' lang='lat' dir='ltr'>et</span> <span class='ocrx_word' id='word_1_217' title='bbox 841 3345 959 3409; x_wconf 91' lang='lat' dir='ltr'>hilares</span> <span class='ocrx_word' id='word_1_218' title='bbox 982 3350 1071 3409; x_wconf 86' lang='lat' dir='ltr'>erant</span> <span class='ocrx_word' id='word_1_219' title='bbox 1095 3346 1256 3410; x_wconf 87' lang='lat' dir='ltr'>exsultan-</span> 
     </span>
     <span class='ocr_line' id='line_1_27' title="bbox 81 3449 1298 3533; baseline -0.003 -19"><span class='ocrx_word' id='word_1_220' title='bbox 81 3455 129 3516; x_wconf 86' lang='lat' dir='ltr'>tes</span> <span class='ocrx_word' id='word_1_221' title='bbox 152 3451 215 3515; x_wconf 90' lang='lat' dir='ltr'>huc</span> <span class='ocrx_word' id='word_1_222' title='bbox 239 3456 270 3514; x_wconf 89' lang='lat' dir='ltr'>et</span> <span class='ocrx_word' id='word_1_223' title='bbox 293 3450 385 3525; x_wconf 90' lang='lat' dir='ltr'>illuc;</span> <span class='ocrx_word' id='word_1_224' title='bbox 411 3454 442 3513; x_wconf 88' lang='lat' dir='ltr'>et</span> <span class='ocrx_word' id='word_1_225' title='bbox 464 3450 533 3533; x_wconf 92' lang='lat' dir='ltr'>ipse</span> <span class='ocrx_word' id='word_1_226' title='bbox 557 3453 666 3532; x_wconf 90' lang='lat' dir='ltr'>pastor</span> <span class='ocrx_word' id='word_1_227' title='bbox 688 3449 777 3513; x_wconf 90' lang='lat' dir='ltr'>valde</span> <span class='ocrx_word' id='word_1_228' title='bbox 792 3450 902 3514; x_wconf 89' lang='lat' dir='ltr'>hilaris</span> <span class='ocrx_word' id='word_1_229' title='bbox 920 3454 988 3514; x_wconf 91' lang='lat' dir='ltr'>erat</span> <span class='ocrx_word' id='word_1_230' title='bbox 1010 3451 1048 3514; x_wconf 94' lang='lat' dir='ltr'>de</span> <span class='ocrx_word' id='word_1_231' title='bbox 1064 3471 1161 3533; x_wconf 81' lang='lat' dir='ltr'>grege</span> <span class='ocrx_word' id='word_1_232' title='bbox 1184 3472 1257 3528; x_wconf 82' lang='lat' dir='ltr'>sno;</span> <span class='ocrx_word' id='word_1_233' title='bbox 1272 3473 1298 3511; x_wconf 79' lang='lat' dir='ltr'>aa</span> 
     </span>
     <span class='ocr_line' id='line_1_28' title="bbox 81 3553 1256 3639; baseline -0.003 -20"><span class='ocrx_word' id='word_1_234' title='bbox 81 3560 113 3620; x_wconf 90' lang='lat' dir='ltr'>et</span> <span class='ocrx_word' id='word_1_235' title='bbox 135 3555 204 3639; x_wconf 91' lang='lat' dir='ltr'>ipse</span> <span class='ocrx_word' id='word_1_236' title='bbox 227 3554 333 3618; x_wconf 89' lang='lat' dir='ltr'>vultus</span> <span class='ocrx_word' id='word_1_237' title='bbox 356 3553 493 3638; x_wconf 89' lang='lat' dir='ltr'>pastoris</span> <span class='ocrx_word' id='word_1_238' title='bbox 517 3553 607 3617; x_wconf 84' lang='lat' dir='ltr'>valde</span> <span class='ocrx_word' id='word_1_239' title='bbox 629 3553 740 3617; x_wconf 91' lang='lat' dir='ltr'>hilaris</span> <span class='ocrx_word' id='word_1_240' title='bbox 764 3558 839 3629; x_wconf 89' lang='lat' dir='ltr'>erat,</span> <span class='ocrx_word' id='word_1_241' title='bbox 858 3560 890 3618; x_wconf 93' lang='lat' dir='ltr'>et</span> <span class='ocrx_word' id='word_1_242' title='bbox 905 3555 988 3619; x_wconf 92' lang='lat' dir='ltr'>inter</span> <span class='ocrx_word' id='word_1_243' title='bbox 1003 3576 1077 3618; x_wconf 90' lang='lat' dir='ltr'>oves</span> <span class='ocrx_word' id='word_1_244' title='bbox 1101 3555 1256 3619; x_wconf 86' lang='lat' dir='ltr'>discurre-</span> 
     </span>
     <span class='ocr_line' id='line_1_29' title="bbox 80 3657 1255 3743; baseline -0.003 -19"><span class='ocrx_word' id='word_1_245' title='bbox 80 3662 146 3724; x_wconf 87' lang='lat' dir='ltr'>bat.</span> <span class='ocrx_word' id='word_1_246' title='bbox 183 3657 353 3743; x_wconf 86' lang='lat' dir='ltr'>[Aliasque</span> <span class='ocrx_word' id='word_1_247' title='bbox 377 3681 450 3723; x_wconf 90' lang='lat' dir='ltr'>oves</span> <span class='ocrx_word' id='word_1_248' title='bbox 473 3658 538 3722; x_wconf 91' lang='lat' dir='ltr'>vidi</span> <span class='ocrx_word' id='word_1_249' title='bbox 560 3657 757 3722; x_wconf 85' lang='lat' dir='ltr'>luxuriantes</span> <span class='ocrx_word' id='word_1_250' title='bbox 780 3663 813 3723; x_wconf 90' lang='lat' dir='ltr'>et</span> <span class='ocrx_word' id='word_1_251' title='bbox 828 3658 1009 3723; x_wconf 89' lang='lat' dir='ltr'>deliciantes</span> <span class='ocrx_word' id='word_1_252' title='bbox 1032 3679 1095 3721; x_wconf 89' lang='lat' dir='ltr'>uno</span> <span class='ocrx_word' id='word_1_253' title='bbox 1118 3658 1151 3721; x_wconf 94' lang='lat' dir='ltr'>in</span> <span class='ocrx_word' id='word_1_254' title='bbox 1174 3657 1255 3735; x_wconf 90' lang='lat' dir='ltr'>loco,</span> 
     </span>
     <span class='ocr_line' id='line_1_30' title="bbox 79 3760 512 3845; baseline -0.007 -17"><span class='ocrx_word' id='word_1_255' title='bbox 79 3769 268 3828; x_wconf 78' lang='lat' dir='ltr'>nontamen</span> <span class='ocrx_word' id='word_1_256' title='bbox 293 3760 512 3845; x_wconf 65' lang='lat' dir='ltr'>exsultantes}</span> 
     </span>
    </p>
   </div>
   <div class='ocr_carea' id='block_1_5' title="bbox 149 3922 761 3985">
    <p class='ocr_par' dir='ltr' id='par_1_5' title="bbox 149 3922 761 3985">
     <span class='ocr_line' id='line_1_31' title="bbox 149 3922 761 3985; baseline 0.002 -11"><span class='ocrx_word' id='word_1_257' title='bbox 149 3922 238 3975; x_wconf 69' lang='lat' dir='ltr'>llas.</span> <span class='ocrx_word' id='word_1_258' title='bbox 262 3927 284 3977; x_wconf 90' lang='lat'>1.</span> <span class='ocrx_word' id='word_1_259' title='bbox 304 3924 345 3977; x_wconf 77' lang='lat'>21.</span> <span class='ocrx_word' id='word_1_260' title='bbox 365 3953 398 3963; x_wconf 90' lang='grc'><strong>-</strong></span> <span class='ocrx_word' id='word_1_261' title='bbox 417 3925 433 3975; x_wconf 88' lang='grc'><strong>5</strong></span> <span class='ocrx_word' id='word_1_262' title='bbox 452 3922 494 3975; x_wconf 82' lang='lat' dir='ltr'>Ps.</span> <span class='ocrx_word' id='word_1_263' title='bbox 517 3924 538 3984; x_wconf 95' lang='lat' dir='ltr'>l,</span> <span class='ocrx_word' id='word_1_264' title='bbox 560 3924 640 3983; x_wconf 85' lang='lat'>1-2;</span> <span class='ocrx_word' id='word_1_265' title='bbox 661 3922 717 3985; x_wconf 88' lang='grc'>118,</span> <span class='ocrx_word' id='word_1_266' title='bbox 740 3925 761 3977; x_wconf 93' lang='lat' dir='ltr'>l.</span> 
     </span>
    </p>
   </div>
   <div class='ocr_carea' id='block_1_6' title="bbox 56 4070 1257 4656">
    <p class='ocr_par' dir='ltr' id='par_1_6' title="bbox 56 4070 1257 4487">
     <span class='ocr_line' id='line_1_32' title="bbox 116 4070 1257 4142; baseline 0.005 -21"><span class='ocrx_word' id='word_1_267' title='bbox 116 4070 161 4125; x_wconf 87' lang='lat' dir='ltr'>VI.</span> <span class='ocrx_word' id='word_1_268' title='bbox 182 4070 411 4127; x_wconf 62' lang='lat' dir='ltr'>Pia-Athanasius</span> <span class='ocrx_word' id='word_1_269' title='bbox 421 4071 512 4139; x_wconf 71' lang='lat' dir='ltr'>(Ath2)</span> <span class='ocrx_word' id='word_1_270' title='bbox 523 4071 538 4121; x_wconf 92' lang='grc'>1.</span> <span class='ocrx_word' id='word_1_271' title='bbox 550 4087 572 4122; x_wconf 89' lang='lat' dir='ltr'>c.</span> <span class='ocrx_word' id='word_1_272' title='bbox 584 4086 606 4123; x_wconf 85' lang='lat' dir='ltr'>c.</span> <span class='ocrx_word' id='word_1_273' title='bbox 616 4070 655 4124; x_wconf 87' lang='grc'>18.</span> <span class='ocrx_word' id='word_1_274' title='bbox 718 4071 742 4124; x_wconf 88' lang='lat'>5.</span> <span class='ocrx_word' id='word_1_275' title='bbox 760 4073 850 4142; x_wconf 73' lang='grc' dir='ltr'><strong><em>δείξω]</em></strong></span> <span class='ocrx_word' id='word_1_276' title='bbox 879 4089 915 4125; x_wconf 89' lang='lat' dir='ltr'>sc.</span> <span class='ocrx_word' id='word_1_277' title='bbox 936 4071 965 4124; x_wconf 91' lang='lat' dir='ltr'>in</span> <span class='ocrx_word' id='word_1_278' title='bbox 993 4070 1107 4124; x_wconf 84' lang='lat' dir='ltr'>visione.</span> <span class='ocrx_word' id='word_1_279' title='bbox 1136 4101 1170 4109; x_wconf 91' lang='lat'>—</span> <span class='ocrx_word' id='word_1_280' title='bbox 1196 4071 1257 4127; x_wconf 78' lang='grc' dir='ltr'><em>σύν·</em></span> 
     </span>
     <span class='ocr_line' id='line_1_33' title="bbox 81 4157 1257 4229; baseline -0.002 -17"><span class='ocrx_word' id='word_1_281' title='bbox 81 4160 113 4212; x_wconf 88' lang='grc'>19</span> <span class='ocrx_word' id='word_1_282' title='bbox 126 4158 278 4212; x_wconf 84' lang='lat' dir='ltr'>maximam</span> <span class='ocrx_word' id='word_1_283' title='bbox 291 4158 373 4211; x_wconf 86' lang='lat' dir='ltr'>huius</span> <span class='ocrx_word' id='word_1_284' title='bbox 384 4157 580 4212; x_wconf 87' lang='lat' dir='ltr'>Similitudinis</span> <span class='ocrx_word' id='word_1_285' title='bbox 593 4176 655 4228; x_wconf 89' lang='lat' dir='ltr'>par·</span> <span class='ocrx_word' id='word_1_286' title='bbox 685 4163 764 4214; x_wconf 79' lang='grc' dir='ltr'><strong><em>θεσιν</em></strong></span> <span class='ocrx_word' id='word_1_287' title='bbox 773 4159 844 4229; x_wconf 70' lang='lat' dir='ltr'>vrb]</span> <span class='ocrx_word' id='word_1_288' title='bbox 864 4157 1010 4227; x_wconf 76' lang='lat' dir='ltr'>Synthesis</span> <span class='ocrx_word' id='word_1_289' title='bbox 1028 4158 1159 4211; x_wconf 86' lang='lat' dir='ltr'>coccinea</span> <span class='ocrx_word' id='word_1_290' title='bbox 1169 4157 1257 4210; x_wconf 86' lang='lat' dir='ltr'>vestis</span> 
     </span>
     <span class='ocr_line' id='line_1_34' title="bbox 56 4243 1257 4316; baseline -0.002 -18"><span class='ocrx_word' id='word_1_291' title='bbox 56 4248 136 4299; x_wconf 71' lang='lat' dir='ltr'>tem</span> <span class='ocrx_word' id='word_1_292' title='bbox 163 4245 328 4314; x_wconf 82' lang='lat' dir='ltr'>exscripsit,</span> <span class='ocrx_word' id='word_1_293' title='bbox 359 4260 396 4297; x_wconf 86' lang='lat' dir='ltr'>sc.</span> <span class='ocrx_word' id='word_1_294' title='bbox 424 4248 452 4307; x_wconf 92' lang='lat'>1,</span> <span class='ocrx_word' id='word_1_295' title='bbox 478 4247 493 4298; x_wconf 86' lang='grc'><strong>5</strong></span> <span class='ocrx_word' id='word_1_296' title='bbox 521 4246 657 4316; x_wconf 71' lang='grc' dir='ltr'>(ἤλθομεν</span> <span class='ocrx_word' id='word_1_297' title='bbox 683 4245 738 4297; x_wconf 83' lang='lat' dir='ltr'>fuit</span> <span class='ocrx_word' id='word_1_298' title='bbox 755 4246 889 4315; x_wconf 81' lang='lat' dir='ltr'>pretiosa,</span> <span class='ocrx_word' id='word_1_299' title='bbox 909 4245 1031 4314; x_wconf 81' lang='lat' dir='ltr'>elegans,</span> <span class='ocrx_word' id='word_1_300' title='bbox 1045 4244 1196 4303; x_wconf 84' lang='lat' dir='ltr'>cenatoria,</span> <span class='ocrx_word' id='word_1_301' title='bbox 1215 4243 1257 4297; x_wconf 92' lang='lat' dir='ltr'>in-</span> 
     </span>
     <span class='ocr_line' id='line_1_35' title="bbox 77 4330 1256 4404; baseline -0.005 -15"><span class='ocrx_word' id='word_1_302' title='bbox 77 4336 149 4391; x_wconf 73' lang='grc' dir='ltr'>κτλ.)</span> <span class='ocrx_word' id='word_1_303' title='bbox 168 4362 202 4371; x_wconf 94' lang='grc'>-</span> <span class='ocrx_word' id='word_1_304' title='bbox 221 4332 275 4394; x_wconf 82' lang='grc'>3,6</span> <span class='ocrx_word' id='word_1_305' title='bbox 294 4331 419 4404; x_wconf 75' lang='grc' dir='ltr'>(πράξεις</span> <span class='ocrx_word' id='word_1_306' title='bbox 436 4330 547 4400; x_wconf 50' lang='lat' dir='ltr'>atroam</span> <span class='ocrx_word' id='word_1_307' title='bbox 564 4333 589 4395; x_wconf 80' lang='lat'>4,</span> <span class='ocrx_word' id='word_1_308' title='bbox 602 4332 656 4386; x_wconf 83' lang='grc'>3.4</span> <span class='ocrx_word' id='word_1_309' title='bbox 684 4331 737 4384; x_wconf 82' lang='lat' dir='ltr'>dex</span> <span class='ocrx_word' id='word_1_310' title='bbox 765 4332 892 4385; x_wconf 87' lang='lat' dir='ltr'>laetitiae</span> <span class='ocrx_word' id='word_1_311' title='bbox 922 4333 1007 4397; x_wconf 86' lang='lat' dir='ltr'>atque</span> <span class='ocrx_word' id='word_1_312' title='bbox 1037 4347 1054 4384; x_wconf 87' lang='lat' dir='ltr'>a</span> <span class='ocrx_word' id='word_1_313' title='bbox 1080 4330 1256 4384; x_wconf 85' lang='lat' dir='ltr'>mollioribus</span> 
     </span>
     <span class='ocr_line' id='line_1_36' title="bbox 78 4416 1070 4487; baseline -0.006 -12"><span class='ocrx_word' id='word_1_314' title='bbox 78 4416 173 4487; x_wconf 70' lang='grc' dir='ltr'>(ἄκουε</span> <span class='ocrx_word' id='word_1_315' title='bbox 190 4422 273 4487; x_wconf 75' lang='grc' dir='ltr'><strong>κτλ.);</strong></span> <span class='ocrx_word' id='word_1_316' title='bbox 292 4419 315 4476; x_wconf 81' lang='lat'>5.</span> <span class='ocrx_word' id='word_1_317' title='bbox 336 4417 359 4471; x_wconf 86' lang='lat'>3.</span> <span class='ocrx_word' id='word_1_318' title='bbox 379 4419 455 4474; x_wconf 80' lang='lat'><strong>5-7.</strong></span> <span class='ocrx_word' id='word_1_319' title='bbox 683 4418 768 4472; x_wconf 81' lang='lat' dir='ltr'>solita</span> <span class='ocrx_word' id='word_1_320' title='bbox 784 4418 862 4472; x_wconf 89' lang='lat' dir='ltr'>indui</span> <span class='ocrx_word' id='word_1_321' title='bbox 882 4417 1070 4485; x_wconf 79' lang='lat' dir='ltr'>(Cotelerius).</span> 
     </span>
    </p>

    <p class='ocr_par' dir='ltr' id='par_1_7' title="bbox 77 4504 1255 4656">
     <span class='ocr_line' id='line_1_37' title="bbox 114 4504 1255 4578; baseline -0.004 -18"><span class='ocrx_word' id='word_1_322' title='bbox 114 4508 136 4567; x_wconf 93' lang='lat' dir='ltr'>l,</span> <span class='ocrx_word' id='word_1_323' title='bbox 158 4510 178 4561; x_wconf 91' lang='lat'>1.</span> <span class='ocrx_word' id='word_1_324' title='bbox 208 4510 289 4562; x_wconf 75' lang='grc' dir='ltr'><em>καλαὶ</em></span> <span class='ocrx_word' id='word_1_325' title='bbox 315 4505 385 4574; x_wconf 59' lang='grc' dir='ltr'>κτλ]</span> <span class='ocrx_word' id='word_1_326' title='bbox 414 4505 455 4559; x_wconf 84' lang='lat' dir='ltr'>cf.</span> <span class='ocrx_word' id='word_1_327' title='bbox 483 4506 576 4559; x_wconf 83' lang='lat' dir='ltr'>Mand.</span> <span class='ocrx_word' id='word_1_328' title='bbox 596 4505 655 4568; x_wconf 83' lang='lat' dir='ltr'>XII,</span> <span class='ocrx_word' id='word_1_329' title='bbox 717 4505 742 4561; x_wconf 84' lang='lat'>6.</span> <span class='ocrx_word' id='word_1_330' title='bbox 762 4514 910 4578; x_wconf 75' lang='grc' dir='ltr'>τρυφῶντα</span> <span class='ocrx_word' id='word_1_331' title='bbox 937 4546 943 4558; x_wconf 92' lang='grc'>.</span> <span class='ocrx_word' id='word_1_332' title='bbox 966 4544 972 4556; x_wconf 82' lang='grc'><strong>.</strong></span> <span class='ocrx_word' id='word_1_333' title='bbox 999 4504 1193 4575; x_wconf 69' lang='lat' dir='ltr'>caeterosve]</span> <span class='ocrx_word' id='word_1_334' title='bbox 1214 4504 1255 4559; x_wconf 84' lang='lat' dir='ltr'>cf.</span> 
     </span>
     <span class='ocr_line' id='line_1_38' title="bbox 77 4592 822 4656; baseline 0 -9"><span class='ocrx_word' id='word_1_335' title='bbox 77 4594 102 4656; x_wconf 84' lang='lat'>3,</span> <span class='ocrx_word' id='word_1_336' title='bbox 122 4595 155 4655; x_wconf 83' lang='lat'>4;</span> <span class='ocrx_word' id='word_1_337' title='bbox 176 4593 218 4646; x_wconf 78' lang='lat' dir='ltr'>Pa.</span> <span class='ocrx_word' id='word_1_338' title='bbox 241 4592 280 4655; x_wconf 83' lang='grc'>18,</span> <span class='ocrx_word' id='word_1_339' title='bbox 300 4592 322 4645; x_wconf 88' lang='grc'>9.</span> <span class='ocrx_word' id='word_1_340' title='bbox 345 4593 385 4645; x_wconf 92' lang='grc'>11.</span> <span class='ocrx_word' id='word_1_341' title='bbox 406 4592 445 4646; x_wconf 77' lang='grc'>12.</span> <span class='ocrx_word' id='word_1_342' title='bbox 683 4592 736 4646; x_wconf 78' lang='lat' dir='ltr'>Iac.</span> <span class='ocrx_word' id='word_1_343' title='bbox 756 4594 779 4655; x_wconf 84' lang='lat'>5,</span> <span class='ocrx_word' id='word_1_344' title='bbox 799 4595 822 4647; x_wconf 83' lang='lat'>5.</span> 
     </span>
    </p>
   </div>
   <div class='ocr_carea' id='block_1_7' title="bbox 130 4684 1049 4748">
    <p class='ocr_par' dir='ltr' id='par_1_8' title="bbox 130 4684 1049 4748">
     <span class='ocr_line' id='line_1_39' title="bbox 130 4684 1049 4748; baseline 0 -12"><span class='ocrx_word' id='word_1_345' title='bbox 130 4699 236 4747; x_wconf 70' lang='lat' dir='ltr'>Funk,</span> <span class='ocrx_word' id='word_1_346' title='bbox 251 4700 331 4738; x_wconf 83' lang='lat' dir='ltr'>Patres</span> <span class='ocrx_word' id='word_1_347' title='bbox 346 4702 420 4746; x_wconf 73' lang='lat' dir='ltr'>apost.</span> <span class='ocrx_word' id='word_1_348' title='bbox 441 4698 477 4738; x_wconf 83' lang='lat' dir='ltr'>ad.</span> <span class='ocrx_word' id='word_1_349' title='bbox 492 4699 525 4737; x_wconf 88' lang='lat'>11.</span> <span class='ocrx_word' id='word_1_350' title='bbox 1007 4684 1049 4748; x_wconf 79' lang='grc'>35</span> 
     </span>
    </p>
   </div>
   <div class='ocr_carea' id='block_1_8' title="bbox 0 0 1422 5018">
    <p class='ocr_par' dir='ltr' id='par_1_9' title="bbox 0 0 1422 5018">
     <span class='ocr_line' id='line_1_40' title="bbox 0 0 1422 5018; baseline 0 4"><span class='ocrx_word' id='word_1_351' title='bbox 0 0 1422 5018; x_wconf 95' lang='lat' dir='ltr'> </span> 
     </span>
    </p>
   </div>
  </div>
 </body>
</html>
