2834 5018
171 330 235 394 234
592 323 734 380 IGNATII
753 324 931 380 EPISTULA

172 513 226 567 τοῦ
249 503 351 566 πάντα
374 501 575 583 πράσσουσιν.
622 500 650 563 οἱ
673 511 805 563 τοιοῦτοι
829 501 863 564 δὲ
887 503 945 564 οὐκ
968 502 1177 587 εόσονείδητοί
1201 524 1253 588 μοι
1273 500 1350 566 εἶναι

172 608 333 691 φαίνονται
356 608 406 670 διὰ
430 609 464 670 τὸ
488 609 529 689 μὴ
553 606 684 692 βεβαίως
706 605 778 669 κατ’
802 606 929 689 ἐντολὴν
953 607 1231 689 συναθροίζεσθαι.

259 715 298 779 V.
324 711 411 776 Ἐπεί
435 709 489 775 οὖν
513 710 601 786 τέλος
624 713 663 774 τά
686 711 853 794 πράγματα
876 712 940 794 ἔχει
971 714 1023 774 καί
1048 712 1208 793 πρόκειται
1231 714 1271 774 τὰ
1294 711 1350 775 δύο

172 818 260 903 ὁμοῦ,
284 820 300 881 ὅ
324 838 357 881 τε
382 818 520 891 θάνατος
543 817 596 878 καί
619 815 639 898 ἡ
662 814 737 898 ζωή,
761 817 814 877 καί
830 816 961 890 ἕκαστος
985 819 1032 897 εἰς
1056 818 1116 881 τὸν
1138 816 1226 881 ίόιον
1241 818 1351 881 τόπον

147 921 278 1007 ιμέλλει
301 930 433 1004 χωρεῖν·
465 925 495 987 2.
520 922 625 1003 ὥσπερ
645 921 705 1004 γάρ
729 920 811 983 ἐστιν
835 920 1009 1003 νομίσματα
1033 921 1106 1001 δόο,
1139 923 1156 984 ὃ
1179 922 1236 1005 μέν
1259 925 1349 1001 θεοῦ,

174 1029 191 1091 ὃ
214 1027 248 1090 δὲ
263 1026 393 1110 κόσμου,
418 1027 470 1088 καί
494 1027 627 1088 ἕκαστον
643 1026 745 1088 αὐτῶν
769 1025 845 1088 ἴδιον
861 1036 1046 1109 χαρακτῆρα
1062 1025 1257 1110 ἐπικείμενον
1272 1028 1349 1110 ἐχει,

173 1132 202 1196 οί
225 1134 348 1195 άπιστοι
371 1141 424 1193 τοῦ
448 1129 568 1212 κόσμου
591 1129 720 1208 τούτου,
743 1129 772 1192 οί
794 1129 829 1192 δὲ
851 1132 953 1193 πιστοί
977 1130 1009 1194 ἐν
1033 1133 1141 1216 ἀγάπη
1163 1142 1349 1215 χαρακτῆρα

173 1239 252 1303 θεοῦ
268 1237 383 1318 πατρὸς
406 1236 457 1298 διὰ
473 1232 577 1318 Ἰησοῦ
593 1232 740 1315 Χριστοῦ,
764 1234 804 1298 δι’
819 1234 855 1299 οὗ
880 1236 935 1299 ἐὰν
952 1239 993 1319 μὴ
1010 1236 1206 1319 αὐθαιρέτως
1226 1237 1349 1320 ἔχωμεν

174 1344 209 1404 τὸ
225 1343 399 1406 ἀποθανεῖν
422 1339 464 1414 είς
480 1341 515 1403 τὸ
540 1340 635 1402 αὐτοῦ
651 1340 766 1419 πάθος,
790 1342 825 1403 τδ
848 1342 904 1424 ζῆν
921 1344 1016 1405 αὐτοῦ
1039 1344 1194 1406 οὐκέστιν
1217 1342 1251 1405 ἐν
1266 1341 1348 1427 ἡμῖν.

134 1472 159 1510 10
260 1447 314 1512 VI.
340 1444 428 1509 Ἐπεί
460 1442 514 1508 οὖν
547 1445 580 1508 ἐν
610 1453 673 1519 τοῖς
707 1445 990 1529 προγεγραμμένοις
1022 1446 1198 1529 προσώποις
1229 1449 1264 1509 τὸ
1287 1457 1349 1510 πᾶν

173 1550 297 1634 πλῆθος
326 1549 493 1633 ἐθεώρησα
516 1549 549 1612 ἐν
573 1548 672 1613 πίστει
701 1552 753 1612 καί
776 1551 943 1635 ἠγάπησα,
976 1561 1133 1634 παραινῶ,
1164 1552 1197 1615 ἐν
1221 1551 1349 1634 ὁμονοίᾳ

175 1659 253 1722 θεοῦ
277 1656 468 1734 σπουδάζετε
497 1655 600 1718 πάντα
629 1655 794 1737 πράσσειν,
828 1655 1074 1740 προκαθημένου
1097 1667 1152 1719 τοῦ
1176 1655 1348 1719 ἐπισκόπου

172 1760 214 1836 είς
246 1760 341 1824 τόπον
372 1763 449 1826 θεοῦ
479 1761 533 1822 καί
565 1767 627 1821 τών
659 1758 874 1845 πρεσβυτέρων
907 1761 949 1836 είς
977 1760 1071 1824 τόπον
1104 1759 1264 1842 συνεδρίου
1288 1770 1348 1824 τών

172 1865 373 1944 ἀποστόλων,
405 1866 459 1928 καί
482 1873 544 1927 τῶν
574 1864 727 1928 διακόνων
758 1873 820 1927 τῶν
854 1863 921 1947 ἐμοί
950 1864 1153 1948 γλυκυτάτων
1185 1885 1349 1928 πεπιστευ-

133 1993 158 2031 ιι
174 1969 274 2055 μένων
297 1969 456 2034 διακονίαν
481 1968 584 2054 Ἰησοῦ
607 1967 764 2051 Χριστοῦ,
797 1969 830 2044 ὃς
853 1971 912 2051 πρὸ
937 1969 1058 2033 αἰώνων
1088 1972 1173 2051 παρά
1196 1971 1289 2051 πατρί
1312 1966 1348 2054 ἦν

171 2078 224 2139 καί
248 2075 281 2139 ἐν
304 2074 385 2138 τέλει
409 2073 518 2159 ἐφάνη.
565 2077 594 2138 2.
620 2073 733 2148 πάντες
758 2070 811 2135 οὖν
834 2073 1007 2156 δμοὴθειαν
1031 2076 1109 2139 θεοῦ
1129 2073 1279 2159 λαβόντες
1302 2072 1349 2137 ἐν·

174 2180 330 2263 τρέπεσθε
354 2178 509 2262 ἀλλήλους
533 2179 585 2240 καί
609 2178 714 2261 μηδεὶς
737 2180 819 2240 κατὰ
843 2178 946 2259 σάρκα
970 2178 1109 2263 βλεπέτω
1129 2180 1183 2240 τδν
1205 2178 1346 2263 πλησίον,

172 2282 243 2347 ἀλλ’
265 2283 298 2347 ἐν
322 2282 426 2368 Ἰησοῦ
442 2282 569 2365 Χριστῷ
593 2280 749 2364 ἀλλήλους
772 2281 939 2356 διαπαντὸς
956 2283 1108 2366 ἀγαπᾶτε.
1154 2283 1251 2366 μηδὲν
1266 2283 1347 2346 ἔστω

172 2388 204 2451 ἐν
228 2388 316 2471 ὑμῖν,
350 2387 553 2469 δδυνίγσεται
576 2385 655 2469 ὑμᾶς
679 2385 819 2468 μερίσαι,
855 2384 924 2448 ἀλλ’
947 2384 1089 2470 ἑνώθητε
1111 2394 1154 2468 τῷ
1187 2385 1348 2470 ἐπισκόπῳ

132 2517 160 2555 το
173 2496 226 2556 καί
250 2502 312 2566 τοῖς
335 2490 588 2576 προκαθημένοις
612 2491 654 2566 εἰς
678 2490 773 2554 τόπον
795 2491 848 2552 καί
872 2490 1002 2572 διδαχὴν
1026 2490 1216 2572 ἀφθαρσίας.

261 2599 332 2663 VII.
357 2594 478 2678 Ὥσπερ
502 2593 555 2659 οὖν
579 2596 596 2658 ό
619 2595 723 2677 κύριος
755 2597 829 2658 ἄνευ
852 2605 906 2657 τοῦ
937 2597 1052 2676 πατρὸς
1076 2597 1164 2660 οὐδὲν
1194 2595 1348 2679 ἐποίησεν,

241 2754 257 2807 3
274 2757 418 2827 πρόκειται
435 2755 478 2823 Lg
491 2773 497 2805 ι
510 2752 641 2811 ἐπίκειται
655 2753 686 2816 G,
706 2753 802 2822 posita
819 2752 921 2806 suntA
937 2755 940 2822 ί
957 2753 973 2806 8
992 2748 1091 2823 ἔχομεν
1109 2751 1132 2806 G
1148 2751 1152 2822 1
1171 2755 1200 2806 ll
1222 2752 1349 2825 ἠγάπησα

172 2844 217 2912 Gg
235 2862 241 2895 ι
261 2842 355 2915 άγάπη
373 2841 420 2894 LA
430 2841 463 2896 sf
472 2841 481 2893 l
506 2841 510 2911 ί
538 2840 569 2893 13
589 2843 677 2898 τόπον
695 2880 721 2894 ..
741 2841 830 2896 τόπον
849 2839 934 2909 GLgl
947 2838 1000 2893 Sev
1020 2859 1026 2891 :
1046 2839 1134 2895 τύπον
1153 2879 1178 2891 ..
1198 2839 1287 2896 τύπον
1307 2839 1350 2893 SA

172 2933 339 2996 (tamquam)
359 2928 436 2982 Zahn
455 2928 559 2998 Lightf.
576 2928 581 2996 1
599 2929 630 2982 17
650 2929 699 2984 τόν
719 2946 737 2998 g
755 2926 900 2982 Damaso
917 2926 961 2994 G}
979 2926 1011 2979 18
1031 2925 1157 2997 ἀλλήλοις
1176 2926 1200 2980 G
1226 2928 1230 2996 Ι
1253 2927 1288 2981 20
1306 2927 1348 2983 τί»

171 3036 226 3074 πον
245 3016 380 3085 θώθίίλλ,
401 3017 488 3070 etiam
507 3015 579 3068 Dam
597 3017 664 3085 (non
683 3016 782 3085 τόπον)
802 3015 836 3068 cf.
856 3013 920 3067 Holl
941 3032 968 3082 p.
988 3014 1022 3067 20

173 3158 304 3211 stitutum
323 3158 456 3220 fatentur,
476 3154 525 3209 illo
538 3157 634 3209 tamen
650 3155 745 3209 incon-
758 3155 761 3203 !
774 3155 816 3209 cf.
837 3155 923 3209 Clem.
942 3154 984 3207 Al.
1006 3153 1116 3222 Fragm.
1136 3153 1171 3207 86
1190 3154 1232 3207 ed.
1252 3155 1349 3208 Potter

173 3245 246 3299 sulto
260 3244 361 3306 omnia,
382 3259 454 3310 quae
468 3242 505 3294 ad
524 3241 672 3295 ecclesiam
684 3258 745 3310 per·
773 3261 801 3312 p.
819 3244 878 3298 989.

171 3332 271 3393 tinent,
291 3333 385 3401 agunh
424 3330 464 3385 ef.
485 3329 539 3383 Sm.
559 3329 582 3393 8,
602 3331 625 3384 2.
645 3361 680 3368 -
703 3327 746 3386 διὰ
810 3330 855 3394 VI,
877 3332 898 3385 l.
920 3330 1037 3383 Severus
1058 3331 1122 3383 Ant.
1143 3329 1211 3382 Adv.
1231 3329 1350 3398 impium

173 3421 205 3476 τὸ
223 3424 260 3489 μὴ
278 3418 347 3487 κτλ]
367 3418 385 3473 i.
395 3435 417 3472 e.
437 3418 513 3485 quod
524 3435 581 3471 non
599 3419 680 3484 firma
692 3416 746 3469 fide
775 3419 928 3473 Grammat.
954 3417 1046 3471 Curet
1066 3416 1126 3479 213,
1146 3417 1196 3470 245
1221 3415 1350 3482 (σπουόά

172 3522 263 3573 neque
283 3505 375 3559 stabili
399 3504 496 3558 ordine
523 3505 603 3558 iuxta
620 3520 746 3572 μναοοορ-
774 3511 833 3575 ζετο
860 3507 937 3573 κτλ).
972 3536 1007 3543 -
1038 3503 1156 3572 ὁμόνοια
1182 3504 1262 3573 θεοῦ]
1289 3503 1351 3557 λυ.

173 3593 345 3648 tumChristi
359 3594 389 3646 et
398 3591 592 3661 apostolorum
603 3590 640 3643 ad
653 3606 747 3643 saeros
775 3591 940 3655 concordia,
971 3608 1043 3659 quae
1063 3608 1080 3643 ιι
1103 3590 1160 3645 Deo
1188 3589 1351 3658 postulatur

173 3687 269 3736 coetus
289 3697 319 3733 se
337 3680 484 3735 conferant
502 3678 624 3750 (smith).
648 3709 683 3716 -
707 3674 746 3732 ἐν·
774 3679 818 3733 vel
842 3678 985 3732 voluntati
1008 3677 1061 3732 Dei
1084 3680 1275 3732 consentanea
1299 3678 1349 3730 est„

174 3769 266 3840 τολην]
288 3785 324 3821 sc.
344 3768 457 3822 Christi.
495 3767 536 3821 cf.
556 3767 637 3820 Bam.
657 3766 681 3830 6,
702 3767 723 3818 l.
774 3766 880 3821 Eadem
899 3765 943 3819 vel
968 3766 1069 3819 similis
1087 3765 1236 3818 verborum
1263 3767 1350 3818 struc-

208 3856 241 3919 V,
264 3859 285 3910 1.
304 3854 444 3924 Apodosis
464 3856 493 3908 et
511 3853 593 3907 huius
611 3870 706 3906 versus
719 3855 748 3906 et
775 3857 839 3908 tura
858 3853 969 3922 saepius
989 3853 1065 3922 apud
1084 3852 1224 3922 Ignatium
1245 3851 1350 3905 inveni-

173 3943 318 4009 sequentis
332 3942 411 3997 deest
423 3943 466 3995 vel
485 3941 579 4011 potius
592 3940 748 4010 repetenda
775 3945 828 3994 tur.
875 3941 916 3995 cf.
937 3943 960 3999 6.
980 3943 1010 3997 2:
1041 3942 1086 4002 15;
1115 3938 1223 3992 Philad.
1252 3938 1351 4000 inscr.;

173 4034 269 4084 estex
295 4045 316 4082 c.
337 4031 360 4083 6.
387 4061 422 4069 —
449 4027 518 4086 ι”διον
545 4029 644 4099 τόπον]
673 4028 715 4082 cf.
736 3996 798 4093 ΙίΙ,
819 4031 849 4091 2;
868 4028 961 4097 Polyc.
977 4031 998 4090 1,
1013 4030 1037 4083 3.
1057 4061 1089 4070 -
1110 4048 1133 4083 τ.
1152 4025 1351 4084 ἐπισκόπου-

174 4113 259 4168 clem.
279 4118 303 4179 5,
321 4117 346 4168 ι.
367 4119 395 4177 τ;
420 4115 513 4184 Ροιγε.
533 4114 570 4168 τι
588 4114 659 4169 Phil.
679 4116 702 4171 9.
722 4117 745 4168 2.
760 4098 762 4221 γ
775 4115 855 4185 οεοῦ]
887 4115 927 4168 cf.
946 4116 973 4175 3.
995 4115 1023 4178 1;
1051 4115 1130 4169 Rom.
1149 4114 1177 4175 9,
1200 4115 1228 4173 1;
1256 4111 1351 4182 Polyc.

209 4202 307 4265 ‘Z—VI,
328 4207 349 4257 l.
369 4202 479 4273 Fragm.
500 4220 553 4271 syr.
574 4202 667 4257 Curet.
689 4202 798 4297 197,γ8,
819 4205 847 4259 3:
877 4203 962 4257 Clem.
985 4202 1066 4256 Hom.
1086 4200 1137 4257 111.
1161 4201 1208 4261 66;
1237 4199 1352 4256 Didasc.

173 4290 224 4344 232
243 4287 281 4357 (οί
299 4286 408 4347 ἄπιστοι
425 4292 495 4358 κτλ.)
513 4321 548 4328 -
565 4294 659 4347 πιστοὶ
676 4289 746 4360 κτλ]
759 4289 818 4357 γτολ
834 4290 953 4344 (λοιμοῖο
968 4293 1059 4358 apost.
1073 4288 1105 4351 ΙΙ,
1120 4288 1161 4341 26.
1181 4287 1251 4349 Vox.
1266 4304 1354 4354 quam
