2834 5018
458 692 527 748 SIM.
545 692 591 757 IX,
611 691 774 757 aas-x,
794 692 818 756 2,
837 694 862 746 4.
1171 697 1233 761 635

53 873 109 938 ille
139 874 207 956 ipse
239 874 318 938 vidit
349 896 402 940 eos
436 871 539 959 [locus
570 871 752 958 corruptus]
785 877 817 937 et
846 873 982 938 correxit
1011 893 1080 949 eos,
1113 893 1152 936 ue
1175 893 1233 954 ap·

53 981 210 1061 parerent.

523 1150 702 1216 Similitudo
726 1150 766 1215 X.

145 1285 179 1353 l.
203 1290 247 1354 Et
269 1296 438 1375 postquam
460 1291 538 1356 haec
560 1291 673 1374 scripsi
695 1290 728 1354 in
751 1290 848 1368 libro,
879 1289 933 1353 ille
956 1289 1011 1371 qui
1040 1288 1161 1372 pastori
1184 1311 1234 1353 me

53 1394 227 1458 tradiderat
251 1394 384 1479 angelus
407 1396 493 1460 venit
516 1396 659 1473 domum,
693 1395 747 1459 ubi
771 1417 856 1459 eram
886 1394 997 1458 sedens
1025 1394 1059 1457 in
1080 1393 1178 1468 lecto,
1203 1397 1261 1458 ets

54 1498 179 1563 adstitit
201 1520 220 1561 a
243 1499 354 1563 dextra
376 1498 443 1563 eius
466 1498 520 1562 ille
550 1503 667 1581 pastor.
714 1499 757 1562 ,ut
779 1499 904 1563 vocavit
926 1520 976 1563 me
999 1502 1031 1562 et
1053 1498 1133 1562 dixit
1155 1497 1235 1561 mihi

52 1602 115 1666 hoc
138 1603 284 1667 verbum:
319 1603 348 1665 2.
373 1602 455 1667 Dedi
477 1605 509 1665 te
532 1602 669 1684 pastori,
704 1607 740 1666 ut
763 1603 922 1668 custodiat
944 1608 976 1666 et
998 1607 1031 1666 te
1054 1606 1086 1667 et
1108 1603 1235 1666 domurn

52 1711 151 1770 tuam.
197 1706 241 1770 Et
263 1707 328 1771 dixi
350 1706 395 1770 ei:
426 1704 485 1781 Ita,
510 1704 642 1768 domine.
688 1705 732 1770 Et
755 1705 834 1769 dixit
855 1707 950 1771 mihi:
983 1706 1017 1772 Si
1039 1706 1086 1770 vis
1109 1728 1181 1770 eum
1203 1710 1235 1770 te

53 1810 212 1875 custodire
235 1811 276 1875 ab
300 1809 471 1874 afflictione
494 1812 527 1872 et
549 1810 589 1873 ab
613 1809 700 1873 omni
721 1809 822 1886 malo,
853 1815 938 1876 recte
962 1811 1062 1896 dirige
1096 1811 1235 1875 animum

53 1921 145 1980 tuum
166 1915 200 1978 in
228 1915 314 1978 omni
336 1935 431 1998 opere
459 1914 542 1978 bono
570 1914 656 1977 etin
685 1914 771 1979 omni
801 1915 896 1979 verbo
925 1916 1065 1980 iustitiae
1095 1916 1179 1980 bono
1203 1921 1235 1980 et
1250 1936 1273 1972 ιο

54 2019 183 2085 ambula
205 2020 238 2083 iu
261 2019 419 2084 mandatis
435 2019 510 2095 eius,
535 2018 786 2102 quaemandavi,
811 2023 843 2082 et
863 2020 983 2103 poteris
1005 2020 1143 2084 invenire
1165 2042 1234 2085 orn·

53 2146 126 2188 nem
157 2124 320 2188 iustitiam.
367 2124 397 2186 3.
427 2121 471 2186 Et
501 2122 528 2186 si
558 2123 772 2186 observaveris
802 2124 953 2188 mandata
983 2124 1066 2201 eius,
1101 2125 1234 2190 subicies

54 2249 179 2293 omnem
209 2227 496 2312 concupiscentiam
519 2229 551 2290 et
577 2248 669 2291 omne
692 2226 842 2291 delictum
872 2227 966 2291 huius
988 2229 1097 2292 mundi
1119 2233 1151 2292 et
1174 2230 1234 2293 eris

55 2333 215 2417 perfectus
237 2334 270 2396 in
292 2333 378 2397 omni
400 2353 495 2415 opere
509 2332 602 2396 bono.
648 2331 693 2395 Et
716 2331 859 2416 glorifica
874 2333 1146 2397 mansuetudinem
1168 2334 1235 2398 eius

54 2444 87 2502 et
103 2438 258 2502 iustitiam
280 2442 312 2501 et
327 2438 378 2501 dio
399 2436 555 2513 omnibus,
572 2435 708 2520 gloriam
730 2441 762 2500 et
777 2436 1045 2521 magnificentiam
1067 2459 1135 2501 esse
1151 2437 1235 2520 apud
1251 2455 1274 2492 1⁶

53 2543 227 2618 dominum,
252 2545 284 2604 et
306 2561 377 2603 eum
399 2561 551 2625 magnam
573 2541 637 2604 vim
659 2546 692 2605 et
713 2544 905 2624 potestatem
927 2540 1044 2605 habere
1066 2562 1125 2606 nec
1147 2541 1235 2624 quic-

55 2668 155 2730 quam
177 2645 206 2709 ei
228 2642 424 2728 impossibile
448 2664 516 2706 esse
539 2643 572 2706 in
594 2643 681 2706 omni
703 2665 798 2726 opere
815 2644 882 2708 eius
905 2645 937 2709 in
960 2650 1028 2709 toto
1044 2645 1169 2709 mundo.
1194 2646 1237 2709 Et

55 2750 130 2814 huic
152 2748 213 2813 soli
235 2749 309 2812 data
332 2751 381 2811 est
402 2751 545 2831 potestas
568 2749 792 2831 paenitentiae.
836 2751 881 2815 Et
901 2750 990 2827 scito,
1014 2750 1096 2814 nihil
1118 2751 1146 2815 ei
1169 2772 1237 2815 esse

53 2853 260 2938 impossibile.
307 2853 374 2917 Vos
406 2856 511 2917 autem
534 2852 673 2918 ludibrio
702 2853 827 2918 habetis
859 2855 1131 2920 mansuetudinem
1160 2855 1235 2931 eius,

56 2959 132 3041 quia
154 2961 313 3021 reveretur
335 2978 400 3021 vos.
1251 2980 1275 3017 a

145 3056 181 3125 2.
205 3061 249 3125 Et
271 3062 335 3125 dixi
357 3061 402 3125 ei:
426 3060 476 3124 Ex
499 3081 561 3143 quo
583 3059 715 3124 intravit
737 3060 770 3124 in
793 3062 921 3125 domum
942 3082 1056 3137 meam,
1081 3084 1161 3125 anne
1177 3062 1237 3125 ali·

54 3167 134 3250 quid
155 3166 232 3230 mali
255 3165 317 3229 feci
339 3164 403 3242 illi,
435 3185 497 3249 quo
521 3164 550 3228 ei
573 3164 804 3249 aegritudinem
835 3165 1004 3229 afferrem?
1038 3166 1068 3228 2.
1091 3165 1136 3229 Et
1159 3165 1238 3229 dixit

56 3270 150 3334 mihi:
186 3269 281 3344 Scito,
305 3271 332 3333 si
356 3270 431 3353 quid
453 3268 530 3333 mali
553 3268 680 3344 feceris,
704 3291 744 3333 ne
766 3269 866 3334 facias
889 3269 921 3331 id
945 3267 1100 3351 amplius!
1136 3268 1237 3352 Prop-

55 3379 143 3439 terea
166 3375 231 3438 dixi
253 3375 313 3440 tibi
336 3374 396 3438 hoc
419 3372 565 3447 verbum,
597 3377 633 3435 ut
655 3373 779 3456 patiens
802 3373 854 3437 sis.
902 3372 945 3436 Et
967 3372 1021 3436 ille
1044 3371 1122 3436 mihi
1145 3373 1183 3437 de
1204 3377 1237 3436 te

55 3479 181 3543 locutus
210 3485 267 3544 est.
314 3479 364 3543 Tu
395 3483 501 3542 autem
523 3476 620 3540 verba
650 3476 772 3559 reliqua
794 3476 922 3552 nuntia,
953 3480 989 3540 ut
1011 3477 1108 3541 etiam
1131 3477 1234 3553 ceteri,
1250 3501 1275 3539 11

56 3584 112 3668 qui
134 3584 361 3667 paenitentiam
384 3585 517 3667 egerunt
551 3584 583 3644 et
606 3581 660 3664 qui
683 3579 784 3644 acturi
807 3584 894 3657 sunt,
924 3580 1007 3644 idem
1030 3581 1170 3664 cogitent
1193 3581 1236 3644 si-

55 3692 181 3764 cuttu,
215 3689 324 3753 eodem
354 3688 464 3762 modo,
498 3689 618 3770 quotu
640 3684 718 3748 mihi
740 3683 866 3748 locutus
888 3706 940 3762 es,
973 3690 1005 3750 et
1029 3706 1089 3770 ego
1112 3705 1237 3768 quoque

56 3792 170 3874 loquar
199 3792 334 3856 domino.
380 3793 409 3855 3.
434 3790 478 3854 Et
500 3789 565 3854 dixi
588 3789 632 3853 ei:
666 3787 842 3866 Assentior,
868 3789 1002 3854 domine.
1049 3787 1138 3853 Sicut
1160 3789 1236 3852 edo·

55 3897 150 3961 cuisti
173 3918 239 3972 me,
271 3897 407 3961 edocebo
439 3894 600 3980 magnalia
624 3893 741 3957 domini
772 3915 880 3958 omnes
907 3894 1060 3958 homines.
1107 3890 1237 3956 Confido

56 4005 172 4077 autem,
196 4022 314 4078 omnes,
340 4000 393 4084 qui
416 4000 619 4076 audiverunt,
645 3999 700 4081 qui
723 4001 817 4063 antea
840 3999 1047 4074 crediderunt,
1071 3998 1237 4081 paeniten-
1252 4021 1277 4059 ao

55 4105 135 4169 tiam
158 4112 284 4170 acturos
314 4126 382 4169 esse
405 4105 578 4188 gaudentes
600 4107 632 4167 et
654 4104 742 4167 vivos
769 4103 893 4167 futuros
916 4124 993 4167 esse.
1040 4103 1069 4166 4.
1093 4101 1137 4165 Et
1160 4102 1239 4166 dixit

55 4209 151 4274 mihi:
184 4210 338 4273 Permane
367 4208 466 4291 igitur
494 4208 527 4272 in
558 4208 619 4272 hac
649 4207 841 4291 cogitatione
873 4211 904 4271 et
926 4206 1041 4291 perfice
1071 4226 1149 4269 eam.
1196 4205 1239 4268 Et

87 4380 119 4444 X,
133 4381 154 4444 1,
168 4381 189 4433 l.
204 4380 433 4448 perscripseram]
446 4377 485 4432 cf.
497 4378 554 4432 Vis.
564 4379 598 4440 V.
609 4380 632 4432 5.
648 4382 650 4429 1
698 4380 721 4433 3.
741 4378 944 4448 maturitatem]
958 4399 992 4424 =
1005 4381 1055 4446 τὴν
1072 4376 1235 4446 σεμνότητα.

55 4469 81 4523 6.
101 4498 136 4506 -
162 4466 277 4519 nuntius
304 4465 352 4519 ille
381 4465 444 4535 etc]
475 4464 562 4519 Filius
581 4464 697 4543 Deii-
715 4463 808 4534 huius]
827 4481 863 4517 sc.
882 4463 1005 4532 pastoris
1022 4462 1075 4517 tui.

56 4557 210 4624 ipsenunc
232 4550 651 4622 1111111111111111ς111111.ἰ
698 4552 729 4613 2,
749 4552 773 4605 2.
801 4550 955 4620 dominum]
982 4550 1001 4603 i.
1020 4565 1044 4603 e.
1072 4549 1163 4603 Deum
1189 4564 1237 4617 pa·

57 4642 90 4705 V,
109 4642 133 4695 2.
648 4640 749 4700 :trem
767 4636 842 4690 filius
860 4635 914 4690 Dei
932 4638 1007 4690 enim
1024 4636 1159 4704 loquitur.
