2834 5018
87 870 258 935 Peccatum
282 893 357 936 sans
386 875 449 948 est,
473 872 591 956 inquit,
622 873 803 955 etquidem
832 894 992 957 magnum.
1038 873 1144 938 Iustus
1175 873 1260 937 enim

84 977 133 1039 vir
155 977 240 1041 iusta
263 978 394 1061 cogitat.
441 973 520 1039 Cum
543 977 626 1040 enim
647 976 733 1040 iusta
754 978 886 1061 cogitet,
911 977 1014 1063 gloria
1036 978 1103 1041 eius
1126 977 1260 1062 erigitur

85 1080 236 1145 incaelis
260 1086 293 1145 et
320 1081 494 1164 propitium
524 1080 621 1145 habet
653 1082 812 1146 dominum
841 1083 872 1146 in
904 1081 989 1145 omni
1019 1081 1151 1166 negotio
1183 1103 1256 1157 suo;

88 1185 143 1268 qui
165 1190 272 1249 autem
293 1186 404 1269 iniqua
426 1184 568 1268 cogitant
590 1184 623 1247 in
646 1185 791 1251 cordibus
815 1187 889 1263 suis,
913 1190 1047 1249 mortem
1069 1191 1100 1249 et
1123 1187 1257 1269 captivi-

86 1292 186 1352 tatem
208 1287 270 1352 sibi
294 1289 479 1373 adquirunt,
510 1289 646 1352 maxime
670 1290 723 1372 qui
745 1289 806 1354 hoc
828 1290 988 1354 saeculum
1015 1289 1075 1354 sibi
1097 1290 1284 1355 vindicanti

84 1397 116 1456 et
145 1393 322 1477 gloriantur
355 1395 388 1458 in
422 1394 537 1458 divitiis
569 1393 634 1457 suis
667 1415 769 1476 neque
802 1399 988 1477 exspectant
1020 1396 1106 1459 bona
1137 1393 1256 1458 futura.

85 1498 115 1559 9.
143 1497 322 1562 Paenitebit
351 1498 471 1563 animas
496 1519 621 1573 eorum,
654 1498 708 1580 qui
731 1520 820 1582 spem
847 1519 912 1563 non
938 1498 1072 1576 habent,
1104 1499 1158 1562 sed
1189 1520 1257 1562 sese

88 1601 320 1684 desponderunt
348 1609 381 1667 et
411 1604 510 1666 vitam
539 1603 692 1686 ipsorum.
739 1602 788 1666 Tu
810 1607 917 1666 autem
939 1625 995 1668 ora
1024 1605 1064 1668 ad
1086 1603 1255 1680 dominum,

87 1710 120 1768 et
143 1709 277 1770 sanabit
293 1717 433 1789 peccata
456 1717 514 1771 tuo
536 1713 569 1771 et
597 1709 695 1772 totius
718 1709 828 1773 domus
850 1713 922 1772 tuae
947 1714 979 1772 et
1001 1709 1141 1772 omnium
1164 1730 1256 1773 sanc·

80 1815 195 1874 torum.
1270 1838 1296 1876 ιο

171 1911 207 1979 2.
232 1916 408 2000 Postquam
430 1916 536 1981 locuta
559 1922 607 1981 est
629 1918 707 1982 haec
729 1919 839 1995 verba,
876 1918 976 1982 clausi
998 1921 1074 1981 sunt
1102 1917 1196 1992 caeli,
1224 1920 1257 1980 et

84 2040 143 2102 ego
165 2024 252 2084 totus
275 2043 361 2085 eram
390 2021 611 2086 exhorrescens
635 2045 672 2086 ac
700 2023 809 2087 tristis.
856 2023 1010 2087 Dicebam
1039 2026 1145 2085 autem
1171 2022 1256 2085 intra

84 2144 134 2186 me
158 2125 280 2208 ipsum:
315 2125 348 2189 Si
371 2125 431 2189 hoc
452 2133 619 2210 peccatum
641 2128 720 2191 mihi
743 2127 940 2202 adscribitur,
965 2126 1122 2209 quomodo
1144 2130 1254 2209 potero

81 2227 206 2305 salvari,
232 2235 287 2294 aut
310 2231 466 2314 quomodo
490 2232 582 2295 deum
603 2232 785 2316 propitiabo
808 2234 849 2296 ob
865 2234 995 2315 peccata
1017 2252 1088 2294 mea
1102 2230 1253 2313 perfecta,

79 2337 136 2395 aut
152 2333 265 2415 quibus
282 2336 385 2399 verbis
400 2335 521 2417 rogabo
537 2336 706 2412 dominum,
719 2339 755 2398 ut
770 2335 928 2419 propitius
943 2335 985 2399 sit
999 2335 1100 2399 mihi?
1124 2335 1153 2396 2.
1168 2333 1254 2409 Quae
1269 2361 1294 2400 rs

82 2436 157 2499 dum
180 2438 320 2522 recogito
343 2461 380 2503 ac
404 2439 529 2521 disputo
553 2439 585 2503 in
608 2441 699 2504 corde
721 2461 807 2516 meo,
832 2440 922 2503 video
945 2461 1051 2503 coram
1073 2460 1124 2501 me
1146 2438 1253 2502 cathe-

81 2540 171 2604 dram
194 2544 359 2608 candidam
382 2544 419 2607 de
442 2542 524 2607 lanis
539 2545 637 2608 niveis
660 2544 779 2609 factam
794 2564 959 2628 magnam3
984 2549 1016 2608 et
1037 2544 1123 2607 venit
1140 2542 1255 2607 mulier

80 2668 160 2708 anus
182 2646 215 2709 in
237 2652 324 2712 veste
347 2649 609 2732 splendidissima,
632 2648 752 2714 habens
774 2648 891 2712 librum
913 2648 946 2711 in
969 2648 1123 2724 manibus,
1148 2668 1184 2711 uc
1203 2668 1253 2710 se·

79 2750 127 2812 dit
149 2750 218 2813 sola
233 2757 265 2814 et
288 2752 407 2816 salutat
423 2775 488 2817 me:
513 2753 641 2829 Herma,
658 2775 723 2817 ave.
770 2753 814 2817 Et
837 2774 897 2837 ego
914 2756 1052 2816 maestus
1075 2757 1107 2817 et
1125 2751 1254 2836 plorans

78 2854 161 2917 dixi:
197 2854 344 2931 Domina,
371 2879 436 2920 ave.
483 2859 511 2922 3.
535 2859 579 2922 Et
602 2859 683 2923 dixit
705 2858 797 2922 mihi:
833 2858 914 2934 Quid
935 2857 1035 2920 tristis
1058 2878 1100 2932 es,
1124 2856 1252 2933 Herma,
1268 2879 1293 2917 ao

76 2958 269 3042 longanimis
293 2965 325 3022 et
347 2961 413 3023 sine
439 2961 611 3040 iracundia,
635 2984 759 3045 semper
781 2963 898 3038 ridens,
927 2961 1002 3044 quid
1025 2961 1070 3025 sic
1097 2961 1198 3024 tristis
1221 2982 1254 3024 es

73 3063 166 3126 vultu
189 3068 222 3126 et
244 3086 306 3127 non
330 3064 461 3129 hilaris?
494 3067 538 3130 Et
561 3088 620 3151 ego
644 3068 708 3131 dixi
731 3068 774 3131 ei:
815 3066 950 3149 Propter
978 3064 1141 3128 mulierem
1168 3065 1253 3148 opti·

148 3216 180 3271 10
197 3215 280 3269 Deut.
300 3216 341 3281 30,
361 3217 396 3270 30
415 3218 450 3270 cf.
470 3217 519 3271 ler.
539 3219 562 3282 3,
583 3221 624 3273 3⁶2.

72 3341 97 3402 4,
117 3339 133 3390 2
152 3340 209 3391 not.
678 3338 766 3407 4,16)
794 3341 822 3392 et
850 3353 1006 3391 sermonem
1031 3337 1253 3407 pronuntiabant

111 3428 137 3492 2,
154 3429 175 3479 1.
196 3426 318 3495 τελείων]
330 3424 582 3494 concupiscentiae
593 3443 649 3479 ma·
678 3442 888 3491 nonnumquam
913 3441 1027 3495 gravem
1046 3425 1154 3492 (loann.
1173 3426 1196 3489 7,
1210 3427 1251 3481 37.

72 3515 119 3566 lue
139 3516 238 3567 auctor
250 3512 368 3582 opponit
387 3516 505 3582 peccata
524 3513 554 3566 in
566 3529 650 3582 opero
678 3514 738 3567 Act.
760 3514 799 3575 13,
815 3512 861 3574 16;
882 3512 921 3575 17,
935 3512 988 3581 22),
1008 3512 1138 3566 sedenter
1157 3516 1251 3566 autem

75 3600 211 3669 perfectu.
248 3600 338 3655 Aliter
356 3600 438 3654 Barn.
452 3600 475 3663 8,
491 3603 513 3655 l.
531 3632 566 3640 -
584 3598 649 3673 ἐρω-
677 3598 817 3653 docebant
829 3599 942 3668 (Matth.
955 3600 979 3661 5,
996 3601 1025 3661 l;
1047 3600 1086 3662 13,
1102 3602 1130 3660 1;
1151 3600 1190 3662 15,
1204 3600 1251 3662 29;

72 3688 158 3759 triow]
183 3687 261 3740 Haec
281 3706 335 3741 vox
353 3687 383 3740 in
400 3689 517 3742 Pastore
541 3706 651 3759 sempor
677 3688 719 3751 23,
739 3689 764 3741 2.
783 3688 815 3749 6;
833 3686 875 3748 26,
894 3688 935 3739 55.
964 3686 1028 3739 Luc.
1047 3688 1071 3748 4,
1091 3686 1132 3739 20.
1156 3688 1251 3740 lounn.

72 3776 191 3828 denotat
211 3793 304 3844 roporc
322 3777 369 3845 (of.
382 3774 440 3829 Vis.
459 3775 492 3839 ll,
513 3776 536 3835 2,
555 3780 582 3838 1;
601 3776 648 3839 ΠΙ,
677 3773 701 3836 8,
721 3773 744 3826 2.
763 3774 825 3828 Act.
848 3773 886 3831 16.
906 3775 930 3828 3.
951 3772 1015 3827 llus.
1046 3774 1078 3826 ll
1099 3772 1129 3827 E.
1157 3772 1190 3837 V,
1209 3773 1250 3837 20,

74 3862 240 3924 1,3;2,3;
269 3862 334 3915 Sim·
354 3863 387 3927 V,
406 3864 431 3926 4,
450 3865 487 3929 5),
506 3862 649 3936 ἐπερωτᾶν
677 3865 712 3933 5).
738 3864 780 3918 Cf.
799 3862 831 3917 G.
851 3863 881 3918 G.
903 3863 934 3916 A.
956 3861 1022 3916 1878
1040 3881 1067 3931 p.
1085 3861 1126 3914 59.
1154 3859 1251 3926 Neque

72 3952 169 4003 autem
187 3951 353 4019 iuterropcre
370 3951 418 4019 (cf.
432 3949 489 4003 Vis.
508 3950 554 4012 111,
574 3953 597 4015 3,
617 3953 648 4013 5;
677 3954 771 4005 tumen
789 3948 1072 4019 praetermittendum
1086 3952 1136 4009 est,
1155 3965 1250 4001 secun·

71 4037 166 4090 Mund.
185 4037 230 4097 XI,
250 4038 274 4088 2.
294 4039 317 4091 3.
337 4038 361 4090 6.
382 4038 411 4098 8;
439 4037 505 4090 Sim.
524 4037 560 4099 V,
579 4039 604 4099 4,
623 4041 647 4092 2.
676 4038 742 4091 dum
759 4036 904 4090 Visionom
916 4035 963 4100 ΙΙΙ,
979 4038 1048 4099 ll,4
1066 4053 1149 4089 unum
1169 4052 1250 4105 prop·

71 4127 117 4190 5.).
155 4122 217 4177 Uno
236 4125 299 4178 loco
313 4127 432 4190 tuntum,
452 4125 572 4179 silectio
591 4140 648 4178 rec·
676 4127 719 4177 ter
745 4123 938 4177 infirmitatem
968 4123 1080 4175 sedisse.
1108 4153 1142 4160 -
1168 4120 1250 4192 μόνη]

70 4215 102 4265 tu
128 4215 183 4273 est,
214 4228 250 4264 sc.
271 4211 336 4264 Sim.
356 4210 402 4274 IX,
423 4214 468 4274 11,
487 4212 511 4275 8,
541 4211 649 4286 ἐρωτᾶν
676 4207 1250 4271 te.Henatononsedir.vis.111,1‚8

71 4299 239 4352 vertendum
259 4315 319 4352 esse
344 4298 457 4353 videtur
474 4302 646 4368 interrepere.
676 4302 770 4352 sutem
795 4297 855 4367 ipse
874 4312 987 4362 quoque
1013 4295 1109 4350 sedere
1128 4295 1249 4349 iubetur.

70 4386 114 4439 cf.
134 4386 210 4439 Zahn
230 4388 246 4441 l.
267 4405 288 4440 c.
308 4405 336 4456 p.
354 4386 414 4440 488.
710 4386 734 4438 3.
753 4383 769 4441 ὁ
786 4384 1052 4455 μακρόθυμοςκτλ]
1071 4384 1189 4436 Hermas
1203 4382 1249 4435 hic

105 4475 129 4527 2.
158 4474 310 4546 καθέδραν]
339 4474 380 4528 cf.
406 4472 646 4536 Vis.111‚10‚3;
676 4476 704 4527 ct
722 4491 747 4528 v.
765 4473 784 4524 4
802 4475 831 4524 ct
849 4470 907 4525 Vis.
926 4470 960 4535 11,
979 4473 1033 4535 3,2
1051 4470 1105 4523 sibi
1122 4469 1249 4540 ipsilau·

70 4561 167 4616 Mand.
187 4561 270 4624 xl,1
298 4565 350 4614 etc.
388 4560 502 4614 stantes
534 4557 648 4625 quidem
676 4558 724 4612 des
749 4557 857 4613 tribuit.
893 4555 985 4613 Aliter
1006 4556 1133 4626 loquitur
1150 4556 1208 4611 Vis.
1227 4556 1248 4622 1,

73 4654 184 4703 veteres
197 4649 222 4702 S.
237 4647 412 4717 Scriptorum
424 4646 560 4717 legebant
571 4645 646 4715 (Luc.
659 4600 663 4705 i
674 4646 698 4710 3,
720 4648 748 4708 1;
766 4644 813 4709 111,
831 4647 856 4707 4,
875 4645 900 4700 3.

965 4734 1038 4800 27*
