2834 5018
176 254 239 318 600
611 241 764 297 HERMAE
782 241 927 296 PASTOR

175 428 222 505 εἰς
245 425 308 507 τὴν
337 421 515 507 βασιλείαν
536 428 597 486 τοῦ
626 419 712 485 θεοῦ
742 418 841 493 ούδείς
873 417 1132 497 εἰσελεύσεται,
1167 417 1199 482 εἰ
1223 421 1270 503 μὴ
1301 418 1375 502 λάβοι

175 530 210 592 τδ
234 531 332 610 ὄνομα
360 536 415 590 τοῦ
438 527 505 589 υἱοῦ
533 527 639 589 αὐτοῦ.
686 527 714 590 5.
740 523 794 586 ἐὰν
816 525 878 607 γὰρ
906 523 950 597 εἰς
972 523 1070 586 πόλιν
1105 524 1265 609 θελήσῃς
1293 524 1375 588 εἰσελ-

176 637 246 699 θεῖν
269 635 337 696 τινὰ
368 632 500 716 κάκείνη
522 631 543 714 ἡ
565 629 654 706 πόλις
676 626 958 711 περιτετειχισμένη
989 628 1110 712 κύκλῳ
1136 631 1200 692 καί
1226 630 1303 713 μίαν
1323 631 1374 711 ἔχε

175 736 285 821 πύλην,
310 736 381 820 μήτι
404 736 479 820 δύνῃ
508 736 551 811 εἰς
573 738 628 818 την
650 733 740 797 πόλιν
768 733 889 817 έκείνην
912 732 1076 799 εἰσελθεῖν
1112 735 1143 798 εἰ
1169 737 1219 819 μὴ
1247 736 1314 823 [διὰ
1333 745 1373 816 της

150 840 291 927 οπύλης]
316 839 352 925 ης
376 842 458 923 ἔχει;
490 838 562 915 Πῶς
585 838 662 923 γάρ,
687 837 782 922 φημί,
805 838 912 919 κύριε,
936 837 1070 901 δύναται
1098 839 1239 919 ἄλλως
1275 839 1313 904 Εἰ
1331 837 1372 902 οὖν

177 946 219 1021 εἰς
242 948 298 1028 τἠν
321 944 464 1008 πόλινού
487 945 562 1027 δύνῃ
577 943 733 1010 εἰσελθεῖν
756 943 783 1006 εἰ
806 944 848 1025 μὴ
864 943 914 1005 διὰ
937 952 992 1025 της
1014 941 1125 1027 πύλης
1152 947 1274 1030 αὐτῆς,
1297 948 1372 1017 σύτο

178 1049 263 1134 φησί,
286 1051 339 1112 καί
363 1053 410 1130 εἰς
433 1052 496 1133 τὴν
518 1049 696 1133 βασιλείαν
719 1056 779 1113 τοῦ
801 1047 887 1113 θεοῦ
915 1046 1021 1123 ἄλλος
1045 1048 1243 1115 εἰσελθεῖν
1268 1053 1308 1116 ού
1328 1050 1371 1113 δύ

176 1176 276 1218 ναιαι
299 1156 466 1235 ἄνθρωπος
487 1154 513 1216 εἰ
537 1156 579 1236 μὴ
602 1154 653 1216 διὰ
676 1162 730 1215 τοῦ
749 1152 900 1235 ὀνόματος
922 1162 977 1215 τοῦ
1001 1153 1074 1215 υἱοῦ
1092 1155 1204 1218 αὐτοῦ
1231 1166 1289 1219 τοῦ
1310 1156 1372 1238 ἠγα-

177 1257 315 1341 πημένου
338 1257 391 1321 ὑπ’
414 1260 520 1323 αὐτοῦ.
567 1259 596 1322 6.
620 1255 721 1336 Εἶδες,
745 1256 839 1341 φησί,
862 1257 914 1319 τὸν
937 1255 1035 1339 ὄχλον
1060 1259 1121 1321 τὸν
1148 1260 1371 1343 οἰκοδομοῦσι

139 1380 164 1417 ιο
177 1363 230 1423 τὸν
252 1361 386 1444 πύργον;
416 1359 526 1440 Εἰδον,
550 1360 642 1445 φημί,
665 1361 761 1443 κύριε.
808 1359 952 1439 Ἐκεῖνοι,
975 1361 1076 1446 φησί,
1103 1364 1234 1440 πάντες
1259 1363 1372 1449 ἄγγελοι

177 1464 295 1542 ἔνδοξοί
318 1468 392 1531 εἰσι·
422 1469 540 1543 τούτοις
564 1464 618 1530 σύν
650 1464 944 1549 περιτετείχισταιδ
975 1465 1097 1547 κύριος.
1148 1468 1174 1552 ἡ
1200 1469 1239 1532 δὲ
1263 1469 1372 1552 πύληὸ

178 1570 242 1645 υἱὸς
264 1580 319 1633 τοῦ
343 1574 421 1637 θεοῦ
434 1571 533 1635 ἐστίν·
559 1574 637 1655 αύτη
662 1572 718 1654 μία
733 1571 852 1646 εἰσοδύς
874 1570 938 1633 ἐστι
954 1572 1030 1652 πρὸς
1045 1572 1106 1635 τὸν
1123 1573 1257 1655 κύριον.
1283 1575 1373 1648 ἄλλος

177 1671 232 1737 ούν
255 1676 354 1752 οὐδεὶς
386 1676 593 1740 εἰσελεύσεται
625 1678 701 1758 πρὸς
733 1677 826 1739 αὐτὸν
858 1676 885 1739 εἰ
915 1677 957 1758 μὴ
981 1675 1032 1738 διὰ
1072 1686 1133 1740 τοῦ
1167 1679 1245 1743 υἱοῦ
1280 1681 1372 1743 αὐτοῦ.

180 1781 208 1844 7.
232 1778 332 1860 Εἰδες,
358 1780 443 1865 φησί,
466 1785 537 1856 τοὺς
560 1780 593 1858 ἓξ
616 1781 730 1863 ἄνδρας
752 1783 805 1843 καί
829 1783 881 1844 τὸν
905 1779 999 1863 μέσον
1023 1782 1137 1846 αὐτῶν
1161 1785 1310 1863 ἔνδοξον
1330 1785 1372 1846 κιί

140 1901 165 1937 ¹⁵
178 1884 277 1969 μέγαν
300 1887 396 1968 ἄνδρα
419 1888 472 1949 τὸν
500 1896 728 1968 περιπατοῦντα
757 1887 825 1968 περὶ
849 1888 901 1949 τὸν
923 1886 1041 1969 πύργον
1079 1889 1140 1950 καί
1169 1893 1252 1966 τοὺς
1276 1890 1374 1962 λ’θονε

178 1989 454 2073 ἀποδοκιμάσαντα
484 1990 521 2053 ἐκ
550 2001 604 2074 της
635 1991 818 2075 οἰκοδομῆς,
856 1989 968 2069 Εἰδον,
998 1991 1099 2074 φημί,
1131 1993 1246 2077 κύριε.
1293 1999 1323 2062 8.
1344 1992 1373 2055 Ὁ

178 2092 310 2173 ἔνδοξος,
335 2094 437 2178 φησίν,
461 2097 538 2178 ἀνὴρ
561 2095 578 2156 ὁ
601 2094 665 2169 υἰδς
688 2104 743 2157 τοῦ
766 2097 845 2160 θεοῦ
869 2093 949 2173 ἐστί,
981 2095 1130 2159 κάκεῖνοι
1167 2100 1201 2162 οἰ
1228 2100 1315 2178 ἓξοί
1335 2100 1373 2162 ἓν

178 2196 261 2273 δοξοι
285 2198 413 2281 ἄγγελοί
435 2200 493 2262 εἰσι
516 2197 602 2275 δεξιὰ
625 2200 677 2262 καί
702 2197 846 2282 εὐώνυμα
870 2207 1124 2281 συγκρατοῦντες
1151 2205 1270 2271 αὐτόν.
1317 2203 1374 2266 τού-

179 2323 251 2381 των,
276 2303 368 2386 φησί,
402 2314 464 2368 τῶν
487 2303 631 2387 ἀγγέλων
662 2312 724 2367 τῶν
752 2303 884 2380 ἐνδόξων
916 2303 1015 2378 οὐδεὶς
1043 2303 1279 2373 εἰσελεύσεται
1310 2311 1374 2391 πρὶς

140 2423 165 2460 2⁰
180 2408 232 2470 τὸν
256 2409 332 2471 θεὸν
356 2410 429 2489 ἄτερ
453 2411 567 2472 αὐτοῦ·
592 2410 625 2483 ὃς
648 2410 686 2470 ἂν
709 2410 744 2470 τὸ
767 2410 866 2490 ὄνομα
888 2409 983 2471 αὐτοῦ
1007 2410 1049 2491 μὴ
1074 2408 1180 2496 λοὶβῃ,
1209 2418 1278 2480 οὐκ
1299 2417 1373 2480 εἰσε-

179 2511 334 2576 λεύσεται
356 2515 403 2593 εἰς
426 2517 489 2598 τὴν
511 2514 688 2598 βασιλείαν
711 2521 771 2577 τοῦ
793 2512 888 2578 θεοῦ.

269 2613 330 2681 13.
353 2615 390 2679 Ὁ
413 2619 448 2681 δέ
469 2618 594 2702 πύργος,
619 2617 706 2701 φημί,
730 2617 775 2693 τίς
798 2618 900 2698 ἐστιν;
932 2616 969 2680 Ὁ
992 2617 1126 2703 πύργος,
1153 2625 1272 2709 φησίν,
1296 2622 1373 2694 οὗτος

182 2719 232 2806 [ἡ]
258 2719 410 2806 ἐκκλησία
433 2722 526 2786 ἐστίν.
573 2727 602 2788 2.
626 2722 666 2785 Αἰ
689 2723 723 2785 δὲ
745 2722 898 2805 παρθένοι
921 2725 1012 2785 αύται
1034 2721 1120 2800 τίνες
1145 2727 1251 2806 εἰσίν;
1275 2727 1373 2804 Αύτπι,

181 2825 283 2909 φησίν,
307 2827 382 2909 ἅγια
404 2827 566 2909 πνεύματά
582 2828 657 2890 εἰσι·
680 2829 734 2890 καί
758 2827 863 2903 ἄλλως
879 2830 1047 2910 ἄνθρωπος
1071 2831 1112 2892 ού
1138 2831 1284 2898 δύναται
1299 2835 1373 2916 σύρε-

140 2939 166 2976 25
180 2931 276 3013 θῆναι
299 2930 342 3005 εἰς
364 2932 419 3012 τὴν
443 2931 602 3016 βασιλείαν
624 2941 679 2994 τοῦ
703 2934 796 3012 θεοῦ,
826 2932 881 2996 ἐὰν
904 2934 946 3015 μὴ
969 2930 1060 2995 αύται
1095 2934 1204 3001 αὐτὸν
1230 2939 1374 3003 ἐνδύουσι

180 3034 215 3094 τὸ
239 3033 354 3115 ἔνδυμα
377 3036 497 3097 αὐτῶν·
528 3035 582 3100 ἐὰν
604 3037 665 3119 γὰρ
688 3038 723 3099 τὸ
746 3039 844 3119 ὄνομα
866 3037 959 3119 μόνον
982 3035 1102 3121 λάβῃς,
1135 3041 1176 3102 τὸ
1205 3042 1246 3106 δὲ
1268 3045 1374 3124 ἔνδυμα

181 3138 265 3219 παρὰ
288 3138 405 3202 τούτων
436 3142 477 3222 μὴ
501 3140 613 3226 λάβῃς,
643 3141 732 3204 οὐδέν
755 3140 923 3224 ὠφελήσῃ·
954 3138 1138 3225 αὗταιγὰρ
1162 3145 1202 3207 αἰ
1227 3147 1374 3230 παρθένοι

180 3241 323 3324 δυνάμεις
352 3243 409 3305 εἰσί
439 3254 493 3306 τοῦ
523 3245 589 3308 υἰοῦ
619 3254 674 3308 τοῦ
704 3247 792 3310 θεοῦ.
839 3245 894 3307 ἐὰν
915 3246 951 3307 τὸ
974 3247 1075 3327 ὄνομα
1107 3260 1239 3334 φορῇς,
1271 3251 1374 3336 τηνδέ

180 3345 307 3429 δύναμιν
330 3351 371 3431 μὴ
403 3358 498 3432 φορῃς
521 3350 634 3430 αὐτοῦ,
665 3350 707 3425 εἰς
730 3350 830 3434 μάτην
860 3349 916 3433 ἔσῃ
939 3350 974 3411 τδ
998 3351 1101 3432 ὄνομα
1132 3355 1243 3421 αὐτοῦ
1268 3366 1373 3441 φορῶν.

140 3463 165 3499 ³⁰
180 3455 209 3516 θ.
245 3449 325 3526 Τοὺς
349 3452 383 3514 δὲ
413 3451 541 3533 λίθους,
566 3455 676 3539 φησίν,
710 3457 763 3531 οὓς
787 3452 865 3530 εἰδες
895 3453 1201 3540 ἀποβεβλημένους,
1239 3461 1374 3528 οὖτοιτο

248 3659 265 3710 2
283 3667 333 3714 τοῦ
351 3658 411 3715 οἱοῦ
428 3659 493 3713 LA:
507 3658 540 3716 τὸ
558 3655 638 3732 ἅγιον
657 3658 680 3713 G
696 3660 700 3730 Ι
716 3658 803 3716 αὐτοῦ
816 3659 884 3715 GA:
900 3659 945 3712 dei
963 3658 984 3711 L
1001 3659 1005 3729 Ι
1020 3660 1038 3713 4
1057 3661 1132 3735 δύνῃ
1147 3665 1241 3739 G(L¹)
1255 3689 1263 3724 :
1277 3667 1373 3740 poteris

179 3744 317 3814 L¹A14s5
335 3745 378 3801 διὰ
397 3759 444 3816 τῆς
462 3745 547 3816 πύλης
565 3746 612 3799 LA
625 3766 631 3798 :
644 3750 678 3814 >
697 3747 722 3802 G
747 3749 751 3816 Ι
776 3748 792 3800 5
811 3748 923 3804 δύναται
943 3745 1034 3815 (ἰι-Ι-
1047 3747 1114 3803 fieri
1133 3750 1187 3808 LA
1205 3756 1212 3827 Ι
1239 3758 1273 3813 11
1291 3757 1375 3830 κύριος

179 3830 226 3885 LA
238 3851 244 3884 :
257 3835 364 3901 κόσμος
377 3832 401 3888 G
416 3833 420 3902 Ι
439 3834 470 3887 15
488 3836 551 3905 περὶ
564 3832 635 3901 Lm)
650 3852 655 3885 :
668 3834 744 3907 παρὰ
758 3835 782 3888 G
799 3834 802 3905 Ι
819 3834 854 3888 20
871 3833 957 3891 αὐτοῦ
968 3833 1015 3887 LA
1029 3851 1036 3886 ι
1048 3844 1103 3892 τοῦ
1117 3844 1198 3898 θεοῦ
1212 3842 1241 3899 G
1258 3848 1263 3914 Ι
1278 3845 1313 3900 23
1324 3845 1376 3915 Ι>

179 3915 203 3970 G
219 3917 223 3986 Ι
240 3918 274 3971 24
291 3915 382 3987 ἄλλως
399 3916 560 3988 ΒΑείἰλλος
579 3921 603 3975 G
619 3922 623 3990 Ι
639 3921 672 3973 27
691 3919 822 3993 ὠφελήσῃ
841 3939 885 3976 em
904 3922 938 3976 οἰ.
958 3921 1018 3975 vis.
1040 3921 1077 3986 11,
1097 3926 1125 3989 2,
1147 3927 1374 4004 2ιώφελεῖςίἰν

179 4003 212 4057 28
231 4004 280 4062 ἐὰν
299 4007 322 4061 G
335 4025 341 4058 :
354 4007 389 4079 -Ι-
402 4024 469 4078 ergo
488 4007 587 4078 L²(L¹),
606 4010 635 4062 et
653 4011 677 4062 A
693 4008 698 4078 Ι
714 4008 747 4063 30
766 4001 843 4065 οὗτοι
861 4008 909 4062 LA
922 4027 928 4062 :
941 4008 1020 4066 αὐτοὶ
1040 4009 1066 4063 G

214 4194 239 4245 4.
258 4195 337 4268 λάβοι
356 4216 380 4251 τ.
408 4191 497 4264 ὄνομα
523 4197 593 4266 κτλ]
623 4197 641 4250 i.
662 4214 684 4251 ε.
702 4195 1055 4266 υἰείΙίιορίἰιοῖοοίοειίῖι
1096 4203 1376 4277 cf.e„1⁶‚3;17.4
