2834 5018
330 521 518 577 DOCTRINA
536 521 729 577 Dbonncrnr
747 521 1026 579 APOSTOLORUM.
1177 525 1269 590 XVII

92 701 163 784 quid
185 701 298 784 possit,
323 702 454 766 omnino
478 705 583 765 autem
606 702 645 765 ab
661 701 834 766 immolatis
849 701 1088 766 simulacrorum
1104 699 1267 763 abstineat

173 805 328 870 Sermone
361 805 547 890 baptismali
578 805 669 870 finito
700 811 810 871 auctor
841 828 867 869 c.
893 806 911 869 7
936 805 1080 889 exponit,
1113 801 1269 884 quomodo

90 911 263 993 baptismus
293 911 563 975 administrandus
594 911 645 975 sit.
693 912 814 976 Deinde
837 931 862 974 c.
885 911 904 974 8
927 910 965 973 de
987 907 1112 973 ieiuniis
1135 907 1269 982 disserit,

91 1020 121 1077 et
143 1016 331 1093 ostendens,
366 1014 554 1080 Christianis
585 1038 648 1081 non
677 1016 879 1081 ieiunandum
905 1036 973 1079 esse
995 1034 1096 1095 neque
1119 1012 1270 1075 orandum

90 1121 181 1183 modo
194 1119 446 1203 hypocritarum,
463 1121 518 1185 sed
534 1121 616 1185 sicut
625 1121 781 1186 Dominus
793 1120 941 1196 instituit,
957 1118 1130 1183 orationem
1142 1114 1271 1180 Domini

90 1227 248 1309 proponit,
275 1227 537 1304 animadvertens,
562 1231 610 1291 ter
631 1229 665 1292 in
688 1228 739 1292 die
761 1227 806 1290 sic
829 1225 982 1289 orandum
1004 1244 1082 1287 esse.
1126 1220 1271 1303 Denique

92 1352 116 1394 c.
133 1331 244 1395 9-10
268 1332 307 1395 de
322 1331 516 1396 eucharistia
535 1332 612 1415 agit,
638 1336 702 1396 tres
717 1330 878 1396 orationes
894 1328 1119 1393 eucharisticae
1133 1326 1269 1400 tradens,

93 1457 226 1518 quarum
259 1436 340 1501 duae
371 1437 521 1501 dicendae
551 1441 626 1501 sunt
657 1440 746 1507 ante,
782 1435 877 1500 tertia
906 1439 980 1518 post
1011 1429 1270 1504 communionem,

91 1561 285 1623 monensque
307 1541 489 1623 baptizatos
512 1545 636 1606 tantum
658 1561 767 1604 sacrae
791 1559 919 1603 mensae
940 1536 1113 1621 participes
1136 1554 1213 1597 esse.

178 1643 216 1708 In
239 1649 331 1728 parte
354 1646 492 1710 secunda
514 1645 553 1727 (c.
579 1644 719 1727 11-15)
753 1645 890 1728 primum
914 1641 1089 1724 exponitur,
1123 1660 1176 1702 eos
1199 1640 1270 1700 tan·

92 1753 158 1812 tum
182 1749 215 1813 in
238 1749 404 1814 ecclesiam
426 1750 585 1814 venientes
608 1750 802 1833 recipiendos
825 1769 901 1824 esse,
927 1746 981 1830 qui
1002 1766 1066 1809 non
1082 1742 1178 1807 aliam
1197 1742 1271 1805 doc-

93 1852 209 1916 trinam
240 1851 361 1916 habent
390 1874 427 1917 ac
449 1854 648 1938 propositam
671 1853 736 1935 (ll,
763 1853 870 1933 1—2).
917 1851 1037 1914 Deinde
1060 1849 1098 1912 de
1122 1844 1272 1930 apostolis

93 1955 141 2020 vel
164 1957 441 2040 praedicatoribus
463 1958 536 2021 fidei
558 1957 835 2042 peregrinantibus
852 1955 1058 2039 suscipiendis
1081 1950 1271 2033 (11,3-6),

94 2060 129 2123 de
153 2060 319 2144 prophetis
342 2061 550 2127 diiudicandis
574 2061 639 2143 (ll,
657 2061 787 2142 7-12),
811 2063 850 2126 de
865 2059 993 2124 advenis
1016 2056 1194 2123 christianis
1218 2076 1271 2119 ac-

94 2164 247 2247 cipiendis
270 2163 309 2246 (o.
330 2165 392 2244 12),
416 2167 454 2230 de
468 2166 634 2250 prophetis
657 2188 694 2230 ac
717 2166 898 2232 doctoribus
921 2162 1133 2229 sustentandis
1157 2159 1196 2241 (c.
1219 2157 1272 2242 13)

95 2269 170 2351 agit.
217 2268 320 2333 Porro
350 2270 389 2333 de
417 2269 465 2334 die
488 2270 646 2335 dominica
669 2269 857 2335 celebranda
887 2267 926 2351 (c.
954 2268 1023 2350 14),
1053 2271 1212 2352 postremo
1236 2264 1273 2328 de

95 2373 250 2456 episcopis
280 2379 312 2438 et
336 2374 475 2439 diaconis
504 2376 686 2440 ordinandis
719 2398 755 2441 ac
778 2377 816 2440 de
839 2374 992 2439 fratribus
1015 2369 1183 2456 arguendis
1206 2388 1272 2431 ser·

94 2498 145 2541 mo
168 2478 214 2541 fit.

183 2580 296 2666 Capite
319 2581 395 2647 XVI
426 2583 552 2650 libellus
582 2586 787 2651 concluditur.
833 2583 978 2648 Lectores
1001 2582 1215 2654 admonentur,
1237 2580 1274 2641 ut

96 2685 230 2770 vigilent
253 2689 285 2750 et
308 2688 349 2750 ad
371 2688 542 2755 adventum
560 2691 692 2756 Domini
713 2689 817 2774 parati
832 2688 904 2767 sint,
931 2687 1039 2752 crebro
1055 2684 1274 2750 convenientes

97 2811 133 2853 ac
167 2789 264 2854 saluti
295 2792 470 2858 animarum
501 2795 715 2873 consulentes,
749 2799 844 2878 atque
874 2812 1007 2876 regnum
1029 2788 1221 2855 Antichristi
1243 2791 1275 2851 et

98 2893 251 2959 adventus
273 2893 403 2960 Domini
426 2898 621 2964 describitur.

662 3071 715 3135 VL

185 3204 415 3290 Fragmentum
436 3208 588 3273 versionis
611 3208 737 3284 latinae,
771 3208 952 3273 Doctrinam
979 3206 1071 3281 1-2,
1094 3204 1113 3266 6
1137 3200 1275 3285 amplec-

98 3313 178 3387 tens,
203 3309 384 3376 Bemardos
406 3312 467 3377 Pea
499 3336 527 3378 a.
553 3314 637 3378 1723
665 3314 699 3377 in
721 3313 883 3378 Thesauro
913 3312 1135 3377 anecdotorum
1156 3305 1210 3382 IV,
1234 3303 1275 3380 II,

100 3416 119 3477 5
136 3436 182 3497 sq.
199 3415 305 3479 edidit.
339 3415 432 3480 Anno
457 3418 540 3482 1882
563 3421 687 3502 partem
706 3418 878 3483 Doctrinae
901 3419 939 3483 de
961 3416 1082 3482 duabus
1104 3412 1162 3476 viis
1179 3431 1276 3494 agen·

99 3523 164 3583 tem
186 3541 242 3583 seu
264 3520 371 3603 capita
394 3522 532 3607 quinque
555 3524 662 3607 priora
684 3522 724 3588 A.
747 3522 960 3605 Krawntaolry
982 3542 998 3585 e
1022 3517 1201 3584 (lenonibus
1224 3535 1276 3578 ec·

100 3623 295 3699 clesiasticis,
328 3624 411 3689 libro
432 3625 494 3690 VII
526 3624 795 3692 constitutionum
818 3627 1034 3711 apostolorum
1056 3628 1088 3688 et
1109 3621 1276 3687 Barnabae

100 3728 237 3812 epistula
265 3729 429 3794 restituere
456 3737 588 3796 conatus
611 3733 692 3796 est¹.
739 3729 833 3795 Anno
856 3733 1005 3814 sequente
1028 3728 1184 3811 scriptura
1207 3727 1278 3809 ipsa

100 3831 133 3896 in
165 3832 267 3897 lucem
298 3834 425 3917 prodiit.
472 3834 660 3900 Philotheus
683 3835 872 3918 Bryennius,
903 3833 1105 3917 metropolita
1126 3830 1277 3895 Nicome-

102 3934 226 4013 diensis,
258 3936 378 4000 invenit
406 3958 476 4001 eam
497 3937 531 4001 in
554 3940 668 4015 codice,
700 3941 754 4024 qui
778 3961 858 4004 anno
885 3940 967 4004 1056
990 3961 1009 4002 a
1031 3937 1133 4002 Leone
1154 3934 1277 4000 notario

101 4044 247 4104 exaratus
279 4045 327 4105 est
355 4045 387 4105 et
417 4045 492 4106 tunc
521 4040 796 4128 Constantinopoli
825 4045 858 4109 in
880 4042 1075 4108 bibliotheca
1096 4038 1279 4106 monasterii

102 4143 321 4224 patriarchalis
352 4145 632 4230 Hierosolymitani
664 4148 894 4223 asservabatur,
927 4169 1010 4212 nunc
1033 4150 1140 4211 antem
1163 4144 1277 4209 Hiero·

102 4246 231 4330 solymis
268 4248 301 4312 in
333 4249 530 4315 bibliotheca
563 4250 770 4335 patriarchali
804 4273 933 4316 numero
966 4252 1006 4315 56
1042 4251 1186 4336 signatus
1220 4253 1277 4314 est.

174 4472 187 4525 l
212 4471 398 4541 Theolopische
420 4471 630 4541 anrlolscbn'tt
649 4473 717 4528 1882
734 4491 763 4543 p.
782 4473 929 4530 ete-445.

158 4576 224 4617 run
234 4577 265 4626 a,
283 4578 364 4619 narro·
379 4583 454 4627 apost.
468 4578 504 4619 aa.
515 4579 548 4619 11.
1049 4565 1070 4628 b
