2834 5018
503 576 529 633 s,
548 575 690 630 leuaru
709 575 919 631 uersruanu.
1208 580 1297 645 LVII

115 753 355 832 eruditissimus
391 755 429 818 de
452 754 643 837 discipulatu
669 753 726 817 illo
749 753 851 818 silent.
899 753 1111 836 Hieronymus
1134 755 1200 838 ipse
1224 778 1295 819 sen-

116 859 238 922 tentiam
262 864 415 922 mutasse
438 859 569 923 videtur.
616 859 653 923 ln
677 858 830 942 Catalogo
854 880 879 922 c.
906 860 946 922 16
979 860 1062 923 enirn
1086 860 1296 943 Polycarpum

117 963 209 1028 solum
231 962 371 1028 loannis
396 964 572 1028 auditorem
594 969 694 1041 vocat,
720 969 751 1027 et
774 963 881 1027 forsan
904 964 937 1028 in
961 961 1116 1028 Chronico
1139 964 1160 1028 l.
1185 986 1210 1029 c.
1235 986 1295 1028 no·

118 1090 182 1132 men
213 1067 342 1153 ignatii
374 1090 433 1152 per
454 1069 689 1153 neglegentiam
720 1072 845 1132 tantum
868 1069 1015 1148 inseruit,
1046 1070 1142 1135 verba
1163 1068 1296 1134 Eusebii

119 1172 283 1249 1111111,
301 1175 356 1250 36,
378 1176 405 1236 1.
423 1175 442 1237 2
466 1173 549 1238 male
571 1174 799 1257 interpretatus
812 1174 834 1235 ¹.

199 1277 405 1360 Quamquam
436 1284 542 1342 autem
571 1277 732 1361 Ignatium
765 1302 791 1343 s.
820 1278 948 1343 loannis
977 1278 1168 1362 discipulum
1198 1278 1295 1342 fuisse

119 1404 176 1445 non
199 1388 335 1462 constat,
362 1388 469 1448 tamen
491 1383 661 1447 verisimile
680 1388 737 1461 est,
761 1405 896 1467 puerum
910 1383 960 1447 vel
976 1384 1208 1448 adolescentem
1224 1403 1295 1444 eum

121 1484 246 1552 Petrum
277 1492 335 1552 aut
365 1488 501 1553 Paulum
532 1489 663 1564 vidisse,
695 1489 749 1571 qui
777 1489 971 1574 aliquamdiu
995 1489 1185 1554 Antiochiae
1208 1508 1294 1551 com·

121 1595 230 1658 morati
253 1599 337 1658 sunt.
386 1594 557 1678 Gregorius
579 1595 623 1659 M.
648 1595 791 1678 quidem.
818 1595 873 1678 qui
894 1595 954 1677 Ep.
979 1593 1018 1672 V,
1039 1593 1080 1658 39
1104 1615 1175 1657 euru
1199 1591 1294 1655 disci-

121 1698 226 1780 pulum
249 1697 338 1763 Petri
361 1699 514 1776 nominat,
537 1699 599 1764 fide
621 1721 686 1764 non
709 1701 787 1764 satis
810 1700 924 1784 dignus
947 1703 1004 1763 est.
1045 1697 1190 1782 Quinque
1213 1696 1296 1760 enim

123 1801 250 1867 saeculis
282 1804 323 1867 ab
347 1801 475 1885 Ignatio
507 1808 648 1867 remotus
678 1808 725 1867 est
748 1825 784 1867 ac
807 1808 973 1886 praeterea
995 1802 1083 1866 Petri
1107 1799 1296 1884 discipulum

123 1927 187 1968 eum
217 1907 345 1971 nonnisi
376 1929 416 1971 ex
445 1928 482 1971 ea
510 1930 606 1972 causa
628 1929 755 1972 vocasse
778 1908 915 1984 videtur,
949 1908 1032 1991 quod
1055 1907 1219 1991 apostolus
1241 1905 1295 1969 ille

125 2011 301 2076 cathedram
325 2011 559 2077 Antiochenam
591 2034 690 2096 aeque
714 2035 751 2076 ac
774 2013 950 2077 Romanam
973 2011 1187 2076 constituerat.
1234 2009 1295 2074 Sed

125 2136 157 2178 ex
179 2137 224 2192 eo,
256 2117 341 2199 quod
365 2118 519 2181 secundus
541 2117 812 2182 Antiochenorum
836 2117 1003 2200 episcopus
1026 2116 1096 2192 fuir,
1122 2137 1193 2178 eum
1216 2137 1294 2198 apo·

126 2220 216 2283 stolos
238 2220 357 2284 vidisse
380 2220 572 2305 collegerim.
605 2221 671 2286 Ubi
686 2223 769 2286 euim
784 2223 852 2286 fieri
867 2222 982 2305 potuit,
1005 2220 1154 2285 ecclesiae
1170 2220 1295 2284 saeculo

125 2325 218 2406 primo
243 2324 417 2408 discipulos
441 2327 661 2408 apostolorum
684 2326 849 2410 episcopos
866 2326 1000 2411 elegisse
1015 2326 1169 2402 videntur,
1194 2330 1225 2389 et
1241 2348 1294 2389 ac-

126 2429 207 2502 cedit,
225 2431 312 2513 quod
329 2427 574 2513 chrysostomus
590 2431 683 2495 Hom.
701 2431 734 2494 in
750 2454 774 2495 s.
792 2431 860 2516 Igu.
879 2453 903 2496 c.
920 2432 935 2493 1
955 2429 1015 2512 (ed.
1029 2430 1145 2494 Bened.
1163 2429 1202 2506 Π,
1217 2428 1293 2508 593)

127 2533 242 2598 disertis
265 2535 370 2599 verbis
394 2535 486 2612 dicit,
518 2534 680 2620 Ignatium
709 2557 781 2600 cum
810 2536 964 2619 apostolis
987 2541 1113 2600 strenue
1135 2539 1295 2599 versatum

126 2657 184 2700 esse
207 2644 240 2702 et
262 2639 382 2703 fluenta
404 2638 548 2703 hausisse
571 2640 758 2723 spiritualia.
805 2639 855 2704 Ne
879 2662 1036 2724 opponas,
1061 2640 1234 2705 Eusebium
1257 2641 1294 2703 de

125 2739 177 2805 hoc
200 2742 395 2825 discipulatu
418 2742 498 2807 nihil
522 2744 646 2808 dixisse.
683 2743 832 2827 Namque
855 2750 946 2827 pater
968 2745 1121 2809 historiae
1144 2744 1293 2808 ecclesia·

125 2847 214 2910 eticae
243 2869 303 2911 neo
332 2846 412 2910 ahos
434 2847 520 2911 viros
544 2848 762 2931 apostolorum
785 2848 956 2932 discipulos
978 2854 1081 2925 vocat,
1113 2871 1191 2932 quos
1216 2870 1293 2932 apo·

124 2951 215 3015 stolus
239 2953 357 3017 vidisse
380 2957 500 3017 certum
523 2958 580 3017 est.

202 3056 395 3140 Martyrium
419 3054 636 3122 Colbertinum
666 3079 760 3142 porro
785 3059 875 3135 dicit,
912 3059 1071 3142 Ignatium
1103 3058 1292 3135 aTraiano‚

123 3181 186 3224 cum
211 3161 365 3226 adversus
388 3160 573 3226 Armeniam
603 3166 635 3227 et
656 3162 791 3227 Parthos
822 3163 1054 3247 expeditionem
1085 3185 1201 3246 parans
1224 3161 1293 3226 An-

122 3265 253 3330 tiochiae
278 3272 491 3331 commoratus
515 3267 621 3343 fuerit,
647 3290 729 3332 anuo
752 3268 878 3352 imperii
899 3289 983 3332 nono
1019 3264 1052 3350 (a
1075 3267 1116 3330 26
1140 3265 1205 3330 lan.
1232 3266 1293 3330 106

121 3391 215 3452 usque
239 3370 280 3435 ad
303 3371 344 3433 26
369 3368 434 3433 Ian.
462 3369 537 3452 107)
562 3372 601 3435 ad
625 3373 742 3436 bestias
766 3373 1008 3437 condemnatum
1030 3376 1062 3435 et
1080 3370 1161 3436 Sura
1183 3392 1220 3435 ac
1236 3369 1293 3434 Se·

120 3475 246 3539 necione
270 3475 387 3538 iterum
410 3475 594 3539 consulibus
618 3476 668 3540 die
691 3478 733 3540 20
748 3476 825 3541 Dec.
850 3477 1004 3561 martyrio
1021 3480 1205 3540 coronatum
1227 3496 1294 3538 esse

122 3575 160 3658 (2,
178 3579 211 3652 1;
237 3581 266 3654 7,
287 3577 329 3660 1),
353 3600 411 3642 nec
433 3580 527 3662 pauci
550 3580 610 3645 viri
631 3581 711 3645 haec
726 3582 823 3645 verba
841 3582 880 3646 ad
896 3604 1013 3646 annum
1031 3579 1092 3646 107
1112 3580 1292 3656 referentes,

121 3703 179 3763 quo
203 3682 285 3747 Sura
308 3682 355 3746 ΙΙΙ
385 3689 418 3747 et
441 3683 572 3748 Senecio
595 3683 627 3748 II
650 3685 794 3750 consules
817 3686 961 3763 fuerunt,
995 3708 1018 3749 s.
1044 3689 1216 3768 martyrem
1239 3684 1294 3748 illo

120 3807 197 3851 anuo
221 3791 385 3851 mortuum
408 3810 476 3852 esse
499 3793 689 3866 statuerunt,
714 3812 785 3854 cum
808 3790 864 3854 alii
886 3791 1075 3874 scripturam
1089 3789 1178 3853 illam
1193 3788 1293 3871 respi-

121 3891 233 3956 cientes
256 3897 393 3956 mortem
416 3893 457 3957 ad
480 3915 597 3957 annum
622 3893 750 3958 Traiani
775 3896 836 3959 108
859 3894 909 3958 vel
934 3895 995 3959 109
1020 3895 1166 3970 v01112,
1199 3893 1295 3956 etiam

121 3996 157 4058 ad
178 4018 279 4060 annos
305 3998 477 4061 114—116
501 3996 723 4062 adscriberent.
769 3997 900 4061 Rectius
924 4002 1050 4081 tempus
1071 3998 1216 4081 martyrii
1238 3998 1293 4061 de·

121 4099 261 4165 linientes
286 4100 378 4166 Actis
406 4101 468 4165 fide
491 4101 595 4165 minus
619 4101 724 4186 dignis
747 4102 872 4165 omissis
895 4102 1068 4167 Eusebium
1091 4102 1292 4167 consulimus

121 4200 227 4289 Neque
249 4227 327 4270 vero
359 4205 410 4269 hic
439 4210 548 4270 auctor
570 4206 662 4270 testis
686 4206 764 4270 certi
788 4206 863 4270 anni
885 4210 941 4269 est.
988 4206 1029 4271 H.
1054 4206 1091 4270 Ε.
1117 4207 1173 4284 ΠΙ,
1198 4208 1240 4271 36
1263 4207 1295 4270 id

121 4311 240 4374 tantum
272 4309 389 4389 refert,
421 4309 582 4395 Ignatium
612 4310 741 4374 Traiani
772 4315 914 4394 tempore
943 4316 1103 4375 mortuum
1136 4334 1212 4377 esse.
1257 4309 1294 4374 ln

121 4465 327 4476 ——.—...-

189 4538 201 4590 l
224 4535 266 4589 Cf.
287 4534 373 4597 Zahn‚
392 4535 518 4603 lyuotius
535 4550 587 4590 uon
605 4535 766 4590 Antiochiae
788 4534 854 4588 1873
872 4552 898 4603 p.
918 4535 952 4589 46
971 4551 1032 4601 sqq.
