2834 5018
409 694 459 748 ΑΙ)
478 692 736 748 PHILIPPENSES
753 692 787 759 X,
805 693 903 758 2-ΧΙ,
922 697 946 750 3.
1195 699 1259 764 309

83 873 141 937 lite
161 873 295 949 differre,
321 878 399 954 quia
422 876 632 956 eleemosyna
655 877 696 937 rte
718 882 824 937 morte
847 876 976 937 liberat.
1027 875 1145 939 anneo
1169 875 1261 937 nobie

83 985 223 1042 irreicem
253 980 393 1042 subiecti
422 987 543 1059 estole,
573 985 854 1043 conversationem
877 988 1021 1042 vestram
1051 980 1259 1061 irrepreben-

85 1086 219 1147 sibilem
243 1084 401 1146 labentes
424 1088 459 1146 in
479 1085 704 1163 asstiterant
726 1102 770 1146 en
791 1085 886 1147 bonis
908 1084 1064 1164 cambas
1085 1088 1206 1146 cestrie
1228 1085 1260 1146 et

82 1211 139 1252 vos
163 1187 289 1252 laudem
319 1188 482 1272 accipiatis
504 1192 536 1251 et
568 1189 711 1252 dominus
741 1188 774 1252 in
806 1187 895 1252 vobis
917 1208 981 1251 non
1011 1186 1256 1269 blasphemetur.

84 1296 114 1358 3.
148 1296 210 1357 Vae
232 1303 353 1373 caten,
371 1313 436 1375 per
459 1313 552 1374 ortem
568 1314 685 1358 nonrea
708 1296 834 1359 densim
848 1296 1105 1375 blasphematur.
1130 1291 1285 1357 sobrie-⁶

85 1402 185 1461 tatem
208 1418 284 1481 ergo
307 1399 415 1462 docete
438 1420 556 1474 omnes,
579 1399 613 1462 in
638 1421 700 1482 qua
722 1403 754 1462 et
776 1420 831 1463 vos
855 1397 1091 1462 conversamini.

171 1501 225 1565 XI.
249 1500 354 1566 Nimis
386 1504 590 1568 contristatus
624 1527 693 1568 sum
726 1526 785 1588 pro
818 1503 970 1579 Valente,
1006 1503 1060 1587 qui
1094 1503 1259 1586 presbyter

82 1606 188 1669 factus
213 1611 261 1670 est
284 1606 453 1691 aliquando
478 1609 562 1692 apud
582 1629 655 1685 vos,
690 1609 774 1693 quod
795 1608 840 1672 sic
867 1608 994 1693 ignoret
1016 1608 1043 1671 is
1065 1607 1179 1684 locum,
1203 1606 1258 1690 qui

82 1711 175 1773 datus
199 1714 247 1774 est
271 1711 308 1774 ei.
354 1710 470 1774 Moneo
488 1711 612 1795 itaque,
644 1716 680 1774 ut
703 1711 891 1776 abstineatis
920 1733 977 1774 vos
1000 1711 1040 1774 ab
1070 1711 1204 1775 avaritia
1226 1714 1259 1774 et

81 1814 150 1878 sitis
183 1815 262 1879 casti
293 1820 325 1878 et
355 1836 489 1879 veraces.
536 1815 702 1880 Abstinete
732 1838 788 1879 vos
812 1817 851 1881 ab
885 1816 970 1880 omni
1001 1814 1095 1879 malo.
1141 1817 1170 1878 2.
1196 1813 1257 1890 Qui
1271 1833 1298 1870 ιο

81 1922 189 2006 autem
211 1940 275 1983 non
297 1923 404 2002 potest
426 1939 460 1982 se
483 1919 516 1982 in
537 1918 587 1982 his
604 1920 789 2002 gnrbcrnare,
816 1919 973 2003 quomodo
996 1918 1050 1982 alii
1072 1918 1258 2001 pronuntiat

80 2023 165 2088 hoc?
197 2024 231 2089 si
255 2025 325 2108 quis
346 2047 410 2089 non
433 2046 466 2087 se
490 2024 675 2088 abstinuerit
698 2024 738 2088 ab
762 2023 912 2100 avaritia,
937 2023 977 2087 ab
1000 2021 1181 2086 idololatria
1203 2043 1256 2086 co·

79 2128 299 2212 inquinabitur
321 2133 353 2192 et
374 2132 537 2213 tamquam
560 2129 643 2193 inter
666 2133 777 2214 gentes
800 2128 999 2206 iudicabitur,
1024 2129 1078 2211 qui
1101 2133 1258 2208 iqaoroat

81 2236 241 2297 iudicium
265 2236 399 2299 densim.
444 2235 509 2297 Aa!
530 2240 706 2314 nescimus,
728 2240 806 2315 quio
827 2240 936 2297 sancti
955 2235 1109 2296 mundam
1131 2234 1256 2296 iudico-

80 2339 186 2401 lnml?
216 2337 297 2400 sicut
321 2337 439 2401 Paulus
469 2338 569 2403 docet.
616 2340 645 2404 3.
670 2339 741 2422 Ego
772 2344 878 2403 autem
907 2337 990 2402 nihil
1018 2336 1084 2400 tale
1111 2336 1194 2400 sensi
1224 2336 1256 2399 in
1270 2353 1296 2393 a

78 2442 169 2506 vobis
191 2442 242 2505 vel
266 2443 387 2519 audivi,
421 2443 455 2506 in
478 2444 591 2526 quibus
613 2443 771 2507 laboravit
799 2443 910 2507 beatus
933 2441 1069 2519 Paulus,
1104 2441 1159 2525 qui
1181 2440 1256 2505 estis

79 2547 112 2610 in
134 2546 292 2630 principio
316 2546 469 2629 epistulae
492 2548 567 2611 eius.
614 2547 663 2611 De
687 2548 778 2613 vobis
802 2549 919 2612 etenim
938 2550 1107 2628 ploriotur
1128 2552 1165 2610 in
1186 2567 1255 2609 om-

151 2727 163 2777 1
184 2724 252 2778 Tob.
265 2726 290 2787 4,
305 2726 351 2783 10:
373 2726 412 2787 12,
426 2726 451 2782 9.
471 2757 503 2764 -
523 2727 539 2779 2
552 2725 564 2777 Ι
578 2725 651 2778 Petr.
665 2726 689 2789 5,
704 2727 734 2787 5;
754 2725 825 2794 Epla
839 2726 864 2789 5,
876 2727 917 2780 21.
930 2756 964 2763 -
982 2725 999 2777 2
1017 2723 1116 2778 IPetr.
1130 2725 1153 2787 2,
1169 2723 1208 2777 12.
1221 2754 1256 2762 -

79 2812 164 2866 iles.
184 2813 226 2873 52,
246 2814 269 2864 5.
290 2843 322 2850 -
344 2813 375 2865 14
394 2811 445 2866 Ier.
466 2814 489 2875 5,
508 2815 533 2866 4.
552 2844 586 2852 —
607 2814 638 2868 15
656 2813 669 2866 Ι
688 2813 749 2867 Cor.
769 2816 792 2877 6,
813 2814 836 2867 2.
857 2844 891 2852 -
911 2812 986 2868 1811
1004 2811 1098 2866 Tbess.
1119 2812 1141 2874 1,
1159 2812 1184 2864 4.

147 2961 287 3029 Sipnoret
306 2962 494 3030 adarmatis
512 2961 584 3015 codd
607 2961 611 3029 l
634 2962 883 3031 9itaque:†cos
902 2962 944 3034 Li
968 2963 997 3017 ll
1016 2978 1072 3017 aon
1085 2967 1173 3030 potest
1190 2961 1256 3029 post

78 3047 108 3100 ia
125 3045 206 3100 hisZ
232 3046 236 3114 1
262 3064 289 3100 se
306 3049 337 3101 ia
354 3047 502 3101 hisL:ia
523 3048 568 3101 his
586 3045 677 3115 aar!
704 3047 736 3102 12
754 3050 917 3104 abstinuerit
934 3047 999 3103 seZ
1024 3047 1028 3118 l
1056 3047 1087 3101 17
1105 3048 1253 3116 metulae:

77 3135 186 3188 ecclaia
203 3132 230 3185 H
248 3134 382 3203 (eccesiae
400 3134 515 3204 Regius)

78 3254 154 3308 ciens
171 3254 208 3307 ad
226 3254 251 3307 ll
271 3254 332 3309 Cor.
347 3254 370 3318 3,
392 3256 416 3308 2.
437 3257 460 3316 3,
480 3255 530 3308 ubi
549 3254 652 3308 Paulus
681 3257 758 3311 Paul.
777 3258 849 3313 Phil.
868 3259 893 3322 4,
912 3260 943 3321 5;
962 3257 974 3311 I
995 3257 1080 3312 Clem.
1098 3258 1140 3319 47,
1159 3258 1195 3323 2),
1208 3255 1254 3308 de·

77 3342 239 3397 Corinthios
252 3340 400 3410 epistulam
412 3359 491 3394 suam
505 3344 534 3394 et
547 3341 652 3396 Christi
680 3345 746 3398 inde
764 3345 805 3416 (in
824 3346 949 3401 editione
961 3342 1111 3414 epistulae)
1131 3342 1254 3396 animum

75 3430 212 3489 nominat,
231 3445 328 3482 vocem
346 3430 476 3497 eprstulae
500 3445 557 3483 non
576 3431 652 3499 geni·
681 3431 837 3486 adtendens
857 3432 894 3485 ad
911 3430 1159 3499 interpretationes
1177 3427 1254 3482 vocis

76 3515 174 3578 tivum,
185 3515 234 3568 sed
244 3515 450 3570 nominativum
460 3532 520 3570 esse
534 3521 562 3570 et
572 3516 652 3584 Poly·
681 3519 792 3591 ἀρχεῖον
810 3519 870 3589 lgn.
888 3517 1000 3573 Philad.
1019 3517 1043 3580 8,
1063 3517 1080 3569 2
1106 3517 1135 3570 et
1152 3513 1253 3569 versio·

77 3619 194 3670 carpum
216 3601 413 3671 Philippenses
441 3602 553 3657 litteras
572 3603 653 3656 Pauli
680 3623 743 3661 nem
763 3604 901 3675 epistulae
914 3603 1063 3674 Polycarpi
1080 3601 1254 3658 liberiorem:

76 3687 158 3757 quasi
177 3690 427 3745 commendaticias
446 3690 589 3761 appellare
601 3711 652 3761 pu·
680 3691 710 3749 ἐν
734 3700 774 3767 τῷ
791 3691 891 3768 doleia
917 3704 966 3763 της
990 3690 1135 3760 ἐπιστολῆς
1159 3686 1255 3752 αὐτοῦ,

75 3781 136 3839 tat3
156 3781 184 3832 et
199 3776 349 3846 Light-foot
367 3779 393 3832 ei
414 3776 569 3832 assentiens
588 3796 651 3848 par·
680 3781 856 3834 coniecturas
877 3783 971 3834 autem
989 3779 1049 3849 ipse
1075 3776 1174 3832 reiecit
1192 3793 1254 3830 eam

74 3865 192 3918 ticulum
211 3864 311 3918 vertit:
339 3874 398 3932 τοῖς
425 3861 502 3922 οὖσιν
526 3863 556 3922 ἐν
579 3865 651 3940 ἀρχῇ
680 3867 866 3935 comprobans
894 3868 1066 3935 (Elaiatano
1091 3867 1123 3920 ia
1145 3865 1197 3919 doe
1215 3863 1251 3916 N.

74 3951 233 4018 ἐπιστολαῖς
250 3950 343 4008 αὐτοῦ.
380 3950 428 4005 Sin
456 3955 551 4006 autem
569 3953 650 4022 Poly·
682 3955 710 4008 Τ.
731 3952 997 4025 adulatorem),
1018 3970 1103 4022 quam
1115 3949 1253 4007 E.Nestle

74 4055 178 4108 carpus
205 4039 258 4092 hoo
276 4039 369 4092 dicere
398 4038 548 4104 voluisset,
575 4040 651 4093 haud
679 4039 735 4109 ipsi
751 4057 802 4110 per
825 4041 936 4095 litteras
967 4038 1196 4095 communicarit:
1223 4036 1253 4094 ἐν

75 4125 159 4179 dubie
188 4142 278 4192 aeque
308 4141 341 4177 ac
359 4124 463 4179 Paulus
491 4125 651 4196 scripsisset
678 4125 749 4200 ἀρχῇ
767 4139 816 4197 τῆς
839 4126 996 4200 ἀποστολῆς
1018 4126 1104 4184 αὐτοῦ
1124 4127 1171 4193 (cl.
1191 4124 1252 4180 Gal.

72 4212 222 4283 ἐπιστολή,
249 4228 306 4265 non
333 4209 490 4278 ἐπιστολαί,
518 4214 548 4266 et
564 4213 649 4267 inter·
679 4213 702 4277 2,
721 4213 757 4279 8).
794 4211 892 4280 Neque
914 4230 979 4269 vero
998 4213 1069 4267 haec
1092 4210 1252 4266 emendatio

73 4297 651 4370 pretationipraetereaadversatur,quod
680 4301 749 4354 satis
772 4300 884 4370 placere
907 4304 1009 4369 potest
1047 4299 1165 4355 Locutio
1190 4316 1253 4369 pro·

72 4386 104 4444 ἐν
136 4386 207 4459 ἀρχῇ
240 4402 325 4454 aegre
359 4384 488 4440 absolute
520 4384 650 4455 intellegi
678 4387 773 4456 posita
790 4386 885 4440 durior
903 4391 958 4451 est,
982 4391 1012 4442 et
1029 4387 1209 4456 Polycarpus,
1228 4385 1253 4438 si

71 4478 175 4544 potest.
212 4473 289 4526 Zahn
301 4475 487 4542 Polycarpum
505 4471 650 4543 scripsisse
679 4473 848 4528 sententiam
866 4490 900 4527 ea
925 4489 1086 4544 expressam
1110 4473 1141 4526 in
1158 4473 1253 4526 mente

73 4559 196 4616 coniecit
205 4560 297 4628 primo
307 4560 449 4630 (Ieremias
460 4577 484 4614 v.
494 4560 529 4614 A.
540 4560 650 4629 p.610):
677 4560 831 4623 habuisset,
852 4575 944 4628 aeque
964 4576 998 4614 ao
1016 4559 1146 4614 Clemens
1164 4560 1251 4615 icor.

71 4647 103 4705 lv
131 4646 203 4720 ἀρχῇ
229 4656 280 4703 τοῦ
306 4646 467 4721 εὐαγγελίου
492 4646 579 4706 αὐτοῦ
602 4648 649 4719 (cf.
678 4646 720 4711 42,
738 4647 774 4712 4,
803 4661 888 4713 quern
903 4646 1008 4715 ubique
1026 4646 1169 4711 imitatur,
1188 4646 1253 4702 Phi·
