2834 5018
460 670 510 725 ΔΙ)
531 669 611 725 COR.
624 669 718 734 xclv,
732 669 865 734 8-th,
884 672 907 726 5.
1150 679 1155 687 “
1208 676 1270 740 157

96 846 243 930 ciperent.
291 848 321 912 3.
346 846 459 930 Itaque
483 848 537 932 qui
561 849 724 914 constituti
747 853 822 914 sunt
844 850 885 914 ab
907 849 971 913 illis
993 849 1045 913 vel
1067 849 1215 932 deinceps
1231 848 1271 912 sb

95 950 162 1014 aliis
185 951 262 1014 viris
285 951 407 1016 eximiis
440 952 653 1016 consentiente
674 953 821 1018 universe
849 954 997 1032 ecclesia,
1031 953 1146 1038 quique
1169 950 1271 1016 incul-

95 1060 167 1139 pate
189 1056 283 1140 gregi
306 1053 424 1120 Christi
447 1056 661 1122 deservierunt
684 1080 756 1122 cum
777 1057 974 1135 humilitate,
999 1057 1102 1141 quiete
1124 1078 1184 1121 nec
1204 1055 1270 1119 illi·

95 1158 254 1236 beraliter,
279 1163 311 1224 et
332 1159 429 1243 longo
453 1164 596 1243 tempore
612 1162 652 1225 ab
675 1161 821 1226 omnihus
836 1161 1052 1226 testimonium
1073 1158 1272 1245 praeclarum

94 1267 307 1346 reportarunt,
331 1264 390 1328 hos
412 1263 588 1328 iudicamus
610 1286 741 1329 munere
764 1287 821 1331 suo
836 1288 900 1330 non
921 1266 1003 1330 iuste
1020 1266 1108 1331 deici.
1141 1268 1171 1330 4.
1196 1264 1299 1330 Non⁶

95 1367 177 1432 enim
200 1367 269 1431 leve
292 1366 353 1431 erit
374 1373 539 1451 peccatum
562 1374 716 1447 nostrum,
741 1370 768 1434 si
791 1392 854 1447 eos,
878 1371 933 1454 qui
955 1376 1062 1436 sancte
1084 1375 1116 1435 et
1138 1370 1205 1435 sine
1220 1391 1272 1433 re·

95 1472 303 1556 prehensione
334 1494 465 1537 munera
497 1473 695 1552 obtulerunt,
729 1473 915 1558 episcopatu
943 1474 1079 1539 eicimus.
1126 1475 1155 1538 5.
1179 1475 1273 1539 Beati

95 1576 274 1661 presbyteri
296 1576 380 1641 viem
401 1577 490 1661 prius
506 1578 633 1655 emensi,
658 1579 712 1663 qui
735 1578 931 1644 fructuosam
947 1579 1183 1664 perfectamque
1207 1581 1272 1644 dis·

96 1682 289 1746 solutionem
304 1682 464 1746 consecuti
480 1686 570 1757 sunt3
592 1703 657 1747 non
673 1683 758 1747 enim
772 1688 927 1761 verentur,
950 1705 990 1748 ne
1007 1685 1077 1768 quis
1100 1705 1153 1748 eos
1168 1689 1273 1750 treus·

96 1785 179 1851 ferat
202 1786 240 1849 de
264 1785 334 1850 loco
357 1786 436 1870 ipsis
459 1786 641 1851 constitute.
688 1787 718 1850 6.
741 1785 893 1850 Videmus
908 1788 1001 1865 enim,
1024 1808 1080 1852 vos
1103 1787 1274 1853 nonnullos
1287 1806 1313 1846 ιο

96 1890 227 1955 honeste
257 1890 398 1954 viventes
422 1892 462 1955 ab
486 1890 608 1968 officio,
641 1912 703 1974 quo
725 1890 887 1974 inculpate
916 1891 1065 1956 honorati
1087 1896 1191 1969 erent,
1222 1914 1273 1957 re·

96 1995 241 2060 movisse.
351 2078 352 2081 Ἴ

181 2098 278 2162 XLV.
304 2097 499 2163 Contentiosi
522 2099 607 2177 estis,
631 2099 757 2176 fratres,
782 2099 868 2163 etin
890 2101 993 2176 rebus,
1019 2121 1099 2183 quse
1123 2101 1163 2164 ed
1186 2101 1272 2165 selu·

97 2208 160 2267 tem
182 2203 353 2287 pertinent,
377 2204 499 2267 accensi
522 2204 598 2268 zelo.
646 2205 677 2269 2.
700 2203 885 2288 Inspexistis
909 2204 1078 2288 diligenter
1099 2205 1273 2289 scripturas

98 2328 212 2382 sacras,
237 2328 318 2390 quae
340 2328 432 2370 verae
454 2312 528 2371 sunt
551 2312 583 2371 et
605 2308 698 2371 datae
714 2329 771 2391 per
792 2308 939 2392 spiritum
956 2312 1108 2373 sanctum.
1144 2310 1174 2373 3.
1198 2307 1273 2373 Non
1288 2327 1313 2366 1⁶

98 2411 183 2496 fugit
203 2431 270 2487 vos,
293 2409 374 2474 nihil
395 2411 548 2475 iniustum
570 2433 673 2496 neque
688 2432 871 2495 perversum
893 2412 1046 2497 scriptum
1062 2435 1128 2478 esse
1150 2413 1274 2478 inillis.

98 2517 170 2582 Non
193 2516 360 2581 invenietis
382 2515 483 2580 iustos
498 2516 632 2580 reiectos
656 2538 676 2578 a
697 2515 772 2579 viris
793 2517 920 2581 sanctis.
965 2520 995 2581 4.
1020 2517 1275 2582 Persecutionem

98 2621 183 2705 passi
206 2624 281 2684 sunt
303 2619 388 2696 iusti,
413 2619 467 2683 sed
490 2619 529 2682 ab
551 2618 688 2702 iniquis3
721 2621 754 2684 in
777 2641 933 2685 carcerem
955 2627 1030 2686 sunt
1053 2622 1195 2700 coniecti,
1220 2623 1275 2687 sed

100 2727 138 2790 ab
159 2725 284 2809 impiis;
308 2723 442 2807 lapidati
465 2729 549 2794 sunt,
571 2724 626 2786 sed
649 2747 669 2787 a
690 2723 836 2800 nefariis3
860 2724 956 2788 occisi
978 2731 1061 2803 sunt,
1086 2728 1141 2792 sed
1163 2751 1182 2792 a
1205 2749 1274 2792 sce·

99 2829 179 2893 lesto
204 2833 236 2892 et
257 2828 375 2892 iniusto
397 2827 464 2891 zelo
488 2827 638 2911 abreptis.
685 2829 714 2891 5.
739 2827 827 2892 Haec
848 2829 1005 2911 patientes
1029 2832 1167 2916 gloriose
1190 2833 1273 2898 tule-
1288 2844 1315 2884 ²⁰

99 3051 205 3106 Hauler
215 3070 242 3121 p.
253 3051 299 3122 37)
309 3055 337 3106 et
348 3051 571 3106 constitutiones
581 3055 672 3120 apost.
686 3051 689 3113 l
701 3053 748 3113 23;
767 3052 833 3106 huc.
853 3052 876 3115 2,
896 3053 938 3106 29.

100 3141 131 3202 11,
150 3141 185 3194 25
204 3156 224 3193 s.
244 3140 280 3192 t:
307 3137 335 3195 cl
353 3139 418 3195 τότε
446 3139 486 3209 (in
504 3138 537 3193 V.
555 3139 597 3209 Τ.)
625 3140 689 3201 dol
736 3139 759 3192 6.
779 3137 811 3196 ἐκ
829 3152 877 3209 τῆς
894 3137 921 3195 o'c
940 3137 1034 3206 αὐτοῖς
1046 3139 1227 3211 τετιμημένης
1240 3141 1275 3211 1.]

99 3230 152 3283 σίαι
172 3235 223 3282 νῦν
240 3227 281 3295 (in
300 3224 331 3279 N.
352 3226 395 3295 Τ.)
412 3224 488 3297 εὐχαί
505 3230 551 3281 καί
570 3230 675 3297 δεήσεις
686 3211 689 3307 l
701 3226 819 3281 Locutio
838 3225 990 3295 singularis
1004 3227 1053 3279 est
1081 3231 1168 3296 Τιμᾶν
1184 3230 1237 3283 τινί
1250 3248 1276 3284 τι

98 3318 143 3369 καί
161 3312 344 3385 εὐχαριστίαν·
363 3310 391 3368 cl
409 3313 474 3369 τότε
492 3310 613 3385 ἀπαρχαί
629 3315 674 3368 καί
701 3312 815 3368 nonnisi
842 3312 985 3367 rarissime
1013 3316 1042 3368 et
1070 3313 1146 3382 apud
1174 3316 1275 3382 poetas

99 3400 210 3457 δεκάται
221 3403 267 3456 καί
285 3397 462 3471 ἅφαιρέματα
473 3402 520 3454 καί
538 3403 613 3472 δῶρα
626 3407 675 3454 νῦν
702 3401 848 3470 reperitur.
885 3399 1031 3455 Gebhardt
1057 3399 1177 3454 contulit
1195 3399 1274 3454 Pind

99 3490 259 3560 προσφοραί
277 3485 305 3542 al
323 3486 367 3543 διὰ
379 3493 436 3542 τῶν
455 3484 550 3556 [ὁσίων
568 3485 673 3555 Const]
702 3487 786 3556 Pyth.
798 3486 843 3549 IV,
857 3486 922 3548 2703
942 3486 1026 3556 Soph.
1045 3487 1141 3557 Antig.
1161 3487 1219 3542 514.
1239 3488 1277 3543 nt

100 3571 258 3631 ἐπισκόπων
281 3574 508 3647 προσφερόμεναι
530 3575 616 3648 κυρίῳ
635 3580 675 3647 τῷ
704 3574 821 3628 Constit
847 3578 938 3643 apost.
956 3575 996 3637 Π,
1015 3575 1064 3628 26:
1090 3572 1277 3642 ὁέπίσκοπος

101 3664 167 3734 θεῷ,
185 3659 254 3714 ibid
265 3659 341 3723 11,34
360 3659 478 3729 (Huuler
493 3677 520 3728 p.
531 3659 591 3722 sol:
610 3658 676 3726 τοὺς
703 3701 729 3714 ..
750 3666 820 3718 θεοῦ
837 3659 900 3738 ἀξίᾳ
912 3660 1102 3731 τετιμημένος.
1140 3661 1210 3715 Cum
1229 3677 1276 3714 au-

99 3747 223 3819 καρτιοίις
240 3744 319 3816 ὑμῶν
335 3747 434 3804 καὶτὰ
459 3742 528 3820 ἔργα
548 3754 605 3802 τῶν
622 3766 676 3817 χει·
703 3752 761 3803 tem
779 3750 866 3801 testes
880 3748 1066 3812 consentient,
1085 3746 1202 3801 Latinus
1221 3763 1278 3801 non

100 3840 158 3905 ρῶν
174 3830 255 3903 ὑμῶν
277 3833 317 3900 είς
335 3836 463 3906 εὐλογίαν
489 3831 568 3902 ὑμῶν
590 3851 675 3906 προσ·
704 3835 786 3890 sliter
805 3850 838 3888 uc
857 3834 941 3888 ceteri
960 3834 1077 3903 legisse,
1103 3833 1218 3887 verbnm
1236 3853 1278 3891 τε·

101 3919 236 3994 φέροντες
254 3918 329 3994 αὐτῷ
347 3920 397 3994 (τῷ
416 3917 569 3995 ἐπισκόιιῳ)
590 3924 676 3975 ..καί
703 3920 851 3993 τιμημένης
876 3919 971 3989 potins
999 3920 1087 3974 libere
1113 3918 1277 3983 reddidisse,

100 4000 176 4064 ἔσται
194 4026 240 4064 σοι
258 4008 275 4074 h
292 4006 443 4080 προσφορά
465 4026 518 4063 σου
536 4011 617 4077 dextr)
638 4004 677 4073 είς
703 4007 777 4061 hcnc
795 4007 946 4062 lectionem
964 4007 1050 4060 etiem
1069 4007 1226 4075 adprobare
1238 4006 1277 4059 vi-

100 4094 190 4166 ὀσμὴν
216 4091 331 4158 εὐωδίας
355 4095 441 4168 κυρίῳ
468 4101 508 4168 τῷ
535 4097 595 4168 θεῷ
624 4113 677 4149 σου
704 4093 811 4155 dcctnr,
831 4094 862 4158 si,
882 4097 914 4148 ut
932 4093 1025 4148 Morin
1044 4093 1161 4157 conicit,
1183 4094 1278 4160 functo

100 4186 171 4244 nh,
200 4179 239 4233 ib.
258 4178 291 4241 11,
309 4181 358 4235 53:
386 4185 478 4253 δῶρον
505 4180 534 4237 δέ
560 4178 618 4237 ἐστι
637 4183 677 4253 τῷ
703 4183 771 4250 (non
786 4182 871 4249 facto)
889 4180 982 4244 vertit,
1001 4179 1081 4233 locus
1094 4196 1151 4233 non
1168 4180 1277 4232 muten-

100 4265 675 4342 θειξὴἑκάστουπροσευχὴκαίεὐχαριστία.
705 4267 756 4320 dus
775 4268 825 4320 est

136 4356 161 4408 5.
181 4353 324 4424 nanciscor]
343 4354 501 4408 Sorcestice
519 4355 676 4418 defunctos,
740 4354 821 4417 XLV,
843 4357 865 4409 1.
885 4353 925 4408 cf.
945 4352 1158 4416 Gal.4,17.18;
1179 4350 1276 4405 lPetr.

102 4442 150 4508 qui
169 4441 228 4494 ism
246 4440 320 4496 diem
339 4442 479 4503 obierunt,
497 4440 677 4509 presbyteros
704 4443 727 4504 3,
750 4441 789 4496 13.
807 4471 842 4479 -
860 4439 1020 4510 ἀνηκόντων
1031 4439 1071 4508 εἰς
1082 4441 1119 4511 σ.]
1140 4439 1181 4495 cf.
1195 4438 1277 4491 Barn.

100 4528 147 4582 hic
165 4529 305 4582 memorat
324 4527 452 4582 Clemens
472 4526 625 4598 (Laurent).
643 4559 678 4567 -
707 4528 746 4591 17,
768 4530 791 4582 1.

100 4613 245 4684 ἀνάλυσιν]
265 4614 307 4670 cf.
327 4613 353 4668 II
371 4614 443 4668 Tim.
460 4614 486 4677 4,
505 4615 537 4677 6;
561 4613 633 4667 Phil.
654 4616 677 4677 1,
740 4616 764 4667 4.
783 4619 865 4686 ζῆλον
882 4612 976 4684 doeth]
996 4613 1038 4668 cf.
1057 4613 1081 4679 3,
1099 4614 1125 4667 4.
