2834 5018
359 492 548 549 DOCTRINA
568 493 697 550 Duonu
704 494 768 550 01111
786 495 1064 553 APOSTOLORUbA
1235 503 1299 569 Vll

137 675 204 739 dnus
224 676 256 740 in
277 675 491 760 Expositione
512 677 649 761 symboli
672 699 697 742 c.
722 679 764 743 38
794 683 868 762 post
890 678 1055 743 canonicos
1079 678 1176 744 libros
1199 678 1300 744 ecole-

135 780 262 845 siasticos
284 781 455 846 nominans
470 780 669 866 Sapientiam
691 786 867 866 utramque,
892 782 1037 848 libellum
1053 783 1173 848 Tobiae
1195 787 1227 848 et
1247 783 1299 849 Iu·

133 885 190 948 dith
211 890 242 949 et
263 885 528 950 Maccahaeorum
551 886 659 961 libros,
683 890 778 970 atque
801 909 818 951 e
841 886 933 951 Novo
949 886 1152 952 Testamenta
1174 894 1300 973 praeter

131 988 283 1054 Pastorem
306 988 463 1067 libellum,
487 991 541 1074 qui
564 991 722 1075 apellatur
744 990 835 1055 Duae
856 992 926 1055 viae
954 991 1006 1055 vel
1026 990 1181 1056 Iudicium
1200 992 1298 1071 Petri,

132 1094 245 1170 addens,
268 1093 349 1159 haec
373 1095 479 1159 omnia
500 1095 636 1178 legenda
659 1094 785 1178 quidem
807 1116 874 1159 esse
893 1094 927 1159 in
943 1095 1090 1175 ecclesiis,
1113 1101 1300 1163 nontamen

130 1198 307 1281 proferenda
329 1199 370 1263 ad
393 1199 614 1264 auctoritatem
645 1221 684 1263 ex
713 1200 757 1263 eis
787 1199 860 1263 fidei
883 1199 1129 1266 confirmandam
1158 1201 1297 1282 (Ρ121,

129 1303 205 1382 374),
231 1326 313 1387 quae
336 1305 433 1370 verba
455 1305 495 1369 ad
517 1303 704 1368 Doctrinam
725 1302 891 1367 referenda
912 1325 980 1368 esse
994 1306 1149 1382 videntur,
1174 1306 1298 1371 etiamsi

127 1407 206 1482 latet,
231 1409 438 1492 quamobrem
460 1408 588 1474 libellus
609 1430 673 1473 non
689 1407 793 1472 solum
808 1407 899 1471 Duae
919 1408 998 1485 viae,
1021 1409 1190 1474 sedetiam
1211 1410 1298 1474 ludi-

127 1513 200 1577 cium
232 1513 321 1579 Petri
349 1514 542 1598 appelletur,
576 1513 702 1578 facilius
733 1534 823 1590 sane,
856 1513 884 1576 si
915 1534 953 1576 ea
980 1513 1102 1577 ratione
1131 1516 1298 1580 verborum

126 1617 288 1682 Athanasii
318 1618 431 1684 habita
459 1618 659 1702 spectaveris,
691 1617 729 1680 de
752 1615 809 1680 illa
831 1616 988 1699 scriptura
1011 1640 1105 1701 quarn
1129 1619 1167 1683 de
1190 1619 1299 1703 aliqua

124 1721 183 1785 alia
195 1722 445 1808 intelleguntur3
466 1721 627 1786 Indioulus
643 1721 871 1805 scripturarum
885 1721 1107 1786 canonicarum
1122 1725 1297 1808 sexaginta,

122 1827 244 1891 saeculo
259 1825 307 1890 VI
330 1831 367 1891 ut
389 1827 512 1890 videtur
535 1825 699 1891 confectus
722 1830 754 1890 et
775 1825 809 1888 in
831 1824 991 1889 nonnullis
1014 1826 1173 1891 codicibus
1193 1825 1297 1903 Quae-

121 1932 275 1996 stionibus
296 1930 462 1996 Anastasii
484 1930 625 1996 Sinaitae
648 1931 809 1995 subiectus
821 1934 840 2007 ¹,
866 1929 1017 2013 Synopsie
1041 1930 1221 2014 Scripturas
1238 1932 1297 1998 Sa·

119 2059 188 2101 crae
210 2038 270 2102 sub
294 2037 422 2101 nomine
438 2035 609 2101 Athanasii
631 2035 750 2099 tradita
766 2039 798 2099 et
814 2033 940 2098 saeculo
955 2033 1003 2098 VI
1024 2035 1075 2099 vel
1088 2039 1200 2119 postea
1215 2058 1300 2101 com·

118 2141 223 2224 posita
246 2140 316 2220 (Po
339 2142 392 2219 28,
416 2139 510 2224 431),
542 2139 769 2205 Stichometria
799 2137 980 2222 Nicephoro
1008 2136 1298 2223 Constantinopoli-

118 2250 192 2308 tano
223 2246 387 2330 adscripta
414 2250 447 2310 et
476 2244 603 2310 saeculo
625 2242 672 2308 IX
699 2243 803 2307 medio
826 2246 955 2307 exarata
978 2241 1046 2324 (Pa
1072 2245 1143 2321 100,
1170 2242 1296 2326 1060)².

119 2349 371 2434 Ps.·Gyprianus
402 2349 483 2416 Adv.
507 2350 662 2414 aleatores
693 2370 720 2412 c.
740 2348 761 2411 4
788 2348 870 2412 sicut
892 2369 909 2410 e
932 2345 1025 2411 Pauli
1047 2347 1191 2432 epistulis
1213 2349 1298 2412 itae

116 2454 280 2519 Doctrinis
304 2454 522 2539 apostolorum
545 2458 735 2539 argumenta
753 2452 923 2536 depromit;
947 2450 1091 2516 Clemens
1106 2450 1296 2517 Alexandri·

116 2582 176 2623 nus
192 2559 308 2624 Strom.
326 2558 350 2636 I,
368 2560 498 2637 20,100
513 2582 545 2643 p.
558 2559 632 2635 377,
657 2557 812 2642 Origenes
827 2557 876 2621 De
891 2556 1055 2641 principiis
1070 2555 1126 2635 ΠΙ,
1142 2559 1172 2634 2,
1187 2558 1216 2635 7,
1234 2555 1297 2639 Op·

119 2669 206 2729 tatus
222 2663 429 2729 Mileritanus
451 2663 500 2728 De
516 2662 687 2727 schismate
702 2661 959 2726 Donastistarum
980 2661 1005 2738 Ι,
1018 2664 1070 2738 21,
1096 2660 1191 2727 Gesta
1213 2662 1298 2745 apud

117 2768 331 2853 Zenophilum
359 2768 447 2833 locos
470 2768 642 2834 Doctrinae
669 2771 821 2851 tanquam
844 2765 940 2830 verba
963 2765 1143 2851 Scripturas
1165 2766 1216 2830 vel
1237 2766 1297 2830 Dei

117 2874 294 2959 proferunt.
329 2872 379 2938 cf.
403 2874 509 2938 adnot.
535 2874 576 2938 ad
591 2875 621 2948 2,
640 2874 675 2948 7;
699 2874 730 2949 3,
748 2874 777 2936 5.
798 2872 851 2946 10;
875 2872 906 2948 4,
923 2872 957 2946 3;
983 2870 1033 2948 14,
1051 2872 1079 2933 2.
1115 2869 1182 2934 Alii
1196 2870 1296 2953 scrip·

116 2982 190 3043 tura
218 2980 316 3044 tacite
348 2979 528 3043 utebantur.
575 2978 739 3042 Barnabas
762 2998 787 3040 c.
815 2977 941 3041 18-20
972 2998 1127 3040 summam
1158 2974 1297 3058 capitum

117 3082 208 3147 1-V
231 3084 413 3161 Doctrinae,
438 3083 581 3167 quamvis
604 3082 697 3146 aliter
720 3081 907 3166 dispositam
930 3084 962 3144 et
975 3079 1084 3163 paucis
1100 3078 1297 3143 additamen-

116 3189 159 3252 tis
181 3193 319 3265 auctam,
343 3188 532 3252 verbotenus
553 3187 682 3270 repetiit
697 3191 792 3271 atque
807 3186 838 3262 4,
854 3186 874 3249 9
897 3186 1026 3268 insuper
1040 3183 1227 3247 Doctrinam
1245 3184 1295 3260 16,

118 3294 204 3358 2-3
228 3293 403 3377 exscripsit.
449 3291 586 3357 Hermas
608 3292 751 3356 Mandat.
772 3288 813 3369 IL
830 3290 915 3354 4-6
939 3288 1005 3353 fere
1028 3287 1136 3351 eadem
1158 3287 1296 3366 exbibet,

119 3420 198 3482 quae
233 3398 267 3462 in
289 3397 445 3461 Doctrina
469 3399 497 3475 l,
519 3398 548 3461 5.
567 3398 603 3471 ὃς
636 3397 706 3470 4,·7
737 3397 897 3482 leguntur.
943 3394 1065 3460 Auctor
1097 3392 1296 3457 Didascaliae

118 3503 338 3588 apostolorum
365 3501 492 3567 saeculo
513 3501 562 3566 III
584 3501 771 3566 Doctrinam
792 3507 860 3566 tam
882 3499 1014 3584 largiter
1036 3498 1069 3562 in
1091 3519 1183 3561 usum
1205 3519 1297 3561 suum

118 3608 283 3684 convertit,
306 3614 344 3671 ut
366 3607 466 3692 ipsius
488 3606 569 3671 liber
591 3627 693 3691 paene
715 3605 812 3670 editio
833 3604 928 3668 huius
950 3625 1032 3667 nova
1054 3606 1149 3686 atque
1164 3602 1298 3666 adaucta

117 3712 274 3797 appellari
303 3710 438 3797 possit⁸.
484 3710 608 3775 Auctor
631 3709 793 3776 Oanonum
823 3709 1107 3775 ecclesiasticorum
1129 3706 1179 3772 vel
1194 3707 1295 3789 scrip·

187 3846 396 3910 lCotelerius,
424 3847 542 3901 Patrum
570 3847 662 3915 apost.
690 3863 754 3915 opp.
783 3846 826 3899 ed.
845 3843 969 3899 Clericus
990 3841 1094 3902 17241,
1116 3841 1173 3895 197.
1209 3840 1294 3903 Zahn,

120 3934 276 3989 Gadeicmc
294 3935 342 3989 dea
358 3933 639 3988 matcatamentlicbm
657 3932 774 3988 Kanons
785 3932 812 3986 11
823 3931 915 4003 (1890)
927 3927 1074 3984 289-293.
1109 3928 1296 3998 lbcoloptaclrc

119 4022 333 4092 Quanalsctrift
352 4022 418 4076 1895
440 4040 467 4091 p.
487 4022 547 4075 527.

186 4111 204 4164 2
222 4108 300 4162 Zahn
318 4109 336 4161 l.
357 4125 379 4162 c.
399 4126 426 4177 p.
446 4107 592 4162 295-318

186 4198 204 4252 3
222 4197 319 4260 anlr,
343 4197 398 4251 Die
414 4196 621 4265 Apostoliacbca
638 4194 862 4249 Konstitationen
882 4192 946 4247 1891
966 4209 993 4261 p.
1012 4191 1124 4246 65-70.
1161 4189 1295 4257 Holzhey,

117 4285 172 4340 Die
197 4284 398 4353 Absumptae
424 4284 472 4338 der
498 4284 638 4352 saranum
664 4282 833 4336 Didaskalia
858 4297 911 4335 con
936 4282 984 4336 der
1010 4279 1135 4335 Didoclrc
1154 4277 1239 4339 1898,
1265 4277 1296 4330 in

120 4372 227 4441 Campa
245 4370 333 4425 reuda
351 4371 389 4425 du
412 4372 559 4440 macrianae
582 4371 691 4440 conqrta
710 4369 875 4438 amentiaque
892 4368 1086 4423 inamaricant
1110 4367 1156 4420 des
1177 4364 1292 4419 (imboli-

116 4477 182 4530 ἄνω
199 4466 265 4514 tenu
283 4477 302 4514 a
319 4458 458 4527 Fribourp
476 4457 496 4519 1,
517 4456 662 4511 249-277.
