2834 5018
177 346 242 411 404
521 339 697 396 EPISTULA
714 341 764 396 AD
783 340 1004 398 DIOGNE'I'UM

285 519 313 582 7.
351 514 426 601 [οὐχ
449 515 538 602 δρᾷς]
566 515 863 602 παραβαλλομένους
897 517 1038 602 θηρίοις,
1071 520 1124 582 ίνα
1158 520 1372 604 ἀρνήσωνται

177 623 230 685 τδν
253 620 368 703 κύριον,
390 622 444 684 καί
467 623 509 704 μὴ
532 621 738 705 νικωμένους;
762 627 792 689 8.
817 624 876 706 οὐχ
898 623 983 707 ὁρᾷς,
1007 626 1070 706 όοῳ
1093 623 1243 699 πλείονες
1268 624 1372 689 κολά-

176 726 300 805 ζονται,
330 725 469 809 τοσούτῳ
501 723 730 804 πλεονάζοντας
762 725 896 807 άλλους;
931 730 960 794 9.
985 738 1082 791 ταῦτα
1114 728 1303 812 ἀνθρώπου
1334 732 1372 793 οὐ

177 831 324 895 δοκεῖτὰ
347 831 438 914 ἔργα·
474 839 573 893 ταῦτα
596 829 722 914 δώναμίς
751 830 816 894 ἐστι
840 835 935 897 θεοῦ·
969 841 1067 895 ταῦτα
1096 842 1152 916 τῆς
1181 833 1370 915 παρουσίας

152 961 166 1000 ο
181 937 276 998 αὐτοῦ
298 934 459 1019 δείγματα.

265 1041 354 1107 VIII.
380 1038 435 1114 Τίς
456 1041 516 1124 γὰρ
539 1038 620 1114 ὅλως
643 1038 821 1121 ἀνθρώπων
843 1040 1010 1122 ήπίστατο,
1033 1040 1061 1103 τί
1083 1040 1155 1104 ποτ’
1180 1040 1253 1106 ἐστὶ
1279 1044 1369 1122 θεός,

177 1147 247 1226 πρὶν
270 1145 364 1207 αὐτόν
387 1142 511 1223 ἐλδεῖν;
546 1147 575 1209 2.
601 1141 645 1206 Ἢ
667 1147 737 1218 τοὺς
760 1148 868 1219 κενοὺς
897 1146 950 1207 καί
974 1144 1123 1230 ληρώδεις
1146 1145 1289 1213 ἐκείνων
1313 1148 1369 1212 λό-

178 1271 253 1332 γους
275 1247 416 1332 ἀποδέχῃ
446 1256 508 1311 τῶν
538 1246 725 1325 ἀξιοπίστων
756 1248 953 1331 φιλοσόφων,
984 1247 1027 1314 ών
1049 1249 1078 1312 οί
1100 1248 1158 1332 μέν
1196 1272 1284 1327 τινες
1308 1262 1368 1333 πῦρ

178 1355 300 1435 ἔφασαν
322 1349 399 1415 εἶναι
422 1353 475 1414 τόν
506 1354 584 1417 θεὸν
615 1350 665 1437 (οὗ
688 1350 836 1434 μέλλουσι
866 1352 1020 1436 χωρήσειν
1043 1354 1149 1434 αὐτοί,
1187 1368 1289 1421 τοῦτο
1311 1380 1368 1421 κα·

139 1456 267 1520 ιιλοῦσι
290 1455 390 1539 θεόν),
415 1455 444 1519 οί
466 1457 501 1520 δέ
523 1456 616 1538 ὕδωρ,
640 1455 669 1519 οἱ
692 1455 721 1518 δ’
743 1455 822 1519 ἄλλο
844 1477 872 1519 τι
895 1464 956 1520 τῶν
980 1457 1143 1541 στοιχείων
1169 1469 1237 1524 τών
1263 1462 1368 1526 ἐκτισ-

176 1561 278 1645 μὲνων
300 1561 362 1624 ὑπὸ
385 1563 479 1639 οεοῦ;
524 1564 553 1627 3.
577 1559 679 1624 καίτοι
710 1582 766 1645 γε,
799 1562 827 1623 εί
848 1582 893 1635 τις
915 1561 1032 1625 τούτων
1055 1575 1118 1627 τῶν
1151 1562 1266 1649 λόγων
1290 1567 1366 1631 ἀπό·

177 1665 285 1741 δεκτός
308 1665 389 1746 ἐστι,
419 1664 537 1729 δύναιτ’
559 1667 597 1728 ἂν
626 1667 679 1728 καί
710 1674 771 1730 τῶν
795 1664 911 1727 λοιπῶν
942 1667 1121 1748 κτισμάτων
1154 1668 1190 1731 ἓν
1226 1671 1365 1734 ἕκαστον

177 1770 290 1854 δμοίως
319 1769 554 1852 ἀποφαίνεσθαι
586 1768 673 1835 θεόν.
726 1774 756 1835 4.
787 1769 870 1832 ἀλλά
901 1778 1000 1833 ταῦτα
1033 1772 1089 1853 μέν
1121 1775 1275 1855 τερατεία
1313 1778 1365 1839 καί

177 1876 280 1961 πλάνη
303 1884 365 1939 τών
388 1874 510 1960 γοήτων
532 1874 632 1938 ἐστίν·
657 1880 686 1942 5.
711 1873 891 1957 ἀνθρώπων
913 1875 949 1938 δὲ
972 1876 1069 1950 οὐδεὶς
1093 1879 1167 1940 οὔτε
1185 1877 1273 1943 εἶδεν
1294 1884 1363 1944 οὔτε

139 2000 164 2040 ιι
178 1979 360 2065 ἐγνώρισεν,
392 1981 484 2054 αὐτὸς
507 1980 542 2042 δὲ
572 1978 682 2042 ἑαυτὸν
712 1978 875 2056 ἐπέδειξεν.
921 1983 951 2046 6.
975 1979 1112 2059 ἐπέδειξε
1143 1983 1181 2047 δὲ
1212 1984 1269 2049 διὰ
1299 1987 1364 2050 πίσ-

177 2106 265 2163 τεως,
288 2082 308 2168 ή
330 2084 409 2168 μόνη
440 2086 518 2151 θεὸν
541 2083 614 2146 ίδεῖν
644 2082 891 2167 συγκεχώρηται.
937 2086 966 2149 7.
992 2083 1091 2169 όγάρ
1120 2088 1284 2175 δεσπότης
1313 2091 1363 2153 καί

178 2189 362 2273 δημιουργός
383 2195 446 2250 τών
476 2187 557 2251 όλων
581 2186 673 2266 θεός,
706 2187 723 2249 ό
746 2187 878 2271 ποιήσας
899 2190 939 2250 τά
961 2188 1063 2253 πάντα
1085 2193 1140 2254 καί
1165 2197 1256 2258 κατὰ
1280 2195 1363 2273 τάξιν

178 2292 345 2374 διακρίνας,
369 2293 405 2354 οὐ
428 2293 521 2375 μόνον
545 2291 769 2374 φιλάνθρωπος
792 2291 932 2376 ἐγένετο,
955 2291 1114 2356 ἀλλὰκαὶ
1137 2299 1363 2383 μακρόθυμος.

180 2399 208 2462 8.
233 2393 305 2458 ἀλλ’
328 2394 417 2471 οὗτος
448 2394 485 2480 ήν
508 2397 564 2479 μὲν
595 2396 643 2458 ἀεί
666 2403 805 2470 τοιοῦτος
836 2397 889 2458 καί
912 2397 977 2460 ἔστι
1007 2396 1060 2458 καί
1083 2397 1192 2479 ἔσται,
1227 2405 1363 2488 χρηστός

139 2521 166 2559 ιο
179 2501 232 2562 καί
256 2501 380 2584 ἀγαθός
401 2502 454 2563 καί
484 2500 636 2585 ἀόργητος
657 2500 711 2561 καί
734 2498 875 2583 ἀληθής,
905 2501 958 2562 καί
981 2500 1074 2583 μόνος
1106 2503 1238 2586 ἀγαθός
1263 2506 1363 2571 ἐστιν·

181 2607 210 2669 9.
235 2601 383 2687 ἐννοήσας
406 2604 440 2667 δὲ
463 2604 603 2689 μεγάλην
625 2606 679 2666 καί
696 2605 855 2685 ἄφραστον
879 2603 998 2667 ἔννοιαν
1014 2605 1255 2674 ἀνεκοινώσατο
1279 2613 1361 2695 μόνῳ

178 2715 222 2790 τῷ
253 2707 348 2774 παιδί.
396 2711 445 2775 10.
470 2709 503 2772 ἐν
533 2711 598 2792 όσῳ
630 2710 685 2792 μὲν
716 2705 770 2771 οὖν
800 2717 945 2791 κατεῖχεν
975 2708 1007 2771 έν
1030 2711 1191 2795 μυστηρίῳ
1226 2717 1284 2778 καί
1307 2716 1364 2780 διε-

177 2811 262 2895 τήρει
293 2815 348 2895 ιήν
378 2814 477 2895 σοφὴν
510 2813 606 2875 αὐτοῦ
639 2810 770 2896 βουλήν,
802 2811 928 2894 ἀμελεῖν
949 2812 1037 2895 ήμῶν
1060 2815 1113 2876 καί
1142 2816 1363 2900 ἀφροντιστεῖν

178 2916 297 2980 ἐδόκει·
344 2921 394 2984 11.
426 2916 491 2980 ἐπεί
523 2916 558 2979 δέ
587 2914 773 2998 άπεκάλυψε
802 2917 854 2979 διὰ
882 2926 937 2980 τοῦ
969 2917 1132 3000 ἀγαπητοῦ
1164 2922 1282 2999 παιδδς
1314 2925 1364 2986 καί

139 3038 165 3077 ιι
179 3020 357 3103 έφανέρωσε
378 3023 418 3083 τά
441 3020 473 3097 ἐξ
503 3021 601 3104 ἀρχῆς
622 3020 850 3104 ήτοιμασμένα,
882 3020 981 3086 πάνθ’
1004 3022 1070 3104 ἅμα
1092 3023 1260 3108 παρέσχεν
1282 3027 1363 3111 ἡμῖν,

179 3127 232 3188 καί
255 3134 420 3208 μετασχεῖν
443 3134 505 3188 τών
528 3126 711 3209 εὐεργεσιῶν
735 3126 829 3188 αὐτοῦ
852 3128 904 3188 καί
934 3126 1006 3189 ίδεῖν
1029 3127 1082 3188 καί
1106 3137 1241 3212 νοήσαι,
1276 3134 1298 3195 ἀ
1320 3131 1363 3206 τίς

179 3230 217 3291 ἀν
240 3227 367 3293 πώποτε
389 3228 620 3310 προσεδόκησεν
642 3225 751 3310 ήμῶν;

248 3382 292 3447 2ί3
309 3381 472 3450 κολάζονται
492 3380 516 3430 Α
528 3379 547 3430 h
560 3398 566 3431 ι
579 3380 743 3449 κολάζοντες
756 3379 787 3433 St
803 3380 806 3449 ί
823 3383 839 3433 5
857 3384 990 3453 δείγματα
1009 3400 1053 3436 em
1066 3384 1098 3438 St
1111 3405 1118 3437 ι
1131 3389 1269 3461 δόγματα
1287 3393 1313 3445 A
1325 3392 1344 3445 h
1357 3444 1359 3455 ,

178 3467 195 3521 8
214 3487 287 3534 τινες
303 3469 328 3519 A
341 3486 347 3519 :
359 3470 395 3533 >
411 3466 431 3519 h
448 3468 451 3534 Ι
469 3466 501 3518 14
519 3462 606 3522 εἶδενι
621 3463 699 3523 εἶπεν
715 3468 741 3521 A
754 3467 773 3519 h
794 3469 798 3536 Ι
823 3469 854 3522 16
871 3472 944 3539 μόνῃ
964 3470 982 3522 h
995 3489 1001 3522 :
1013 3472 1104 3540 μόνον
1122 3473 1147 3527 Α
1172 3477 1177 3546 Ι
1201 3477 1237 3532 21
1259 3477 1363 3535 άνενιοι·

181 3553 290 3610 νώσατο
302 3572 308 3605 ι
321 3554 354 3625 ἣν
371 3551 539 3610 ἐκοινώσατο
558 3554 582 3604 Α
596 3553 614 3605 h
629 3558 633 3622 Ι
649 3553 684 3607 26
703 3561 759 3610 τών
777 3557 801 3607 Α
813 3556 832 3608 h
846 3574 851 3607 :
865 3560 899 3622 >
911 3556 943 3610 St
958 3558 962 3627 ί
979 3569 1074 3627 νοῆσαι
1087 3555 1106 3616 ἀ
1119 3564 1163 3626 τίς
1183 3579 1232 3616 em
1245 3564 1269 3618 1.
1285 3584 1292 3617 ι
1305 3584 1362 3622 uoc-

181 3653 252 3711 ῆσαι,
271 3660 312 3706 τις
330 3641 355 3691 Δ
367 3639 387 3691 h

182 3776 283 3814 cunam
310 3769 474 3828 sequentem
500 3763 545 3816 his
573 3764 632 3818 fere
660 3764 867 3838 νειῖιίιήλαχοῦ
908 3768 1213 3839 κεφαλοτομουμένους
1253 3795 1285 3831 τε
1320 3778 1364 3831 καί

182 3848 348 3918 explendam
367 3866 427 3902 esee
446 3852 568 3905 censuit:
591 3855 636 3908 καί
654 3851 755 3921 ταύτην
767 3846 769 3859 ’
781 3853 1004 3924 σταυρουμένους
1027 3857 1073 3909 καί
1091 3861 1366 3929 παραβαλλομένους

181 3936 210 3992 δὲ
227 3942 278 4007 τήν
292 3938 445 4008 παρουσίαν
459 3935 545 3992 αὐτοῦ
556 3936 755 4005 άνενδοιάστως
781 3944 889 4010 θηρίοις
905 3947 963 3996 κτλ.
984 3939 1020 3993 cf.
1039 3940 1106 3995 lust.
1125 3942 1203 3997 Dial.
1226 3963 1251 4000 c.
1274 3949 1332 4003 110.

180 4028 397 4095 παραδοκῶντας
420 4022 485 4088 τοὺς
502 4024 573 4080 κατὰ
596 4033 689 4081 πᾶσαν
706 4030 755 4095 τήν
816 4027 839 4079 7.
859 4027 901 4081 cf.
924 4026 963 4089 10.
983 4028 1006 4080 7.

181 4120 232 4179 γῆν
259 4107 302 4164 ἐπ’
320 4107 405 4165 αὐτὸν
430 4112 649 4177 πεπιστευκότας
675 4111 755 4168 οὐδὲν
815 4112 840 4166 8.
860 4114 901 4168 cf.
921 4114 945 4176 6,
963 4114 987 4166 9.

181 4195 346 4266 τοπαράπαν
358 4194 416 4252 ἐστὶ
434 4196 468 4252 τό
481 4193 610 4269 ἐκφοβεῖν
626 4199 643 4268 ἢ
659 4204 754 4255 δουλα-
816 4200 839 4252 9.
860 4199 901 4253 cf.
920 4197 988 4252 lust.
1001 4198 1081 4268 Apol.
1099 4199 1134 4263 ΙΙ,
1151 4205 1184 4258 10
1204 4204 1273 4269 ίίιι.;
1293 4206 1367 4277 Orig.

181 4290 283 4352 γωγεῖν
295 4283 455 4352 δυνάμενον.
475 4281 525 4354 οὐχ
537 4283 605 4360 ὁρᾷς
622 4283 676 4357 γάρ
687 4291 753 4342 πολ·
781 4285 821 4339 De
839 4285 925 4354 princ.
946 4286 992 4349 IV,
1010 4287 1035 4340 2.
