2834 5018
463 604 489 660 S.
508 602 650 660 IGNA'I'II
666 603 875 660 EPISTULAE.
1136 612 1254 678 LXVII

79 803 151 866 quae
164 785 204 848 ab
215 782 453 868 interpolatore
464 780 610 866 profecta
620 803 688 846 esse
699 781 895 859 videbantur,
902 782 1000 847 minio
1011 784 1139 869 signata
1150 789 1253 851 sunt¹.

154 887 282 954 Ussher
306 887 497 952 contendere
518 908 582 951 non
605 890 653 950 est
675 908 787 963 ausus,
820 908 859 951 ex
880 888 1023 953 versione
1046 913 1142 972 quam
1163 892 1253 956 inve-

75 997 158 1058 nerat
181 993 252 1058 sola
276 992 441 1078 Ignatium
462 991 640 1076 integritati
662 1012 738 1056 suae
761 991 884 1055 restitui
906 1014 1009 1076 posse.
1056 993 1118 1060 Sed
1143 1017 1253 1079 spera-

75 1099 125 1174 rit,
148 1097 284 1162 alterius
307 1096 498 1181 exemplaris
520 1096 695 1161 subsidium
727 1117 925 1160 accessurum
948 1118 1033 1176 esse,
1063 1098 1114 1163 vel
1137 1101 1252 1184 graeci,

76 1203 159 1268 cuius
183 1224 222 1266 ex
255 1202 455 1267 bibliotheca
476 1201 662 1266 Florentino
691 1200 853 1265 obtinendi
876 1222 947 1283 spes
977 1201 1040 1285 ipsi
1061 1225 1163 1287 nuper
1186 1210 1254 1269 erat

74 1307 188 1372 iniecta
210 1328 277 1371 non
300 1306 426 1390 exigua,
449 1306 501 1371 vel
524 1306 638 1371 saltem
653 1305 776 1388 syriaci,
801 1305 886 1388 quod
900 1304 1021 1370 Romae
1043 1310 1173 1392 reperiri
1195 1311 1251 1374 ad·

75 1411 132 1476 huc
154 1433 252 1496 posse
282 1413 420 1498 putabat
434 1408 464 1487 ²,
495 1432 599 1495 neque
629 1431 663 1474 se
692 1409 818 1473 fefellit.
864 1408 932 1473 Iam
954 1433 981 1473 a.
1008 1410 1092 1476 1646
1124 1412 1252 1479 isaacus

76 1515 156 1581 Voss
180 1515 337 1600 epistulas
359 1516 513 1600 genuinas
536 1537 560 1578 s.
586 1514 705 1598 Ignatii
727 1514 877 1598 martyris
900 1534 917 1577 e
939 1515 1046 1580 codice
1068 1516 1251 1583 Florentino

75 1620 178 1685 edidit.
233 1620 402 1705 Epistulae
432 1619 465 1683 in
493 1618 599 1683 codice
628 1640 743 1704 graeco
775 1619 909 1682 eundem
938 1620 1079 1685 ordinem
1107 1623 1252 1688 obtinent

76 1748 166 1810 quem
181 1726 216 1790 in
233 1725 395 1790 codicibus
413 1722 531 1800 latinis,
556 1744 635 1807 quos
652 1721 773 1787 Ussher
787 1722 821 1787 in
843 1722 947 1787 lucem
962 1726 1120 1809 produxit.
1145 1728 1251 1793 Primo

76 1831 153 1895 enim
184 1830 340 1915 leguntur
370 1829 526 1913 epistulae
549 1828 706 1912 genuinae
734 1849 790 1892 seu
818 1848 882 1892 non
910 1827 1121 1913 interpolatae
1156 1828 1187 1912 1)
1211 1833 1252 1896 ad

76 1933 274 2019 smyrnaeos,
298 1932 331 2014 2)
356 1935 396 1999 ad
407 1932 630 2016 Polycarpum,
655 1930 687 2014 3)
705 1933 745 1996 ad
760 1931 926 2015 Ephesios,
952 1931 985 2014 4)
1002 1935 1042 1998 ad
1056 1935 1249 2019 Magnesios,

75 2037 104 2121 5)
128 2040 170 2103 ad
193 2035 491 2122 Philadelphenses,
529 2036 561 2119 6)
586 2037 626 2100 ad
656 2035 851 2111 Trallianam
886 2039 955 2100 tum
977 2044 1153 2121 sequuntur
1181 2042 1250 2124 epi·

75 2143 174 2208 stulae
196 2142 333 2208 ficticiae
349 2147 480 2227 excepta
502 2141 641 2226 epistula
664 2142 704 2205 ad
719 2141 949 2225 Philippenses,
974 2143 1094 2208 scilicet
1123 2143 1154 2226 7)
1178 2144 1250 2210 Ma·

74 2248 135 2311 riae
159 2247 246 2313 Cass.
272 2248 313 2312 ad
335 2247 505 2332 ignatium,
529 2245 562 2327 8)
586 2245 705 2330 Ignatii
727 2246 767 2309 ad
789 2244 933 2323 Mariam,
957 2244 990 2328 9)
1014 2247 1055 2310 ad
1070 2246 1249 2326 Tarsenses,

77 2351 126 2435 10)
157 2355 199 2418 ad
232 2352 467 2428 Antiochenos,
505 2349 558 2432 11)
591 2351 631 2415 ad
664 2351 839 2427 Heronem
875 2351 1008 2433 denique
1042 2351 1136 2418 linem
1172 2354 1251 2419 facit

77 2458 126 2541 12)
150 2458 290 2543 epistula
316 2459 358 2522 ad
379 2458 540 2522 Romanos
562 2456 613 2522 vel
641 2456 747 2539 potius
770 2454 961 2538 Martyrium
983 2478 1007 2520 s.
1032 2456 1167 2541 Ignatii,
1200 2459 1250 2523 oui

75 2562 148 2628 haec
171 2561 311 2646 epistula
340 2561 460 2625 inserta
488 2567 545 2626 est.
593 2560 745 2626 Collectio
768 2583 845 2646 ergo
875 2561 974 2625 mixta
996 2567 1061 2639 est,
1095 2563 1249 2647 epistulas

75 2669 189 2754 Ignatii
212 2673 245 2733 et
267 2667 531 2752 Pseudo-Ignatii
561 2668 721 2733 exhibens.
768 2667 875 2731 Codex
898 2666 1099 2732 Florentinus
1122 2669 1249 2752 quidem

75 2775 105 2839 in
126 2797 174 2859 ep.
199 2775 241 2838 ad
263 2772 434 2838 Tarsenses
457 2794 482 2837 c.
501 2774 519 2837 7
543 2772 655 2836 deficit.
702 2771 815 2856 Neque
838 2793 910 2835 vero
940 2771 1070 2836 dubium
1092 2777 1150 2851 est,
1175 2775 1250 2857 quin

74 2880 194 2964 integer
224 2878 351 2943 easdem
380 2877 533 2960 epistulas
555 2876 589 2940 in
618 2877 789 2959 eodemque
812 2875 920 2939 ordine
952 2875 1122 2960 dispositas
1146 2878 1248 2942 conti-

74 2984 175 3048 nuerit
197 3004 235 3047 ac
256 2982 360 3046 versio
382 2980 440 3045 illa
462 2981 571 3045 latina.
619 2980 800 3064 Epistulam
823 2981 862 3044 ad
884 2979 1053 3058 Romanos,
1077 3002 1159 3064 quae
1182 2982 1250 3046 sola

75 3087 152 3152 inter
175 3084 331 3171 epistulas
347 3084 501 3168 genuinas
522 3085 556 3149 in
571 3085 678 3149 codice
693 3084 789 3160 deest,
804 3082 888 3148 Voss
903 3084 1000 3148 talem
1016 3084 1123 3161 edidit,
1148 3085 1249 3170 qualis

74 3189 312 3256 incollectione
335 3187 627 3273 Pseudoignatiana
656 3188 783 3272 legitur.
830 3187 1056 3253 Recensionem
1083 3193 1248 3272 praestan-

74 3296 183 3360 tiorem
198 3294 355 3378 Martyrio
369 3293 525 3358 inclusam
540 3293 599 3358 Th.
617 3293 754 3358 Ruinart
770 3314 787 3356 e
802 3293 908 3357 codice
924 3291 1105 3357 Colbertiuo
1122 3315 1149 3357 a.
1165 3295 1248 3359 1689

75 3400 168 3465 edidit
177 3398 200 3477 ⁸,
215 3420 350 3482 eumque
368 3397 468 3462 secuti
482 3397 672 3480 posteriores
688 3397 769 3461 hanc
791 3397 858 3460 iure
874 3400 906 3460 et
917 3397 1090 3461 recensioni
1105 3397 1247 3463 Pseudo·

73 3504 252 3588 ignatianae
276 3509 308 3567 et
329 3503 360 3567 ei
381 3501 613 3587 praetulerunt,
648 3524 743 3585 quam
767 3500 903 3584 Symeon
924 3500 1160 3585 Metaphrastes
1183 3504 1248 3567 suis

74 3608 189 3692 Ignatii
212 3607 303 3672 Actis
325 3606 466 3671 inseruit.

155 3711 198 3776 Is.
224 3712 308 3777 Voss
331 3732 518 3795 persuasum
540 3710 601 3775 sibi
623 3710 751 3786 habuit,
785 3709 938 3793 epistulas
960 3710 1137 3786 breviores,
1170 3732 1248 3794 quas

74 3816 176 3894 edidit,
201 3815 321 3899 Ignatii
345 3814 498 3898 epistulas
522 3815 685 3900 genuinas,
710 3814 863 3898 epistulas
885 3813 1045 3899 longiores
1069 3814 1149 3878 alias
1170 3836 1246 3898 sup-

73 3922 252 4005 posticias,
283 3920 363 3985 alias
385 3918 594 4002 interpolatas
618 3941 703 3997 esse,
734 3919 878 4003 idemque
900 3940 1024 3984 sensere
1052 3919 1117 3983 fere
1139 3940 1248 3983 omnes

73 4027 273 4108 posteriores,
310 4025 364 4108 qui
391 4045 455 4088 uon
477 4045 585 4087 omnes
618 4023 788 4107 epistulas,
825 4024 880 4107 qui
902 4025 961 4088 sub
984 4023 1100 4108 Ignatii
1122 4022 1247 4086 nomine

74 4128 344 4205 cncumferuntur,
367 4126 499 4191 ficticias
521 4130 724 4210 putaverunt,
749 4148 775 4190 e.
802 4147 833 4210 g.
857 4127 939 4191 inter
962 4125 1142 4191 Catholicos
1166 4127 1245 4191 Dio-

141 4302 154 4352 l
176 4298 326 4368 Polycarpi
346 4299 375 4353 et
386 4296 493 4367 Ignatii
511 4297 658 4366 epistolae.
696 4295 913 4350 Oxoniae1644.
948 4297 1077 4350 Praefixa
1090 4302 1132 4352 est
1148 4297 1246 4351 disser-

72 4386 141 4442 tatio
160 4385 196 4441 de
214 4386 327 4458 Ignatio
346 4384 458 4455 saepius
476 4385 598 4440 laudata

138 4474 156 4527 2
173 4472 291 4527 Dissert.
311 4489 334 4526 c.
352 4476 370 4527 4
389 4491 416 4542 p.
436 4470 533 4526 XXVI.

139 4561 156 4616 3
173 4562 248 4617 Acta
264 4559 420 4630 primorum
438 4561 593 4628 martyrum
611 4557 728 4612 sincera.
