2834 5018
498 694 563 750 VIS.
582 695 628 760 ΙΠ,
649 697 672 758 1,
691 696 767 757 6-2,
787 696 811 749 2.
1178 700 1242 766 435

65 874 268 937 confitentem
292 874 418 937 domino
440 879 574 957 peccata
586 896 666 938 mea.
712 874 756 938 Et
771 879 907 959 tangens
929 897 979 939 me
996 875 1088 940 dicit:
1112 876 1241 955 Herma,

65 980 172 1043 desine
195 979 236 1042 ob
259 982 391 1061 peccata
413 983 469 1041 tua
492 1000 615 1062 semper
637 999 765 1063 rogam
798 1001 879 1065 roga
901 980 997 1045 etiam
1019 981 1183 1059 iustitiam,
1207 986 1244 1046 ut

64 1085 201 1168 accipias
235 1088 359 1167 partem
391 1083 457 1147 eius
490 1082 630 1167 aliquam
660 1085 694 1148 in
717 1084 808 1148 domo
840 1089 903 1149 tua.
952 1085 980 1148 7.
1004 1085 1048 1149 Et
1075 1085 1170 1169 erigit
1192 1106 1242 1149 me

63 1212 159 1252 manu
182 1194 214 1252 et
237 1189 323 1252 ducit
345 1209 396 1251 me
419 1187 459 1251 ad
473 1187 659 1251 subsellium
681 1191 712 1252 et
735 1188 811 1252 dicit
825 1188 1005 1252 iuvenibus:
1029 1188 1076 1252 Ite
1101 1195 1133 1253 et
1155 1190 1241 1253 aedi-

63 1295 164 1358 ficate.
212 1294 241 1357 8.
266 1293 310 1356 Et
334 1314 404 1357 cum
420 1292 622 1356 recessissent
643 1292 771 1356 iuvenes
787 1296 818 1356 et
840 1313 898 1356 nos
914 1293 975 1357 soli
997 1292 1075 1357 facti
1091 1312 1268 1371 essemus,⁶

63 1398 139 1462 dicit
162 1397 255 1461 mihi:
281 1396 360 1461 Sede
383 1397 444 1460 hio.
492 1396 572 1461 Dico
595 1396 641 1459 ei:
670 1395 816 1474 Domina,
841 1397 908 1462 sine
930 1400 1131 1482 presbyteros
1153 1397 1242 1482 prius

63 1503 180 1566 sedere.
226 1501 319 1578 Quod
347 1501 405 1565 tibi
437 1501 524 1578 dico,
556 1501 676 1586 inquit,
709 1502 790 1566 sede.
838 1502 866 1566 9.
893 1502 972 1566 (lum
1003 1503 1103 1587 igitur
1134 1503 1242 1566 sedere

63 1606 177 1671 vellem
200 1608 240 1670 ad
263 1608 424 1670 dexteram
446 1613 587 1692 partem,
621 1630 685 1671 non
707 1609 852 1691 permisit
873 1609 960 1686 mihi,
985 1609 1039 1673 sed
1063 1632 1160 1673 manu
1183 1631 1241 1672 an·

62 1713 132 1775 nuit
155 1711 250 1789 mihi,
284 1717 321 1775 ut
344 1713 384 1776 ad
412 1713 573 1776 sinistram
604 1717 728 1796 partem
757 1714 892 1778 sedeam.
939 1711 1019 1776 Cum
1040 1713 1140 1796 igitur
1162 1713 1241 1777 deli·

63 1816 205 1880 berarem
236 1838 272 1881 ac
301 1818 518 1894 contristarer,
550 1817 634 1900 quod
662 1839 726 1881 non
758 1819 901 1901 permisit
929 1840 980 1882 me
1011 1818 1051 1882 ad
1081 1818 1243 1883 dexteram
1257 1835 1282 1872 1⁰

62 1925 187 2003 partem
210 1922 326 1997 sedere,
351 1920 396 1984 ait
417 1921 516 1984 mihi:
552 1919 772 1999 contristaris,
796 1922 940 1985 Herma?
974 1921 1075 1986 Locus
1103 1924 1143 1987 ad
1166 1924 1241 1986 dex·

62 2030 163 2087 teram
185 2028 309 2107 partem
333 2025 465 2089 aliorum
488 2029 553 2103 est,
588 2047 712 2102 eorum,
747 2026 800 2109 qui
822 2026 886 2089 iam
907 2025 1097 2109 placuenurt
1128 2026 1186 2090 deo
1210 2030 1242 2089 et

61 2130 148 2212 passi
171 2134 245 2193 sunt
268 2134 398 2213 propter
413 2151 544 2207 nomen3
568 2130 627 2193 tibi
644 2135 750 2193 autem
772 2129 873 2193 multa
890 2129 1047 2208 deficiunt,
1073 2130 1242 2214 quominus

62 2233 222 2297 cumillis
245 2234 371 2307 sedeas3
395 2235 449 2299 sed
472 2241 508 2299 ut
530 2256 695 2318 permanes
718 2235 751 2299 in
767 2235 971 2318 simplicitate
993 2240 1058 2313 tua,
1083 2256 1185 2312 mane,
1211 2239 1242 2298 et

62 2339 185 2402 sedebis
208 2361 279 2403 cum
308 2339 348 2402 iis
373 2345 405 2403 et
428 2340 618 2423 quicumque
651 2343 824 2422 operantur
850 2338 978 2404 illorum
1008 2362 1105 2423 opera
1128 2361 1164 2404 ac
1187 2361 1241 2403 su·
1256 2357 1281 2394 1⁶

61 2443 190 2520 stinent
217 2466 297 2528 quae
320 2449 352 2508 et
374 2445 422 2509 illi
446 2446 672 2510 sustinuerunt.

152 2543 188 2612 2.
215 2548 305 2626 Quid,
329 2550 469 2632 inquam,
493 2551 736 2615 sustinuerrmt?
758 2548 853 2626 Audi,
870 2549 992 2633 inquit:
1015 2548 1154 2634 flagella,
1171 2570 1241 2612 car·

61 2673 167 2727 ceres,
202 2653 423 2718 tribulationes
453 2675 604 2738 magnas,
638 2675 761 2730 cruces,
794 2653 912 2718 bestias
945 2658 1075 2737 propter
1107 2674 1241 2727 uomen3

61 2761 235 2840 propterea
259 2758 386 2823 illorum
409 2763 456 2822 est
480 2760 609 2823 dextera
631 2781 706 2841 pars
728 2758 933 2822 beatitudinis
957 2759 1080 2833 eteius,
1106 2757 1160 2842 qui
1182 2780 1241 2841 pa·

60 2861 142 2924 titur
163 2866 294 2946 propter
323 2883 453 2939 nomen3
485 2863 679 2948 reliquorum
710 2863 838 2927 sinistra
860 2885 933 2946 pars
956 2867 1012 2927 est.
1060 2862 1122 2927 Sed
1144 2863 1241 2927 utris·
1257 2875 1282 2913 2⁰

62 2987 133 3048 que,
159 2971 190 3029 et
213 2966 269 3043 iis,
303 2967 358 3050 qui
381 2969 421 3031 ad
444 2969 619 3043 dexteram,
655 2973 687 3032 et
708 2968 763 3045 iis,
797 2967 914 3051 qui'ad
936 2967 1098 3031 sinistram
1120 2967 1240 3044 sedent,

61 3070 174 3134 eadem
198 3071 280 3135 dona
303 3078 376 3136 sunt
400 3078 432 3136 et
455 3074 583 3137 eaedem
605 3073 845 3157 promissiones;
880 3072 974 3135 modo
997 3071 1046 3134 illi
1069 3071 1108 3134 ad
1131 3072 1240 3134 dexte·

61 3197 132 3238 ram
156 3176 267 3240 sedent
289 3177 471 3261 habentque
493 3177 629 3261 gloriam
646 3178 813 3262 quandam.
860 3177 890 3238 2.
915 3174 964 3239 Tu
981 3180 1087 3238 autem
1109 3175 1242 3258 cupidus

61 3301 95 3343 es
120 3280 226 3344 sedere
257 3283 296 3345 ad
331 3283 491 3346 dexteram
520 3305 590 3348 cum
623 3282 704 3359 illis,
737 3283 792 3345 sed
823 3281 902 3344 vitia
929 3283 986 3342 tua
1017 3283 1090 3343 suut
1123 3278 1240 3351 multa3

59 3383 264 3448 mundaberis
288 3391 394 3449 autem
417 3387 544 3451 avitiis
567 3387 640 3462 tuis,
665 3389 697 3449 et
719 3405 843 3460 onmes,
875 3384 1013 3465 quinon
1037 3386 1110 3446 sunt
1134 3382 1239 3465 dupli·
1254 3395 1280 3434 11

60 3508 113 3550 ces
138 3488 261 3565 animo,
296 3491 532 3556 mundabuntur
555 3493 595 3556 ab
628 3490 774 3554 omnibus
803 3487 942 3572 peccatis
974 3487 1007 3549 in
1034 3486 1118 3550 hunc
1148 3486 1240 3550 diem.

97 3607 121 3659 9.
141 3608 305 3677 παθόντων]
323 3609 341 3661 i.
361 3625 383 3662 e.
403 3611 565 3678 martyrum.
597 3607 637 3662 cf.
665 3607 765 3678 ματος]
784 3605 886 3661 Iisdem
901 3603 992 3658 verbis
1011 3603 1100 3659 utitur
1115 3604 1242 3660 Clemens

60 3709 85 3746 c.
105 3694 129 3755 2,
151 3695 178 3756 1;
206 3696 230 3756 5,
249 3696 280 3756 2;
308 3696 373 3749 δίκη.
392 3695 469 3760 VIII,
489 3698 513 3761 3,
533 3696 564 3760 6;
592 3697 638 3761 1x‚
665 3695 708 3748 Al.
735 3694 835 3749 Strom.
855 3691 906 3756 IV,
924 3695 950 3755 4,
971 3694 1003 3745 15
1027 3709 1054 3761 p.
1074 3692 1138 3754 570;
1164 3691 1189 3754 8,
1209 3690 1243 3744 80

59 3781 103 3842 28,
123 3782 154 3842 2;
180 3781 294 3851 Hippol.
324 3783 355 3834 ln
383 3784 499 3838 Susann.
526 3783 568 3837 ed.
588 3784 694 3867 Laqp.
713 3784 771 3838 576.
799 3812 833 3820 -
861 3781 895 3838 τὰ
913 3778 983 3836 αὐτὰ
1010 3785 1085 3852 δῶρα
1109 3778 1180 3848 κτλ]
1201 3776 1242 3831 ef.

60 3866 151 3937 garde
170 3868 237 3923 1858
256 3887 282 3938 p.
304 3871 360 3933 149,
381 3871 491 3924 23-26.
666 3869 850 3932 Mattu20,1
865 3886 926 3936 sqq.
946 3899 981 3907 —
999 3865 1030 3924 ἐκ
1048 3866 1155 3936 δεξιῶν]
1174 3865 1242 3919 Her·

98 3956 125 4015 2,
146 3954 167 4005 l·
187 3956 270 4024 μάστ-
291 3957 425 4027 φνλακάς]
445 3957 487 4011 Cf.
502 3956 585 4011 Hebr.
598 3959 638 4023 11,
665 3975 726 4011 mas
739 3957 828 4028 igitur
845 3957 943 4010 electis
956 3972 1013 4009 uon
1025 3953 1109 4024 plane
1122 3952 1242 4008 eundem

59 4041 104 4096 36.
125 4072 159 4081 -
177 4063 272 4116 oraco-
293 4045 391 4118 θηρία]
410 4044 525 4099 Tacitus
537 4045 637 4098 Annat
665 4044 851 4100 beatitudinis
878 4042 998 4114 gradum
1023 4042 1166 4112 assignat,
1194 4039 1242 4094 sed

60 4125 120 4191 XV,
138 4129 174 4181 44
191 4128 330 4185 Neronem
354 4133 537 4201 pereuntibus
561 4133 638 4186 addi·
666 4132 856 4187 differentiam
885 4129 1012 4197 quamvis
1040 4145 1156 4199 parvum
1185 4131 1241 4181 sta·

60 4213 138 4267 aisse
165 4214 288 4271 nanas
315 4219 418 4282 resera,
451 4224 483 4273 ut
515 4204 731 4279 ferarumlrun.
769 4220 810 4274 of.
839 4217 895 4271 vis.
915 4218 961 4281 111,
982 4220 1005 4280 r,
1025 4217 1055 4279 α,
1083 4215 1148 4269 sim.
1168 4212 1241 4277 vui,

59 4300 150 4371 tergis
170 4305 293 4359 contecti
313 4307 421 4360 laniatu
439 4325 536 4362 conum
554 4308 639 4362 inter-
651 4308 654 4357 l
667 4310 690 4371 6,
709 4308 734 4362 6.

59 4387 136 4440 irent
163 4395 213 4443 aut
240 4394 367 4447 crucibus
393 4395 480 4460 offici.
518 4393 579 4459 Quo
606 4411 640 4448 ex
700 4396 726 4446 4.
744 4392 861 4465 πύργον]
880 4391 900 4444 i.
915 4406 937 4443 e·
951 4388 1107 4449 ecclesiam.
1127 4391 1159 4442 ut
1172 4404 1242 4441 anus

59 4474 125 4528 Ioco
154 4477 248 4548 colligi
275 4496 332 4534 non
359 4485 471 4549 potest,
506 4482 638 4535 Hermam
667 4480 742 4533 infra
760 4497 781 4532 c.
796 4479 846 4540 3‚3
863 4478 1074 4546 interpretatur.
1093 4505 1127 4514 -
1147 4493 1242 4545 τετρα-

59 4569 128 4634 post
154 4566 307 4622 Traianum
338 4569 493 4637 scripsisse.
530 4567 584 4621 Sed
604 4546 777 4655 ctlydrvocc]
796 4563 853 4619 Alii
870 4562 979 4633 Iapides
998 4583 1022 4618 v.
1042 4561 1110 4616 5-9
1123 4577 1240 4615 comme·

61 4650 129 4705 Sim.
143 4653 189 4716 IX,
208 4656 248 4710 28.
268 4686 302 4695 -
321 4676 344 4711 τ.
364 4655 438 4724 δεξιὰ
455 4678 485 4725 μ.
504 4675 527 4712 t.
546 4652 640 4727 ἁγιάσ-
652 4662 655 4714 Ι
666 4656 820 4706 morantur.
857 4649 1057 4718 Interpretatio
1076 4649 1205 4716 sequitur
1217 4664 1242 4710 c,

967 4740 1034 4806 28ὴ
