2834 5018
493 706 606 762 MAND.
619 708 652 772 V,
674 708 791 773 1,6-2,
810 710 834 763 5.
1185 713 1249 778 485

75 883 300 968 longanimitas
322 905 425 969 neque
454 890 502 950 est
524 886 612 950 utilis
635 887 719 970 apud
742 888 834 952 deum
863 887 964 951 oratio
986 886 1081 953 illius.
1130 889 1158 951 7.
1182 887 1250 953 Vo-

75 990 190 1063 lebam,
215 989 363 1073 inquam,
388 989 528 1067 domine,
552 1011 741 1076 cognoscere
763 993 980 1075 operationem
1001 992 1189 1070 iracundiae,
1214 997 1251 1057 ut

76 1094 252 1158 abstineam
276 1095 316 1159 ab
340 1116 385 1158 ea.
430 1095 475 1159 Et
498 1115 582 1171 sane,
607 1094 721 1179 inquit,
744 1096 771 1160 si
792 1118 856 1161 non
880 1097 1069 1162 abstinueris
1092 1099 1133 1163 ab
1155 1119 1193 1162 ea
1214 1102 1252 1161 tu

76 1203 109 1261 et
131 1199 242 1262 domus
264 1204 337 1276 tua,
370 1199 535 1283 perdidisti
558 1221 684 1264 omnem
714 1222 803 1284 spem
833 1205 931 1265 tuam.
977 1200 1039 1266 Sed
1063 1202 1186 1267 abstine
1209 1202 1249 1266 ab

76 1324 130 1377 ea;
155 1305 322 1387 egoenim
344 1309 448 1368 tecum
471 1327 549 1369 sum.
594 1305 639 1369 Et
661 1326 769 1369 omnes
792 1306 996 1370 abstinebunt
1019 1307 1059 1371 ab
1082 1327 1128 1384 ea,
1153 1311 1276 1392 quot-⁶

76 1413 155 1490 quot
176 1409 404 1492 paenitentiam
426 1410 549 1493 egerint
573 1430 611 1473 ex
632 1414 703 1474 tcto
727 1411 819 1475 eorde
842 1431 914 1486 suo;
937 1431 991 1474 ero
1013 1410 1096 1474 enim
1119 1433 1190 1474 cum
1211 1409 1250 1474 iis

76 1519 109 1577 et
132 1514 322 1578 conservabo
345 1534 416 1591 eos;
440 1535 575 1600 namque
599 1536 707 1580 omnes
730 1515 892 1580 iustificati
915 1520 989 1580 sunt
1012 1539 1031 1580 a
1052 1516 1250 1581 sanctissimo

76 1620 200 1702 angele.

164 1719 201 1788 2.
226 1724 311 1788 Audi
333 1746 426 1802 nunc,
449 1725 570 1809 inquit,
600 1725 816 1809 operationem
837 1725 1034 1803 iracundiae,
1060 1747 1156 1810 quam
1177 1746 1250 1809 per·

75 1830 197 1893 niciosa
219 1829 277 1907 sit,
309 1834 341 1894 et
364 1831 520 1914 quomodo
544 1852 650 1895 servos
674 1830 723 1894 dei
752 1831 934 1913 operatione
957 1852 1015 1894 sua
1036 1834 1196 1914 pervertat
1219 1834 1251 1894 et
1265 1847 1290 1884 10

77 1933 234 2018 quomodo
258 1955 311 1997 eos
342 1935 478 1998 abducat
500 1957 520 1999 a
540 1935 672 2000 iustitia.
718 1933 830 2020 Neque
852 1955 928 2000 vero
960 1935 1088 2000 abducit
1110 1956 1172 2013 eos,
1198 1934 1252 2018 qui

76 2038 164 2122 pleni
186 2043 259 2102 sunt
282 2038 359 2114 fide,
390 2060 493 2122 neque
515 2040 664 2105 adversus
687 2062 741 2104 eos
770 2040 834 2103 vim
857 2061 948 2104 suam
970 2060 1112 2104 exercere
1134 2043 1249 2123 potest,

77 2143 153 2224 quia
173 2142 273 2206 virtus
297 2142 414 2207 domini
438 2164 509 2207 cum
531 2143 570 2207 iis
593 2147 659 2219 est;
694 2143 822 2208 abducit
853 2147 960 2207 autem
982 2164 1054 2219 eos,
1084 2142 1139 2227 qni
1160 2142 1251 2206 vacui

77 2253 110 2310 et
133 2248 220 2312 dubii
243 2252 324 2312 sunt.
371 2249 401 2310 2.
427 2247 460 2313 Si
484 2249 567 2312 enim
590 2249 744 2313 eiusmodi
773 2248 916 2313 homines
939 2247 1052 2312 viderit
1081 2245 1251 2332 tranquille

77 2353 246 2435 degentes,
278 2353 422 2417 immittit
444 2374 476 2417 se
498 2353 532 2416 in
555 2374 608 2417 cor
636 2352 773 2418 hominis
795 2352 902 2428 illius,
930 2356 962 2415 et
983 2350 1065 2415 nihil
1088 2372 1183 2415 eausa
1203 2349 1252 2413 vir
1266 2370 1291 2408 11

77 2461 134 2521 aut
163 2478 244 2520 uxor
273 2457 478 2520 exacerbatur
512 2461 644 2540 propter
671 2477 721 2521 res
756 2457 795 2521 ad
824 2456 942 2520 victum
972 2455 1166 2539 pertinentes
1196 2459 1252 2518 aut

76 2564 209 2643 propter
238 2561 323 2625 cibos
356 2565 411 2625 aut
434 2582 501 2624 rem
524 2560 664 2644 aliquam
695 2560 841 2643 exiguam
872 2563 927 2623 aut
954 2562 1086 2642 propter
1116 2557 1252 2622 amicum

77 2664 216 2749 aliquem
240 2669 295 2729 aut
316 2669 448 2748 propter
476 2666 612 2730 dandum
634 2670 667 2729 et
689 2664 906 2748 accipiendum
935 2668 990 2728 aut
1012 2669 1145 2747 propter
1166 2663 1250 2727 eius·

77 2769 163 2833 modi
192 2770 307 2833 stultas
338 2791 398 2833 res.
444 2768 532 2833 Haec
563 2769 646 2833 enim
677 2769 784 2834 emnia
811 2769 910 2833 stulta
941 2774 1015 2833 sunt
1037 2773 1070 2833 et
1092 2769 1198 2833 inania
1221 2771 1253 2832 et

77 2875 186 2959 inepta
208 2878 240 2938 et
262 2874 387 2939 inutilia
409 2874 507 2938 serris
524 2874 582 2939 dei.
628 2876 657 2939 3.
682 2874 920 2960 longanimitas
936 2878 1042 2938 autem
1063 2895 1182 2957 magna
1204 2877 1253 2937 est
1266 2888 1291 2926 2⁰

77 2983 110 3042 et
132 2977 226 3042 fortis
250 2982 282 3042 et
303 2978 438 3042 validam
471 2977 620 3042 virtutem
640 2976 761 3043 habens
793 2999 829 3041 ac
851 2977 1003 3061 grandem
1026 2981 1058 3041 et
1089 2977 1253 3041 florentem

76 3084 109 3146 in
134 3083 319 3146 dilatatione
342 3102 476 3165 magna,
501 3081 628 3158 hilaris,
652 3082 754 3159 laeta,
790 3103 882 3146 curae
904 3102 1033 3165 expers,
1059 3084 1253 3161 glorificans

77 3189 246 3251 (1111111111
261 3193 297 3250 in
320 3193 409 3251 111111·
426 3195 583 3268 ternpore,
605 3187 686 3251 nihil
707 3187 741 3251 in
756 3209 790 3251 se
804 3186 924 3251 habens
941 3185 1048 3261 amari,
1065 3206 1251 3267 permanens

77 3311 203 3374 semper
224 3294 389 3354 mansueta
411 3294 443 3353 et
469 3290 651 3374 tranquilla.
697 3290 786 3354 Haec
815 3290 915 3374 igitur
944 3289 1170 3374 longanimitas
1192 3287 1251 3351 ha-

77 3396 161 3459 bitat
184 3416 255 3459 cum
277 3395 333 3471 iis,
366 3394 421 3478 qui
442 3395 536 3459 fidem
557 3395 677 3460 habent
707 3394 892 3479 perfectam.
937 3395 967 3456 4.
991 3392 1156 3457 Iracundia
1179 3413 1252 3456 vero
1265 3408 1291 3447 2⁶

77 3501 216 3585 primum
245 3499 345 3563 stulta
372 3503 421 3562 est
451 3504 483 3563 et
514 3498 592 3563 levis
623 3505 656 3564 et
685 3499 820 3563 demens.
872 3497 995 3562 Deinde
1027 3519 1064 3561 111
1094 3497 1253 3562 dementia

76 3605 219 3669 nascitur
240 3603 430 3679 amaritudo,
463 3624 501 3666 111
524 3602 733 3667 amaritudine
756 3602 958 3678 animositas,
992 3622 1029 3665 ex
1052 3600 1252 3665 animositate

76 3709 249 3785 iracundia,
274 3730 313 3772 ex
334 3708 497 3772 iracundia
519 3708 622 3784 fur0r;
654 3712 723 3772 tum
746 3707 836 3771 furor
856 3707 918 3770 iste
940 3705 1038 3771 tantis
1061 3705 1153 3769 malis
1176 3727 1252 3770 con·

79 3819 190 3897 ceptus
218 3817 385 3897 peecatum
414 3812 452 3875 fit
479 3833 633 3896 magnum
665 3815 697 3874 et
726 3809 911 3874 insanabile.
958 3809 988 3873 5.
1012 3807 1092 3873 Cum
1114 3811 1198 3875 enim
1219 3808 1254 3872 hi

78 3918 209 4001 spiritus
231 3918 265 3982 in
296 3939 359 3982 uno
381 3939 455 3982 vase
486 3916 651 3994 habitant,
681 3916 737 3980 ubi
760 3920 791 3980 et
814 3915 944 3999 spiritus
966 3918 1094 3979 sanetus
1117 3913 1251 3992 habitat,
1267 3936 1293 3975 ao

150 4176 184 4229 22
203 4174 272 4229 Teb.
290 4176 315 4239 4,
336 4175 383 4238 19;
400 4174 445 4228 Ρ1.
464 4176 506 4239 33,
525 4176 550 4228 2.

115 4404 139 4455 7.
158 4422 219 4472 esp.
238 4399 370 4474 ἀγγέλου]
390 4401 432 4456 Cf.
451 4401 509 4455 Vis.
528 4400 561 4465 V,
580 4403 604 4456 2.
717 4401 741 4457 3.
759 4399 921 4475 adamum]
941 4397 983 4453 Of.
1003 4397 1016 4451 1
1035 4396 1120 4452 Cleua
1140 4397 1164 4458 3,
1185 4397 1208 4449 l.

115 4492 141 4551 2,
163 4493 185 4545 l.
206 4489 347 4563 ἀψύχους]
367 4506 403 4542 sc.
422 4488 452 4541 in
471 4487 532 4543 lide.
716 4488 739 4541 5.
760 4495 847 4543 ταῦτα
869 4506 893 4542 τ.
922 4483 1076 4555 πνεύματα]
1104 4500 1141 4538 sc.
1159 4484 1176 4554 ἡ
1193 4481 1254 4551 ὀξυ·

114 4579 139 4634 2.
158 4577 375 4647 εὐσταθοῦντας]
403 4576 445 4632 01.
474 4576 539 4630 Sina
558 4573 611 4639 Vl,
629 4576 655 4640 2,
679 4577 767 4647 polla,
786 4575 802 4645 1
819 4576 915 4647 πικρία
930 4577 989 4629 κτλ.
1009 4570 1045 4625 cf.
1062 4588 1088 4625 1.
1105 4571 1131 4625 4.
1154 4600 1190 4609 -
1207 4564 1254 4641 dr

79 4668 110 4727 7;
130 4665 190 4729 V11,
209 4666 239 4727 3;
259 4664 319 4736 ign.
339 4664 431 4734 Polyc.
450 4665 476 4729 4,
496 4664 519 4716 l.
637 4706 643 4718 .
666 4661 740 4733 ιγος]
760 4677 797 4715 sc.
816 4676 864 4715 cor
880 4658 1002 4714 hominis
1021 4660 1056 4712 of.
1075 4674 1100 4712 v.
1118 4657 1143 4711 2.
