2834 5018
368 658 500 713 PAPIAE
520 658 748 714 FRAGMENTA
766 660 786 722 1,
806 659 891 724 2-11,
912 662 933 715 1.
1173 667 1235 730 349

624 840 664 905 Π.

104 985 131 1045 1
157 978 272 1042 Totae
284 977 392 1042 Παπία
408 979 635 1064 συγγράμματα
708 983 735 1045 1.
760 980 879 1064 Papiae
894 985 949 1044 aut
951 1002 1001 1043 ern
1016 980 1155 1064 quinque
1177 1005 1236 1046 nu·

56 1083 191 1146 πέντε
164 1103 217 1146 τον
235 1084 369 1167 ἀριθμὸν
387 1083 521 1166 φέρεται,
546 1083 635 1145 daal
661 1106 748 1149 mero
771 1085 878 1149 ferunt
864 1089 917 1148 tur
938 1084 1028 1158 libri
1061 1086 1169 1168 quiet
1188 1087 1237 1149 in-

57 1187 145 1272 ἐπιέγ
146 1209 280 1273 γραπται
318 1170 465 1275 λογίιονζ,
478 1194 636 1269 κυριακων
662 1190 772 1274 scripti
794 1193 869 1254 sunt
855 1189 1083 1253 toraculorum
1103 1190 1236 1253 domini·

58 1290 109 1368 ἐξτ
91 1291 244 1376 ηγήσεως.
304 1295 421 1359 τούτων
454 1294 507 1356 καὶ
544 1289 636 1374 Εἰρη·
663 1316 771 1358 corum
785 1295 973 1377 interpretat
941 1294 1064 1358 aionis¹
1112 1294 1263 1359 Hornms

57 1488 136 1540 locus
155 1488 190 1555 (ν.
205 1487 233 1554 5)
252 1487 424 1553 sequeretur,
444 1485 523 1539 cuius
538 1489 635 1539 auctor
662 1482 705 1536 De
732 1482 899 1538 lectionibus
926 1485 1012 1538 variis
1041 1485 1175 1539 lectorem
1203 1484 1240 1538 ad

58 1576 163 1644 Papias
176 1577 228 1628 est.
264 1572 342 1637 Quae
353 1589 417 1626 cum
435 1571 478 1626 ita
490 1573 553 1635 sint
567 1590 635 1627 sane
662 1569 740 1623 illam
763 1572 918 1627 editionem
942 1574 1063 1628 remitto.
1101 1574 1133 1629 Id
1152 1574 1240 1628 solum

58 1663 161 1716 mirum
174 1669 255 1722 esset,
275 1658 442 1713 silrenaeus
455 1660 545 1728 primo
559 1677 634 1729 pres·
663 1659 834 1713 monendum
868 1664 928 1723 est,
964 1661 1092 1716 versione
1127 1661 1240 1716 Eusebii

59 1750 174 1818 byteros
201 1749 339 1813 tanquam
367 1748 454 1800 testes
487 1748 635 1816 proferret,
664 1746 697 1799 H.
716 1747 747 1800 Ε.
767 1748 891 1815 syriaca,
911 1763 996 1814 quam
1016 1748 1131 1818 Wright
1149 1750 1178 1803 et
1196 1750 1240 1802 Mc

61 1834 184 1891 secundo
204 1834 326 1895 diceret,
353 1832 455 1896 verba,
484 1850 555 1900 quae
574 1838 635 1888 tan·
664 1833 740 1887 Lean
761 1851 785 1886 a.
802 1834 870 1888 1898
889 1834 1113 1904 publicaverunt,
1131 1838 1240 1889 textum

61 1941 147 1991 quam
178 1923 214 1976 ab
241 1919 298 1974 illis
327 1921 425 1973 audita
452 1921 636 1990 allegante
663 1923 790 1974 nostrum
819 1937 951 1991 graecum
970 1921 1029 1975 fere
1053 1922 1157 1990 ubique
1177 1938 1240 1975 con·

61 2011 168 2080 Papiae
187 2025 271 2078 opere
291 2007 435 2076 descripta
453 2024 527 2074 esse,
550 2010 635 2064 tertio
664 2007 775 2060 firmari

60 2099 154 2151 locum
173 2097 279 2165 Papiae
304 2097 448 2161 laudaret,
473 2097 548 2151 hunc
570 2112 636 2150 vero
700 2094 923 2163 Disputaverunt
949 2095 983 2150 de
1002 2097 1055 2151 hoo
1079 2096 1240 2165 fragmento

62 2201 118 2237 non
136 2185 194 2238 illis
218 2185 312 2238 verbis
331 2185 510 2247 adiunctum,
534 2184 582 2237 sed
601 2183 637 2236 ab
664 2181 806 2250 permulti,
827 2187 856 2237 et
874 2182 924 2236 alii
937 2183 1019 2237 aliter
1038 2183 1241 2239 indicaverunt.

62 2271 103 2323 eis
131 2277 292 2340 separatum
326 2272 480 2327 exhiberet.
527 2272 556 2325 Si
582 2272 636 2325 Ire·
665 2267 764 2322 Libros
783 2269 939 2338 peculiares
958 2270 993 2323 de
1012 2286 1045 2324 eo
1070 2271 1243 2339 scripserunt

63 2377 149 2413 naeus
161 2376 257 2413 versus
271 2362 338 2416 2-3
358 2360 477 2429 aPapia
489 2360 637 2428 depromp-
667 2355 740 2410 Giul.
753 2355 958 2420 Weiffenbach,
979 2356 1042 2410 Dos
1061 2356 1241 2428 Papiasfrap·

63 2449 109 2509 sit,
128 2447 172 2500 his
193 2447 307 2501 omnino
327 2447 425 2501 statim
443 2447 569 2500 versus5
592 2447 637 2499 ad·
666 2450 736 2498 ανον(
754 2445 795 2498 bei
812 2442 951 2497 Eusebius
970 2443 1044 2498 HE.
1056 2444 1242 2509 111‚39‚3-4,

63 2535 221 2604 iungendus
241 2551 274 2587 ac
292 2534 393 2587 deinde
412 2534 524 2587 demum
536 2533 638 2602 Papias
668 2530 737 2584 1874
754 2530 810 2598 (oui
827 2529 899 2585 libro
926 2530 1037 2586 accedit
1055 2534 1194 2587 tractatus
1213 2534 1244 2587 in

63 2627 201 2689 tanquam
211 2621 293 2674 testis
301 2620 560 2674 commemorandus
571 2623 639 2673 erat.
667 2619 836 2674 Jatrodcter
860 2620 909 2686 μιν
929 2626 1040 2688 proteat.
1067 2621 1153 2676 Theoi.
1177 2621 1244 2676 1877

99 2713 122 2763 5.
143 2710 213 2763 haee
231 2741 265 2748 —
284 2707 474 2778 credentibus]
489 2706 641 2760 Haecsunt
667 2724 695 2774 p.
708 2705 858 2768 323-379;
872 2707 1038 2774 406-468);
1057 2709 1112 2764 Dic
1125 2709 1243 2777 Papias·

63 2797 150 2850 rerba
176 2795 299 2864 Papiae,
327 2814 382 2850 non
403 2795 524 2849 Domini.
552 2826 586 2833 —
612 2798 641 2847 et
666 2795 813 2863 fropmcnte
821 2796 887 2849 iiber
895 2795 1079 2851 Marmcsand
1088 2797 1245 2852 Matthaeus

64 2883 135 2936 luda
154 2883 218 2952 ete]
243 2881 378 2937 Similiter
400 2883 487 2936 refert
504 2881 640 2951 Hippoly·
671 2881 752 2943 1878;
777 2880 806 2934 G.
826 2881 849 2934 J.
868 2881 1027 2946 Leimbaeh‚
1046 2884 1110 2939 Dae
1128 2884 1244 2953 Papias·

64 2974 110 3024 tus
131 2972 162 3023 In
181 2970 251 3023 Dan.
271 2967 322 3031 IV,
341 2969 375 3022 60
404 2969 446 3022 ed.
474 2969 641 3022 Bonwetsch
666 2970 801 3038 frapmcnt
827 2969 935 3037 (Kritik
961 2971 1009 3026 der
1035 2973 1243 3041 pleicbnomipcn

66 3058 133 3112 1897
152 3074 180 3126 p.
200 3056 258 3112 338.
280 3056 363 3107 1-4:
393 3059 448 3111 Τοῦ
471 3051 521 3111 οὖν
545 3060 642 3128 κυρίου
670 3057 772 3124 Sobsift
788 3074 840 3111 οονι
863 3057 1053 3127 Weiffenbacb)
1074 3058 1153 3120 1875;
1172 3057 1245 3110 Mar-

65 3143 246 3216 διηγονμένου
269 3151 328 3208 τοῖς
350 3147 490 3212 μαθηταῖς
512 3146 642 3213 περὶτῆς
669 3149 747 3207 tene,
776 3144 883 3212 Papias
901 3146 943 3199 als
960 3146 1063 3215 Exepet
1088 3163 1139 3199 νον
1157 3145 1245 3214 Lepid

64 3231 217 3299 μεὶλούοης
244 3237 301 3284 τῶν
328 3227 416 3301 ἁγίων
441 3232 580 3301 βασιλείας
604 3225 642 3295 ὼς
671 3231 746 3286 1875.
789 3230 894 3284 Eodem
920 3235 1047 3300 tempore
1074 3231 1118 3284 vel
1145 3234 1246 3300 postea

65 3317 106 3388 sib
115 3314 227 3385 ἔνδοξος
236 3320 282 3372 καὶ
291 3320 448 3385 θαυμαστή,
457 3321 643 3388 καταπλαγεὶς
670 3318 704 3370 dc
732 3333 764 3370 eo
791 3319 911 3385 egerunt
938 3318 1102 3386 Hilgenfeld
1126 3319 1155 3371 in
1174 3320 1244 3373 Zeit-

65 3404 209 3470 ὁἸούδας
235 3401 280 3459 ἐπὶ
305 3412 364 3470 τοῖς
391 3402 552 3473 λεγομένοις
576 3399 641 3475 ἔφη·
670 3406 766 3472 schrift
796 3407 845 3474 γῆν
873 3407 1076 3474 roissmscbaftl.
1107 3407 1245 3476 malope

65 3495 121 3549 Καὶ
141 3494 181 3557 τίς
198 3487 252 3563 ἄρα
271 3487 369 3560 ὄψεται
388 3500 490 3554 ταῦτα·
517 3488 581 3546 ddi
598 3490 642 3546 κύ-
672 3491 738 3545 1875
766 3508 793 3559 p.
817 3491 968 3555 242-258;
1007 3493 1073 3547 1879
1099 3510 1125 3562 p.
1148 3492 1246 3554 1-18;

65 3598 125 3650 ριος
154 3574 220 3647 ἔφη·
254 3581 345 3632 Ταῦτα
372 3573 491 3649 ὄψονται
518 3576 544 3634 οἳ
571 3573 643 3647 ἄξιοι
670 3578 818 3647 Lightfoot
846 3580 875 3633 in
904 3580 1113 3649 Corstcmporary
1143 3580 1247 3635 Rcuicw

65 3666 219 3737 γενόμενοι.
257 3662 427 3732 Hippolytus
451 3664 545 3718 locum
569 3665 643 3717 haud
670 3666 761 3720 XXVI
779 3667 887 3736 (1875),
913 3667 1064 3729 att-40&
1091 3666 1244 3730 828-839;

66 3751 152 3806 dubie
170 3768 184 3804 e
204 3750 309 3820 Papiae
330 3766 414 3819 opere
432 3750 542 3814 hausit,
568 3767 642 3804 cum·
669 3752 832 3807 Lfldemann
844 3754 873 3807 in
885 3755 1053 3808 Jabrbdcbcr
1068 3756 1118 3821 [dr
1133 3761 1243 3823 protest.

66 3856 122 3906 que
158 3839 187 3890 et
218 3837 470 3905 interrogationem
497 3838 582 3891 Iudae
614 3841 643 3891 et
673 3841 811 3910 Haeoloqie
829 3840 852 3891 V
871 3841 969 3910 (1879),
990 3840 1140 3903 365-384;
1159 3842 1246 3896 537-

66 3926 280 3995 responsionem
308 3923 421 3977 Domini
449 3925 577 3979 oratione
603 3924 642 3978 di·
670 3927 733 3988 576;
761 3929 793 3981 Α.
814 3927 946 3981 Harnack
972 3927 1002 3980 in
1028 3929 1181 3983 Gescbicbtc
1199 3929 1247 3982 der

66 4018 146 4066 recta
165 4011 305 4074 exhibeat,
318 4011 450 4064 irenaeus
464 4014 558 4065 autem
570 4012 644 4065 hanc
671 4015 811 4069 ottob-ried·
851 4015 1003 4069 litterator
1030 4014 1071 4077 11,
1099 4015 1112 4067 Ι
1147 4013 1247 4084 (1897),

67 4100 197 4156 oratione
208 4099 346 4152 indirecta
355 4099 469 4168 (dixisse
482 4099 644 4169 Dominum)
671 4101 823 4163 ost-rou
851 4101 902 4155 Th.
931 4099 1007 4153 Zahn
1035 4101 1065 4153 in
1095 4101 1249 4156 Gescbicbtc

66 4186 204 4257 proferat,
224 4186 332 4239 fontem
352 4185 511 4239 accuratius
529 4186 645 4241 reddere
673 4189 934 4242 desmatestamentl.
945 4187 1085 4242 Kosmasl
1101 4187 1247 4255 (1888189),

66 4274 165 4344 putari
183 4277 279 4341 potest
298 4290 382 4339 quam
400 4273 453 4326 hie.
673 4274 823 4336 849-903ς
834 4275 1249 4344 Forsctunpmzuroesctictn

105 4361 139 4414 Il.
157 4361 485 4429 Textumrepeto.quem
495 4361 647 4415 Heinichen
674 4363 838 4416 desmated.
851 4361 968 4414 Kanons
986 4361 1046 4414 aad
1057 4362 1104 4416 der
1116 4363 1249 4416 oltlircbl.

68 4451 100 4503 in
120 4447 245 4501 editione
265 4446 381 4501 Eusebii
400 4446 432 4499 H.
446 4447 477 4500 Ε.
498 4446 565 4502 1868
583 4463 646 4503 οοιι·
675 4448 827 4502 Litteratur
844 4445 881 4501 Vl
899 4445 998 4516 (1900),
1019 4448 1162 4502 109-157.

67 4535 171 4598 stituit,
190 4533 246 4587 nisi
260 4533 336 4600 quod
350 4550 375 4585 v.
390 4534 406 4586 3
420 4549 440 4584 s.
453 4533 473 4586 f.
492 4550 549 4587 non
560 4554 647 4605 παρα·
711 4536 733 4587 1.
752 4538 854 4607 λογίων
870 4555 930 4606 nvp.
943 4532 1107 4608 ἐξηγήσεως]
1126 4536 1170 4591 lta
1187 4553 1248 4592 cum

67 4619 235 4696 γινομένοις,
247 4621 297 4675 sed
309 4619 536 4694 παραγινομένας
547 4623 646 4677 scribo.
675 4622 803 4677 omnibus
814 4622 873 4674 fere
884 4620 1027 4676 codicibus
1037 4621 1187 4693 legendum
1198 4630 1248 4685 est.
