2834 5018
183 359 245 423 172
654 352 668 405 I
686 350 890 408 CLEMENTIS

184 530 360 613 ὑποτάγητε
376 538 439 604 τοῖς
454 527 671 614 πρεσβυτέροις
686 530 739 591 καί
755 527 948 611 παιδεὺθητε
964 527 1007 602 είς
1022 527 1198 610 μετάνοιαν,
1214 525 1357 609 κάμψαν-

182 655 231 709 τες
254 635 293 696 τά
315 632 432 717 γόνατα
455 643 510 716 τῆς
524 633 653 715 καρδίας
675 633 772 716 ὑμῶν.
819 637 848 698 2.
873 632 994 714 μάθετε
1009 631 1259 709 ὑποτάσσεσθαι,
1284 632 1357 693 ἀπο-

183 737 310 820 θέμενοι
326 740 381 821 τὴν
397 737 537 816 ἀλαζόνα
552 738 605 799 καί
621 736 819 820 ὑπερήφανον
834 746 888 820 τῆς
903 735 1049 820 γλώσσης
1064 736 1151 818 ὑμῶν
1167 735 1356 800 αὐθάδειαν·

182 844 307 925 ἀμεινον
329 842 390 926 γάρ
412 841 495 905 ἐστιν
518 842 606 925 ὑμῖν,
640 840 672 905 ἐν
695 849 739 924 τῷ
762 841 894 925 ποιμνίῳ
917 850 971 904 τοῦ
995 840 1132 924 Χριστοῦ
1155 843 1284 923 μικροὺς
1307 840 1357 902 καί

156 946 366 1030 ιέλλογίμους
398 947 582 1031 εὑρεθῆναι,
612 945 735 1030 ήκοιθ’
758 946 913 1029 ὑπεροχὴν
945 946 1114 1019 δοκοῦντας
1136 942 1301 1027 ἐκριφῆναι
1324 942 1358 1005 ἐκ

183 1060 236 1133 της
254 1049 377 1126 ἐλπίδος
393 1053 499 1114 αὑτοῦ.
544 1055 574 1118 3.
600 1055 698 1127 οὑτως
713 1053 773 1136 γάρ
789 1050 873 1135 λέγει
895 1049 1103 1133 ήπανάρετος
1119 1047 1232 1131 σοφία·
1255 1048 1357 1128 Ἰδού,

182 1157 377 1237 προήσομαι
400 1157 481 1235 ὑμῖν
504 1154 586 1238 ἐμῆς
610 1161 718 1239 πνοῆς
741 1158 850 1239 ῥῆσιν,
875 1153 1001 1235 διδάξω
1025 1153 1062 1218 δέ
1084 1158 1172 1235 ὑμεῖς
1194 1153 1257 1218 τόν
1277 1152 1359 1233 ἐμόν

182 1256 294 1340 λόγον.
340 1260 370 1323 4.
395 1256 512 1342 ἐπειδή
535 1257 681 1322 ἐκάλουν
703 1260 759 1322 καί
783 1262 845 1342 οὐχ
867 1262 1095 1343 ὑπηκούσατε,
1118 1259 1175 1322 καί
1191 1255 1358 1337 ἐξέτεινον

182 1360 303 1444 λόγους
326 1363 383 1426 καί
413 1365 453 1427 οὐ
485 1366 699 1449 προσείχετε,
730 1364 818 1430 ἀλλὰ
850 1366 996 1450 ἀκύρους
1026 1363 1157 1427 ἐποεῖτε
1185 1362 1246 1442 τὰς
1278 1360 1358 1441 ἐμάς

145 1488 169 1524 ιο
182 1465 323 1549 βουλάς,
352 1472 421 1547 τοῖς
445 1466 482 1531 δέ
511 1467 603 1549 ἐμοῖς
626 1468 773 1552 ἐλέγχοις
804 1467 1030 1553 ἠπειθήσατε·
1062 1471 1243 1552 τοιγαροῦν
1266 1465 1358 1547 κάγὼ

182 1573 224 1654 τῇ
246 1571 391 1656 ὑμετέρᾳ
407 1570 561 1657 ἀπωλείᾳ
576 1571 830 1655 ἐπιγελύσομαι,
853 1578 1108 1658 καταχαρούμαι
1124 1569 1170 1649 δέ,
1193 1572 1297 1654 ἡνίκα
1316 1570 1359 1632 ἀν

182 1675 319 1759 ἔρχηται
342 1678 423 1755 ὑμῖν
446 1673 590 1761 ὄλεθρος
620 1677 676 1740 καί
699 1679 745 1758 ὡς
767 1679 812 1742 ἀν
835 1679 996 1761 ἀφίκηται
1024 1680 1106 1757 ὑμῖν
1128 1677 1230 1759 ἀφνω
1254 1673 1359 1759 θόρυ-

181 1780 251 1861 βος,
274 1781 295 1862 ή
320 1778 357 1842 δέ
380 1782 599 1866 καταστροφή
623 1782 723 1861 ὁμοία
746 1781 912 1864 καταιγίδι
934 1785 1048 1867 παρῇ,
1071 1783 1093 1863 ή
1116 1780 1200 1843 ὅταν
1223 1779 1359 1863 ἔρχηται

181 1885 263 1963 ὑμῖν
285 1881 407 1964 θλίψις
432 1885 488 1948 καῖ
511 1883 700 1970 πολιορκία.
748 1890 777 1951 5.
802 1887 896 1951 ἔσται
911 1888 985 1971 γάρ,
1009 1887 1092 1949 ὅταν
1107 1878 1360 1966 ἐπικαλέσησθέ

144 2005 168 2043 υ
181 2008 235 2067 με,
259 1987 325 2070 ἐγὼ
350 1987 386 2051 δέ
410 1991 471 2051 οὐκ
495 1989 738 2070 είσακούσομαι
753 1995 867 2072 ὑμῶν·
893 1991 1098 2075 ζητήσουσιν
1118 2009 1162 2069 με
1181 1987 1282 2051 κακοί
1305 1985 1360 2048 καί

183 2094 245 2173 οὐχ
273 2095 486 2177 εὑρήσουσιν.
533 2093 701 2178 ἐμίσησαν
731 2097 794 2182 γὰρ
825 2099 969 2179 σοφίαν,
1002 2094 1063 2159 τὸν
1094 2092 1130 2156 δὲ
1162 2094 1275 2175 φόβον
1300 2095 1360 2154 τοῦ

183 2198 301 2282 κυρίου
325 2198 365 2259 οὐ
389 2196 603 2281 πρυείλαντο,
626 2199 705 2264 οὐδὲ
727 2199 857 2284 ήθελον
881 2199 976 2280 ἐμαῖς
999 2199 1180 2284 προσέχειν
1203 2194 1357 2279 βουλαῖς.

183 2300 406 2385 ἐμυκτ-ήριζυν
436 2298 473 2363 δέ
502 2301 603 2382 ἐμοὺς
640 2302 806 2387 ἐλέγχους.
860 2306 889 2368 6.
920 2308 1099 2387 τοιγαροῦν
1135 2299 1271 2364 ἔδονται
1302 2303 1359 2380 τῆς

183 2406 316 2468 ἐαυτῶν
338 2405 419 2469 ὁδοῦ
442 2408 520 2486 τούς
543 2410 695 2490 καρπούς
718 2409 775 2471 καί
797 2414 857 2491 τῆς
874 2409 1006 2471 ἑαυτῶν
1029 2406 1185 2489 ἀσεβείας
1200 2400 1360 2487 πλησθή-

144 2525 170 2562 20
184 2529 310 2572 σονται.
359 2511 387 2575 7.
413 2508 493 2574 ἀνθ’
517 2509 567 2574 ὧν
589 2511 653 2597 γὰρ
669 2511 810 2594 ἠδίκουν
833 2514 976 2595 νηπίους
993 2508 1281 2594 φυνευθήσονται,
1304 2506 1360 2570 καὶ

183 2611 365 2694 ἐξετασμὸς
389 2615 521 2698 ἀσεβεῖς
544 2614 629 2679 ὀλεῖ·
654 2617 672 2678 ό
696 2614 733 2679 δέ
756 2616 840 2696 ἐμοῦ
863 2617 1001 2680 ἀκούων
1023 2613 1283 2695 κατασκηνώσει
1306 2608 1359 2674 ἐπ’

183 2717 296 2782 ἐλπίδι
318 2716 497 2799 πεποιθὼς
520 2721 576 2783 καί
600 2722 763 2803 ήσυχάσει
786 2721 925 2803 ἀφόβως
949 2719 1018 2783 ἀπὸ
1042 2717 1170 2797 παντὸς
1193 2721 1312 2780 κακοῦ.

268 2827 383 2892 LVIII.
409 2823 652 2907 Ὑπακοὺσώμεν
686 2821 739 2887 οὑν
762 2831 806 2906 τῷ
837 2823 980 2906 παναγίῳ
1012 2823 1065 2884 καί
1089 2818 1203 2903 ἐνδόξῳ
1233 2818 1359 2902 όνόματι

182 2929 277 2992 αὑτοῦ
301 2929 450 3012 φυγόντες
472 2931 528 3004 τὰς
556 2927 780 3013 προειρημένας
802 2928 853 2991 διὰ
876 2938 930 3012 τῆς
953 2926 1064 3009 σοφίας
1086 2935 1150 3000 τοῖς
1174 2926 1360 2990 ἀπειθοῦσιν

144 3044 170 3083 2⁶
184 3033 332 3115 ἀπειλάς,
362 3036 413 3098 ίνα
435 3032 732 3119 κατασκηνώσιυμεν
762 3032 950 3107 πεποιθότες
974 3031 1023 3095 ἐπί
1045 3032 1081 3094 τό
1104 3028 1277 3093 ὁσιώτατον
1307 3036 1360 3109 τῆς

183 3138 405 3222 μεγαλωσύνης
428 3139 523 3201 αὑτοῦ
547 3139 655 3220 όνομα.
701 3141 731 3203 2.
755 3135 892 3213 δέξασθε
907 3139 963 3219 τὴν
986 3135 1164 3221 συμβουλὴν
1184 3134 1284 3219 ήμῶν,
1308 3132 1360 3194 καί

183 3243 270 3305 ἔσται
294 3241 515 3327 ἀμεταμέλητα
539 3242 620 3325 ὑμῖν.
665 3241 704 3324 ζή
727 3242 787 3324 γάρ
810 3241 826 3303 ὑ
850 3242 926 3316 θεός
941 3242 994 3304 καί
1017 3241 1057 3324 ζῇ
1079 3241 1096 3302 ό
1118 3239 1223 3322 κὺριος
1240 3237 1360 3322 Ἰησοῦς

253 3397 452 3471 5ἐλλογίμους
468 3394 689 3467 Α(ώ)ε-Ι-ὑμᾶς
707 3396 753 3464 ΗΙ
776 3396 913 3464 ῖδιδάξαι
932 3395 958 3448 Η
974 3397 978 3465 Ι
996 3396 1029 3450 14
1046 3398 1144 3465 θλίψις
1170 3393 1361 3466 ΑΙιΒε-Ι-καῖ

183 3489 352 3559 στενοχωρία
370 3486 397 3539 Η
425 3486 460 3538 cf.
486 3484 563 3539 Rom.
583 3485 614 3548 2,
633 3484 664 3546 93
691 3484 715 3547 8,
735 3485 769 3538 35
793 3486 798 3552 l
824 3484 856 3537 16
877 3487 971 3550 τοῦ>
990 3484 1016 3537 Η
1041 3485 1045 3550 Ι
1073 3483 1104 3537 17
1123 3484 1291 3554 προείλοντο
1310 3478 1358 3544 H!

184 3574 262 3638 19120
279 3577 488 3644 πλησθήυονται
502 3575 585 3640 :post
611 3576 776 3641 πλησύησον
793 3610 799 3622 .
814 3609 840 3622 ..
860 3569 885 3620 Α
904 3568 999 3623 deficit
1028 3584 1117 3635 usque
1143 3568 1180 3620 sd
1207 3583 1230 3621 c.
1250 3568 1285 3622 65
1311 3565 1361 3619 ini-

181 3660 253 3713 tium
269 3659 272 3728 Ι
288 3661 322 3712 22
341 3657 487 3726 πεποιθώς
506 3658 546 3712 LS
566 3659 600 3711 cf.
615 3659 655 3721 58,
672 3660 684 3712 l
699 3660 750 3725 :>
762 3657 788 3710 II
804 3656 808 3727 Ι
825 3658 858 3710 25
876 3655 1032 3713 ὁσιώτατον
1045 3657 1071 3710 Η
1087 3674 1093 3707 :
1107 3659 1239 3709 sanetum
1251 3654 1292 3709 Ls
1303 3653 1340 3723 (2)
1356 3666 1359 3723 j

182 3747 215 3801 26
233 3747 429 3818 μεγαλωσύνης
446 3745 492 3799 HS
505 3765 511 3799 τ
525 3745 651 3800 iustitiae
671 3745 691 3798 L
708 3745 761 3814 122
779 3746 812 3813 ζῇ
830 3760 876 3796 sse
894 3742 940 3795 HS
954 3761 960 3794 ι
973 3745 1008 3809 >
1029 3743 1050 3796 L
1068 3743 1123 3796 Bas

218 3866 299 3934 LVII,
320 3872 342 3924 l.
360 3868 518 3942 ὑποτάγητε
535 3870 606 3940 κτλ]
627 3870 669 3924 Of.
690 3870 712 3934 1,
726 3871 756 3931 3;
769 3869 772 3911 i
784 3868 878 3921 fsmnt
890 3865 1054 3921 Didascalis
1070 3865 1116 3918 vel
1135 3863 1362 3919 Constitutiones

183 3956 288 4010 IPetr.
308 3957 332 4017 5,
352 3957 376 4008 5.
394 3987 430 3995 -
451 3956 614 4029 κάμψαντες
632 3956 667 4013 τὰ
688 3977 713 4028 γ.
733 3976 756 4011 τ.
769 3986 772 4051 γ
785 3958 877 4025 apost.
897 3955 930 4017 11,
950 3954 991 4006 22.
1035 3950 1139 4005 Multas
1163 3966 1231 4005 vero
1256 3949 1363 4004 similes

182 4042 218 4111 κ]
238 4042 314 4095 Haec
331 4042 442 4110 phrasis
462 4044 491 4095 in
502 4043 632 4113 patribus
652 4048 680 4097 et
694 4060 757 4096 con·
783 4043 813 4096 in
832 4040 1016 4111 scriptoribus
1037 4038 1125 4092 sacris
1144 4041 1173 4092 εὑ
1191 4035 1363 4092 eeclesiasti-

184 4128 256 4181 ciliis
274 4130 408 4196 frequens
428 4131 577 4200 desumpta
592 4130 705 4184 videtur
724 4148 757 4184 ex
785 4130 824 4183 eis
852 4128 986 4183 invenies.
1023 4127 1117 4181 Const,
1144 4143 1188 4195 sp.
1216 4127 1294 4186 Vm,
1313 4125 1362 4179 37:

184 4214 311 4270 oratione
329 4216 483 4279 Manassis,
508 4234 593 4284 quam
619 4218 758 4284 quaedam
784 4217 849 4284 τοὺς
866 4218 1034 4288 κάμψαντος
1055 4212 1157 4285 αίγὲνα
1183 4216 1300 4287 καρδίας
1316 4209 1365 4267 σύ

184 4299 274 4354 biblis
301 4300 525 4371 complectuntur
552 4319 694 4371 quamque
716 4321 757 4358 re·
785 4312 849 4368 τῶν,
868 4304 974 4374 Liturg.
995 4301 1083 4356 Marci
1106 4305 1173 4371 post
1197 4301 1365 4356 Orationem
