<?xml version="1.0" encoding="UTF-8"?>
<!DOCTYPE html PUBLIC "-//W3C//DTD XHTML 1.0 Transitional//EN"
    "http://www.w3.org/TR/xhtml1/DTD/xhtml1-transitional.dtd">
<html xmlns="http://www.w3.org/1999/xhtml" xml:lang="en" lang="en">
 <head>
  <title>
</title>
<meta http-equiv="Content-Type" content="text/html;charset=utf-8" />
  <meta name='ocr-system' content='tesseract 3.04.00' />
  <meta name='ocr-capabilities' content='ocr_page ocr_carea ocr_par ocr_line ocrx_word'/>
</head>
<body>
  <div class='ocr_page' id='page_1' title='image "./patresapostolic00piongoog_0349.png"; bbox 0 0 2834 5018; ppageno 0'>
   <div class='ocr_carea' id='block_1_1' title="bbox 162 351 872 431">
    <p class='ocr_par' dir='ltr' id='par_1_1' title="bbox 162 351 872 431">
     <span class='ocr_line' id='line_1_1' title="bbox 162 351 872 431; baseline -0.001 -24"><span class='ocrx_word' id='word_1_1' title='bbox 162 359 225 425; x_wconf 88' lang='lat'>188</span> <span class='ocrx_word' id='word_1_2' title='bbox 614 351 872 431; x_wconf 76' lang='grc' dir='ltr'>Ιιιοιιιιιιιιιτιε</span> 
     </span>
    </p>
   </div>
   <div class='ocr_carea' id='block_1_2' title="bbox 120 527 1340 2707">
    <p class='ocr_par' dir='ltr' id='par_1_2' title="bbox 121 527 1339 1658">
     <span class='ocr_line' id='line_1_2' title="bbox 160 527 1338 613; baseline -0.003 -19"><span class='ocrx_word' id='word_1_3' title='bbox 160 533 213 594; x_wconf 84' lang='grc' dir='ltr'>καί</span> <span class='ocrx_word' id='word_1_4' title='bbox 226 531 262 594; x_wconf 90' lang='grc' dir='ltr'>ού</span> <span class='ocrx_word' id='word_1_5' title='bbox 273 539 506 613; x_wconf 82' lang='grc' dir='ltr'>προσκυνοῦμεν</span> <span class='ocrx_word' id='word_1_6' title='bbox 526 531 639 608; x_wconf 88' lang='grc' dir='ltr'>αύτοῖς,</span> <span class='ocrx_word' id='word_1_7' title='bbox 653 527 736 591; x_wconf 84' lang='grc' dir='ltr'>ἀλλὰ</span> <span class='ocrx_word' id='word_1_8' title='bbox 755 529 893 612; x_wconf 82' lang='grc' dir='ltr'>ἔγνωμεν</span> <span class='ocrx_word' id='word_1_9' title='bbox 908 527 947 592; x_wconf 88' lang='grc' dir='ltr'>δι’</span> <span class='ocrx_word' id='word_1_10' title='bbox 958 529 1053 592; x_wconf 84' lang='grc' dir='ltr'>αὐτοῦ</span> <span class='ocrx_word' id='word_1_11' title='bbox 1073 529 1126 591; x_wconf 88' lang='grc' dir='ltr'>τὸν</span> <span class='ocrx_word' id='word_1_12' title='bbox 1144 527 1266 610; x_wconf 84' lang='grc' dir='ltr'>πατέρα</span> <span class='ocrx_word' id='word_1_13' title='bbox 1284 537 1338 611; x_wconf 82' lang='grc' dir='ltr'>τής</span> 
     </span>
     <span class='ocr_line' id='line_1_3' title="bbox 161 630 1338 719; baseline -0.003 -21"><span class='ocrx_word' id='word_1_14' title='bbox 161 634 330 719; x_wconf 73' lang='grc' dir='ltr'>ἀληθείας·</span> <span class='ocrx_word' id='word_1_15' title='bbox 361 635 406 710; x_wconf 89' lang='grc' dir='ltr'>τίς</span> <span class='ocrx_word' id='word_1_16' title='bbox 427 635 449 719; x_wconf 85' lang='grc' dir='ltr'>ή</span> <span class='ocrx_word' id='word_1_17' title='bbox 469 643 583 719; x_wconf 89' lang='grc' dir='ltr'>γνῶσις</span> <span class='ocrx_word' id='word_1_18' title='bbox 605 633 626 717; x_wconf 81' lang='grc' dir='ltr'><em>ἡ</em></span> <span class='ocrx_word' id='word_1_19' title='bbox 648 636 724 716; x_wconf 81' lang='grc' dir='ltr'>πρὸς</span> <span class='ocrx_word' id='word_1_20' title='bbox 747 633 857 713; x_wconf 87' lang='grc' dir='ltr'>αύτὸν,</span> <span class='ocrx_word' id='word_1_21' title='bbox 886 634 965 717; x_wconf 84' lang='grc' dir='ltr'>ἢτὸ</span> <span class='ocrx_word' id='word_1_22' title='bbox 988 636 1029 717; x_wconf 77' lang='grc' dir='ltr'>μή</span> <span class='ocrx_word' id='word_1_23' title='bbox 1052 634 1217 715; x_wconf 78' lang='grc' dir='ltr'>ἀρνεῖσθαι</span> <span class='ocrx_word' id='word_1_24' title='bbox 1239 630 1279 695; x_wconf 88' lang='grc' dir='ltr'>δι’</span> <span class='ocrx_word' id='word_1_25' title='bbox 1302 630 1338 694; x_wconf 85' lang='grc' dir='ltr'>ού</span> 
     </span>
     <span class='ocr_line' id='line_1_4' title="bbox 160 736 1339 824; baseline -0.003 -21"><span class='ocrx_word' id='word_1_26' title='bbox 160 740 299 824; x_wconf 81' lang='grc' dir='ltr'>ἔγνωμεν</span> <span class='ocrx_word' id='word_1_27' title='bbox 322 740 435 819; x_wconf 84' lang='grc' dir='ltr'>αύτὸν;</span> <span class='ocrx_word' id='word_1_28' title='bbox 469 743 498 805; x_wconf 94' lang='grc'>2.</span> <span class='ocrx_word' id='word_1_29' title='bbox 520 737 605 823; x_wconf 89' lang='grc' dir='ltr'>λέγει</span> <span class='ocrx_word' id='word_1_30' title='bbox 627 738 662 801; x_wconf 87' lang='grc' dir='ltr'>δέ</span> <span class='ocrx_word' id='word_1_31' title='bbox 693 739 746 801; x_wconf 85' lang='grc' dir='ltr'>καί</span> <span class='ocrx_word' id='word_1_32' title='bbox 770 738 880 813; x_wconf 79' lang='grc' dir='ltr'>αὐτὸς·</span> <span class='ocrx_word' id='word_1_33' title='bbox 919 736 987 802; x_wconf 84' lang='grc' dir='ltr'>Τὸν</span> <span class='ocrx_word' id='word_1_34' title='bbox 1015 738 1275 822; x_wconf 85' lang='grc' dir='ltr'>ὁμολογήσαντιέ</span> <span class='ocrx_word' id='word_1_35' title='bbox 1296 758 1339 817; x_wconf 84' lang='grc' dir='ltr'>με</span> 
     </span>
     <span class='ocr_line' id='line_1_5' title="bbox 161 842 1338 929; baseline -0.003 -20"><span class='ocrx_word' id='word_1_36' title='bbox 161 845 311 909; x_wconf 86' lang='grc' dir='ltr'>ἐνώπιον</span> <span class='ocrx_word' id='word_1_37' title='bbox 334 850 405 908; x_wconf 87' lang='grc' dir='ltr'>τῶν</span> <span class='ocrx_word' id='word_1_38' title='bbox 427 843 639 929; x_wconf 79' lang='grc' dir='ltr'>ἀνθρώπων,</span> <span class='ocrx_word' id='word_1_39' title='bbox 663 843 864 927; x_wconf 77' lang='grc' dir='ltr'>ὁμολογήσω</span> <span class='ocrx_word' id='word_1_40' title='bbox 887 842 994 907; x_wconf 87' lang='grc' dir='ltr'>αῦτὸν</span> <span class='ocrx_word' id='word_1_41' title='bbox 1016 842 1167 906; x_wconf 82' lang='grc' dir='ltr'>ἐνώπιον</span> <span class='ocrx_word' id='word_1_42' title='bbox 1189 848 1250 906; x_wconf 90' lang='grc' dir='ltr'>τοῦ</span> <span class='ocrx_word' id='word_1_43' title='bbox 1273 862 1338 906; x_wconf 90' lang='grc' dir='ltr'>πα-</span> 
     </span>
     <span class='ocr_line' id='line_1_6' title="bbox 135 943 1337 1035; baseline -0.005 -21"><span class='ocrx_word' id='word_1_44' title='bbox 135 951 238 1035; x_wconf 87' lang='grc' dir='ltr'>ιτρός</span> <span class='ocrx_word' id='word_1_45' title='bbox 259 971 336 1030; x_wconf 91' lang='grc' dir='ltr'>μου.</span> <span class='ocrx_word' id='word_1_46' title='bbox 382 953 412 1016; x_wconf 86' lang='grc'>3.</span> <span class='ocrx_word' id='word_1_47' title='bbox 438 947 527 1024; x_wconf 86' lang='grc' dir='ltr'>οὸτος</span> <span class='ocrx_word' id='word_1_48' title='bbox 550 945 604 1013; x_wconf 89' lang='grc' dir='ltr'>ούν</span> <span class='ocrx_word' id='word_1_49' title='bbox 636 948 719 1011; x_wconf 89' lang='grc' dir='ltr'>ἐστίν</span> <span class='ocrx_word' id='word_1_50' title='bbox 742 948 759 1011; x_wconf 88' lang='grc' dir='ltr'>ὁ</span> <span class='ocrx_word' id='word_1_51' title='bbox 782 948 898 1032; x_wconf 80' lang='grc' dir='ltr'>μισὸδς</span> <span class='ocrx_word' id='word_1_52' title='bbox 930 946 1037 1030; x_wconf 80' lang='grc' dir='ltr'>ήμῶν,</span> <span class='ocrx_word' id='word_1_53' title='bbox 1071 945 1125 1008; x_wconf 84' lang='grc' dir='ltr'>ἐὰν</span> <span class='ocrx_word' id='word_1_54' title='bbox 1149 943 1203 1009; x_wconf 85' lang='grc' dir='ltr'>οὖν</span> <span class='ocrx_word' id='word_1_55' title='bbox 1226 943 1337 1030; x_wconf 83' lang='grc' dir='ltr'>ὁμολο-</span> 
     </span>
     <span class='ocr_line' id='line_1_7' title="bbox 159 1048 1338 1139; baseline -0.004 -23"><span class='ocrx_word' id='word_1_56' title='bbox 159 1052 306 1137; x_wconf 88' lang='grc' dir='ltr'>γήσωμεν</span> <span class='ocrx_word' id='word_1_57' title='bbox 329 1052 368 1116; x_wconf 92' lang='grc' dir='ltr'>δι’</span> <span class='ocrx_word' id='word_1_58' title='bbox 389 1052 425 1117; x_wconf 86' lang='grc' dir='ltr'>ού</span> <span class='ocrx_word' id='word_1_59' title='bbox 450 1053 626 1139; x_wconf 78' lang='grc' dir='ltr'>ἐσώθημεν.</span> <span class='ocrx_word' id='word_1_60' title='bbox 672 1057 702 1119; x_wconf 87' lang='grc'>4.</span> <span class='ocrx_word' id='word_1_61' title='bbox 728 1052 761 1116; x_wconf 87' lang='grc' dir='ltr'>ἐν</span> <span class='ocrx_word' id='word_1_62' title='bbox 784 1051 842 1117; x_wconf 88' lang='grc' dir='ltr'>τίνι</span> <span class='ocrx_word' id='word_1_63' title='bbox 865 1052 901 1114; x_wconf 82' lang='grc' dir='ltr'>δὲ</span> <span class='ocrx_word' id='word_1_64' title='bbox 924 1053 1018 1114; x_wconf 81' lang='grc' dir='ltr'>αὐτὸν</span> <span class='ocrx_word' id='word_1_65' title='bbox 1043 1049 1272 1134; x_wconf 76' lang='grc' dir='ltr'>ὁμολογοῦμενς</span> <span class='ocrx_word' id='word_1_66' title='bbox 1307 1048 1338 1111; x_wconf 87' lang='grc' dir='ltr'>ἐν</span> 
     </span>
     <span class='ocr_line' id='line_1_8' title="bbox 159 1153 1338 1241; baseline -0.003 -21"><span class='ocrx_word' id='word_1_67' title='bbox 159 1165 203 1240; x_wconf 82' lang='grc' dir='ltr'>τῷ</span> <span class='ocrx_word' id='word_1_68' title='bbox 227 1165 326 1221; x_wconf 85' lang='grc' dir='ltr'>ποιεῖν</span> <span class='ocrx_word' id='word_1_69' title='bbox 349 1158 370 1220; x_wconf 80' lang='grc' dir='ltr'><strong><em>ἃ</em></strong></span> <span class='ocrx_word' id='word_1_70' title='bbox 392 1156 477 1241; x_wconf 91' lang='grc' dir='ltr'>λέγει</span> <span class='ocrx_word' id='word_1_71' title='bbox 499 1159 552 1220; x_wconf 84' lang='grc' dir='ltr'>καῖ</span> <span class='ocrx_word' id='word_1_72' title='bbox 576 1159 618 1240; x_wconf 82' lang='grc' dir='ltr'>μὴ</span> <span class='ocrx_word' id='word_1_73' title='bbox 641 1155 831 1239; x_wconf 82' lang='grc' dir='ltr'>παρακούειν</span> <span class='ocrx_word' id='word_1_74' title='bbox 856 1157 951 1218; x_wconf 84' lang='grc' dir='ltr'>αὐτοῦ</span> <span class='ocrx_word' id='word_1_75' title='bbox 974 1163 1036 1218; x_wconf 92' lang='grc' dir='ltr'>τῶν</span> <span class='ocrx_word' id='word_1_76' title='bbox 1059 1153 1203 1234; x_wconf 80' lang='grc' dir='ltr'>ἐντολῶν,</span> <span class='ocrx_word' id='word_1_77' title='bbox 1227 1156 1338 1237; x_wconf 78' lang='grc' dir='ltr'>καὶμὴ</span> 
     </span>
     <span class='ocr_line' id='line_1_9' title="bbox 160 1258 1338 1345; baseline -0.002 -21"><span class='ocrx_word' id='word_1_78' title='bbox 160 1261 254 1344; x_wconf 90' lang='grc' dir='ltr'>μὸνον</span> <span class='ocrx_word' id='word_1_79' title='bbox 276 1260 412 1345; x_wconf 87' lang='grc' dir='ltr'>χείλεσιν</span> <span class='ocrx_word' id='word_1_80' title='bbox 444 1262 538 1325; x_wconf 84' lang='grc' dir='ltr'>αὐτὸν</span> <span class='ocrx_word' id='word_1_81' title='bbox 560 1271 667 1344; x_wconf 88' lang='grc' dir='ltr'>τιμοῖν,</span> <span class='ocrx_word' id='word_1_82' title='bbox 700 1259 784 1323; x_wconf 82' lang='grc' dir='ltr'>ἀλλὰ</span> <span class='ocrx_word' id='word_1_83' title='bbox 806 1259 840 1337; x_wconf 84' lang='grc' dir='ltr'>ἐξ</span> <span class='ocrx_word' id='word_1_84' title='bbox 868 1259 943 1344; x_wconf 82' lang='grc' dir='ltr'>ὅλης</span> <span class='ocrx_word' id='word_1_85' title='bbox 972 1259 1102 1342; x_wconf 82' lang='grc' dir='ltr'>καρδίας</span> <span class='ocrx_word' id='word_1_86' title='bbox 1131 1260 1185 1322; x_wconf 79' lang='grc' dir='ltr'>καί</span> <span class='ocrx_word' id='word_1_87' title='bbox 1208 1258 1242 1336; x_wconf 87' lang='grc' dir='ltr'>ἐξ</span> <span class='ocrx_word' id='word_1_88' title='bbox 1265 1258 1338 1343; x_wconf 83' lang='grc' dir='ltr'>ὅλης</span> 
     </span>
     <span class='ocr_line' id='line_1_10' title="bbox 160 1363 1338 1449; baseline -0.001 -20"><span class='ocrx_word' id='word_1_89' title='bbox 160 1375 215 1449; x_wconf 81' lang='grc' dir='ltr'>τής</span> <span class='ocrx_word' id='word_1_90' title='bbox 237 1366 383 1442; x_wconf 77' lang='grc' dir='ltr'>διανοίας.</span> <span class='ocrx_word' id='word_1_91' title='bbox 430 1370 459 1433; x_wconf 87' lang='grc'>5.</span> <span class='ocrx_word' id='word_1_92' title='bbox 484 1365 567 1449; x_wconf 90' lang='grc' dir='ltr'>λέγει</span> <span class='ocrx_word' id='word_1_93' title='bbox 590 1366 692 1429; x_wconf 76' lang='grc' dir='ltr'>δὲκαὶ</span> <span class='ocrx_word' id='word_1_94' title='bbox 717 1365 750 1428; x_wconf 88' lang='grc' dir='ltr'>ἐν</span> <span class='ocrx_word' id='word_1_95' title='bbox 773 1373 817 1448; x_wconf 86' lang='grc' dir='ltr'>τῷ</span> <span class='ocrx_word' id='word_1_96' title='bbox 835 1363 970 1449; x_wconf 75' lang='grc' dir='ltr'>Ἡσαΐᾳ·</span> <span class='ocrx_word' id='word_1_97' title='bbox 994 1364 1035 1429; x_wconf 84' lang='grc' dir='ltr'><strong><em>Ὁ</em></strong></span> <span class='ocrx_word' id='word_1_98' title='bbox 1050 1365 1132 1445; x_wconf 85' lang='grc' dir='ltr'>λαὸς</span> <span class='ocrx_word' id='word_1_99' title='bbox 1156 1366 1254 1445; x_wconf 83' lang='grc' dir='ltr'>οὸιος</span> <span class='ocrx_word' id='word_1_100' title='bbox 1271 1371 1338 1444; x_wconf 86' lang='grc' dir='ltr'>τοῖς</span> 
     </span>
     <span class='ocr_line' id='line_1_11' title="bbox 121 1468 1337 1556; baseline -0.002 -22"><span class='ocrx_word' id='word_1_101' title='bbox 121 1497 147 1534; x_wconf 82' lang='grc' dir='ltr'>ιο</span> <span class='ocrx_word' id='word_1_102' title='bbox 160 1468 309 1551; x_wconf 85' lang='grc' dir='ltr'>χείλεσίν</span> <span class='ocrx_word' id='word_1_103' title='bbox 329 1492 373 1552; x_wconf 88' lang='grc' dir='ltr'>με</span> <span class='ocrx_word' id='word_1_104' title='bbox 388 1477 478 1556; x_wconf 80' lang='grc' dir='ltr'>τιμᾷ,</span> <span class='ocrx_word' id='word_1_105' title='bbox 501 1470 577 1554; x_wconf 83' lang='grc' dir='ltr'>ήὸὲ</span> <span class='ocrx_word' id='word_1_106' title='bbox 598 1470 720 1556; x_wconf 82' lang='grc' dir='ltr'>καρδία</span> <span class='ocrx_word' id='word_1_107' title='bbox 736 1473 852 1535; x_wconf 80' lang='grc' dir='ltr'>αὐτῶν</span> <span class='ocrx_word' id='word_1_108' title='bbox 874 1472 992 1556; x_wconf 84' lang='grc' dir='ltr'>πόρρω</span> <span class='ocrx_word' id='word_1_109' title='bbox 1009 1472 1153 1534; x_wconf 78' lang='grc' dir='ltr'>ἄπεστιν</span> <span class='ocrx_word' id='word_1_110' title='bbox 1168 1470 1228 1533; x_wconf 83' lang='grc' dir='ltr'>ἀπ’</span> <span class='ocrx_word' id='word_1_111' title='bbox 1245 1470 1337 1550; x_wconf 82' lang='grc' dir='ltr'>ἐμοῦ.</span> 
     </span>
     <span class='ocr_line' id='line_1_12' title="bbox 249 1571 1338 1658; baseline -0.005 -18"><span class='ocrx_word' id='word_1_112' title='bbox 249 1575 303 1641; x_wconf 89' lang='lat' dir='ltr'>IV.</span> <span class='ocrx_word' id='word_1_113' title='bbox 328 1573 380 1658; x_wconf 78' lang='grc' dir='ltr'>Μὴ</span> <span class='ocrx_word' id='word_1_114' title='bbox 396 1575 490 1658; x_wconf 89' lang='grc' dir='ltr'>μὸνον</span> <span class='ocrx_word' id='word_1_115' title='bbox 513 1571 568 1638; x_wconf 92' lang='grc' dir='ltr'>ούν</span> <span class='ocrx_word' id='word_1_116' title='bbox 584 1575 678 1637; x_wconf 81' lang='grc' dir='ltr'>αὐτὸν</span> <span class='ocrx_word' id='word_1_117' title='bbox 693 1572 840 1657; x_wconf 81' lang='grc' dir='ltr'>καλῶμεν</span> <span class='ocrx_word' id='word_1_118' title='bbox 855 1573 978 1656; x_wconf 90' lang='grc' dir='ltr'>κύριον·</span> <span class='ocrx_word' id='word_1_119' title='bbox 1003 1574 1040 1636; x_wconf 91' lang='grc' dir='ltr'>ού</span> <span class='ocrx_word' id='word_1_120' title='bbox 1055 1575 1116 1657; x_wconf 81' lang='grc' dir='ltr'>γὰρ</span> <span class='ocrx_word' id='word_1_121' title='bbox 1131 1582 1224 1636; x_wconf 81' lang='grc' dir='ltr'>τοῦτο</span> <span class='ocrx_word' id='word_1_122' title='bbox 1245 1572 1338 1636; x_wconf 82' lang='grc' dir='ltr'>σώσει</span> 
     </span>
    </p>

    <p class='ocr_par' dir='ltr' id='par_1_3' title="bbox 120 1677 1340 2707">
     <span class='ocr_line' id='line_1_13' title="bbox 160 1677 1338 1765; baseline 0.002 -23"><span class='ocrx_word' id='word_1_123' title='bbox 160 1678 251 1763; x_wconf 78' lang='grc' dir='ltr'>ἡμᾶς.</span> <span class='ocrx_word' id='word_1_124' title='bbox 298 1681 328 1743; x_wconf 93' lang='grc'>2.</span> <span class='ocrx_word' id='word_1_125' title='bbox 351 1678 435 1764; x_wconf 90' lang='grc' dir='ltr'>λέγει</span> <span class='ocrx_word' id='word_1_126' title='bbox 450 1680 527 1764; x_wconf 86' lang='grc' dir='ltr'>γοίρ·</span> <span class='ocrx_word' id='word_1_127' title='bbox 553 1678 601 1743; x_wconf 81' lang='grc' dir='ltr'>Οὐ</span> <span class='ocrx_word' id='word_1_128' title='bbox 616 1683 684 1759; x_wconf 84' lang='grc' dir='ltr'>πᾶς</span> <span class='ocrx_word' id='word_1_129' title='bbox 708 1681 726 1743; x_wconf 93' lang='grc' dir='ltr'>ὁ</span> <span class='ocrx_word' id='word_1_130' title='bbox 742 1677 853 1763; x_wconf 79' lang='grc' dir='ltr'>λέγων</span> <span class='ocrx_word' id='word_1_131' title='bbox 867 1699 944 1760; x_wconf 91' lang='grc' dir='ltr'>μοι·</span> <span class='ocrx_word' id='word_1_132' title='bbox 969 1678 1079 1765; x_wconf 83' lang='grc' dir='ltr'>Κύριε</span> <span class='ocrx_word' id='word_1_133' title='bbox 1093 1682 1197 1764; x_wconf 84' lang='grc' dir='ltr'>κύριε,</span> <span class='ocrx_word' id='word_1_134' title='bbox 1222 1678 1338 1762; x_wconf 80' lang='grc' dir='ltr'>σωθή-</span> 
     </span>
     <span class='ocr_line' id='line_1_14' title="bbox 161 1780 1338 1868; baseline -0.003 -20"><span class='ocrx_word' id='word_1_135' title='bbox 161 1805 269 1865; x_wconf 87' lang='grc' dir='ltr'>σεται,</span> <span class='ocrx_word' id='word_1_136' title='bbox 300 1783 418 1849; x_wconf 74' lang='grc' dir='ltr'>ἄλλο</span> <span class='ocrx_word' id='word_1_137' title='bbox 449 1790 561 1849; x_wconf 89' lang='grc' dir='ltr'>ποιῶν</span> <span class='ocrx_word' id='word_1_138' title='bbox 582 1785 647 1868; x_wconf 89' lang='grc' dir='ltr'>τήν</span> <span class='ocrx_word' id='word_1_139' title='bbox 674 1783 903 1866; x_wconf 82' lang='grc' dir='ltr'>δικαιοσύνην.</span> <span class='ocrx_word' id='word_1_140' title='bbox 950 1786 980 1849; x_wconf 89' lang='grc'>3.</span> <span class='ocrx_word' id='word_1_141' title='bbox 1006 1783 1087 1845; x_wconf 86' lang='grc' dir='ltr'>ὥστε</span> <span class='ocrx_word' id='word_1_142' title='bbox 1110 1780 1174 1862; x_wconf 89' lang='grc' dir='ltr'>ούν,</span> <span class='ocrx_word' id='word_1_143' title='bbox 1198 1781 1338 1865; x_wconf 77' lang='grc' dir='ltr'>ἀδελφοί,</span> 
     </span>
     <span class='ocr_line' id='line_1_15' title="bbox 161 1886 1338 1972; baseline 0 -21"><span class='ocrx_word' id='word_1_144' title='bbox 161 1887 193 1951; x_wconf 87' lang='grc' dir='ltr'>ἐν</span> <span class='ocrx_word' id='word_1_145' title='bbox 215 1897 279 1964; x_wconf 88' lang='grc' dir='ltr'>τοῖς</span> <span class='ocrx_word' id='word_1_146' title='bbox 301 1889 401 1972; x_wconf 80' lang='grc' dir='ltr'>ἔργοις</span> <span class='ocrx_word' id='word_1_147' title='bbox 425 1889 518 1951; x_wconf 86' lang='grc' dir='ltr'>αύτὸν</span> <span class='ocrx_word' id='word_1_148' title='bbox 542 1886 763 1971; x_wconf 83' lang='grc' dir='ltr'>ὁμολογῶμεν,</span> <span class='ocrx_word' id='word_1_149' title='bbox 796 1886 829 1951; x_wconf 88' lang='grc' dir='ltr'>ἐν</span> <span class='ocrx_word' id='word_1_150' title='bbox 851 1895 895 1970; x_wconf 85' lang='grc' dir='ltr'>τῷ</span> <span class='ocrx_word' id='word_1_151' title='bbox 920 1888 1047 1972; x_wconf 82' lang='grc' dir='ltr'>ἀγαπᾶν</span> <span class='ocrx_word' id='word_1_152' title='bbox 1070 1887 1214 1967; x_wconf 87' lang='grc' dir='ltr'>ἑαυτούς,</span> <span class='ocrx_word' id='word_1_153' title='bbox 1239 1888 1272 1951; x_wconf 88' lang='grc' dir='ltr'>ἐν</span> <span class='ocrx_word' id='word_1_154' title='bbox 1295 1895 1338 1970; x_wconf 82' lang='grc' dir='ltr'>τῷ</span> 
     </span>
     <span class='ocr_line' id='line_1_16' title="bbox 121 1991 1338 2077; baseline 0.001 -24"><span class='ocrx_word' id='word_1_155' title='bbox 121 2015 146 2054; x_wconf 81' lang='grc' dir='ltr'>ιι</span> <span class='ocrx_word' id='word_1_156' title='bbox 160 1995 202 2077; x_wconf 78' lang='grc' dir='ltr'>μὴ</span> <span class='ocrx_word' id='word_1_157' title='bbox 226 1996 401 2077; x_wconf 76' lang='grc' dir='ltr'>μοιχᾱσδαι</span> <span class='ocrx_word' id='word_1_158' title='bbox 424 1993 502 2077; x_wconf 83' lang='grc' dir='ltr'>μηδὲ</span> <span class='ocrx_word' id='word_1_159' title='bbox 534 1991 724 2056; x_wconf 85' lang='grc' dir='ltr'>καταλαλεῖν</span> <span class='ocrx_word' id='word_1_160' title='bbox 748 1991 895 2076; x_wconf 82' lang='grc' dir='ltr'>ἀλλήλων</span> <span class='ocrx_word' id='word_1_161' title='bbox 927 1994 1005 2076; x_wconf 83' lang='grc' dir='ltr'>μηδὲ</span> <span class='ocrx_word' id='word_1_162' title='bbox 1027 1992 1159 2076; x_wconf 82' lang='grc' dir='ltr'>ζηλοῦν,</span> <span class='ocrx_word' id='word_1_163' title='bbox 1190 1991 1263 2055; x_wconf 83' lang='grc' dir='ltr'>ἀλλ’</span> <span class='ocrx_word' id='word_1_164' title='bbox 1287 1992 1338 2076; x_wconf 86' lang='grc' dir='ltr'>ἐγ-</span> 
     </span>
     <span class='ocr_line' id='line_1_17' title="bbox 159 2095 1339 2182; baseline -0.003 -20"><span class='ocrx_word' id='word_1_165' title='bbox 159 2107 282 2182; x_wconf 83' lang='grc' dir='ltr'>κρατεῖς</span> <span class='ocrx_word' id='word_1_166' title='bbox 305 2096 392 2177; x_wconf 90' lang='grc' dir='ltr'>είναι,</span> <span class='ocrx_word' id='word_1_167' title='bbox 409 2096 589 2180; x_wconf 84' lang='grc' dir='ltr'>ἐλεήμονας,</span> <span class='ocrx_word' id='word_1_168' title='bbox 613 2096 772 2181; x_wconf 75' lang='grc' dir='ltr'>ἀγαθούς·</span> <span class='ocrx_word' id='word_1_169' title='bbox 796 2098 849 2159; x_wconf 84' lang='grc' dir='ltr'>καί</span> <span class='ocrx_word' id='word_1_170' title='bbox 866 2097 1061 2180; x_wconf 78' lang='grc' dir='ltr'>συμπάσχειν</span> <span class='ocrx_word' id='word_1_171' title='bbox 1084 2095 1234 2180; x_wconf 86' lang='grc' dir='ltr'>ἀλλήλοις</span> <span class='ocrx_word' id='word_1_172' title='bbox 1256 2095 1339 2179; x_wconf 82' lang='grc' dir='ltr'>ὀφεί-</span> 
     </span>
     <span class='ocr_line' id='line_1_18' title="bbox 159 2199 1339 2288; baseline -0.004 -21"><span class='ocrx_word' id='word_1_173' title='bbox 159 2202 271 2288; x_wconf 88' lang='grc' dir='ltr'>λομεν,</span> <span class='ocrx_word' id='word_1_174' title='bbox 302 2204 356 2265; x_wconf 85' lang='grc' dir='ltr'>καί</span> <span class='ocrx_word' id='word_1_175' title='bbox 388 2204 429 2285; x_wconf 81' lang='grc' dir='ltr'>μὴ</span> <span class='ocrx_word' id='word_1_176' title='bbox 459 2201 668 2286; x_wconf 83' lang='grc' dir='ltr'>φιλαργυρεῖν.</span> <span class='ocrx_word' id='word_1_177' title='bbox 713 2200 746 2264; x_wconf 88' lang='grc' dir='ltr'>ἐν</span> <span class='ocrx_word' id='word_1_178' title='bbox 769 2202 889 2278; x_wconf 76' lang='grc' dir='ltr'>τούτοις</span> <span class='ocrx_word' id='word_1_179' title='bbox 920 2210 983 2276; x_wconf 87' lang='grc' dir='ltr'>τοῖς</span> <span class='ocrx_word' id='word_1_180' title='bbox 1006 2201 1106 2284; x_wconf 85' lang='grc' dir='ltr'>έργοις</span> <span class='ocrx_word' id='word_1_181' title='bbox 1135 2199 1339 2284; x_wconf 84' lang='grc' dir='ltr'>ὁμολογῶμεν</span> 
     </span>
     <span class='ocr_line' id='line_1_19' title="bbox 160 2305 1340 2391; baseline 0 -21"><span class='ocrx_word' id='word_1_182' title='bbox 160 2309 253 2371; x_wconf 83' lang='grc' dir='ltr'>αὑτὸν</span> <span class='ocrx_word' id='word_1_183' title='bbox 269 2309 322 2370; x_wconf 83' lang='grc' dir='ltr'>καί</span> <span class='ocrx_word' id='word_1_184' title='bbox 345 2310 387 2390; x_wconf 84' lang='grc' dir='ltr'>μὴ</span> <span class='ocrx_word' id='word_1_185' title='bbox 403 2307 436 2370; x_wconf 86' lang='grc' dir='ltr'>ἐν</span> <span class='ocrx_word' id='word_1_186' title='bbox 459 2315 522 2381; x_wconf 87' lang='grc' dir='ltr'>τοῖς</span> <span class='ocrx_word' id='word_1_187' title='bbox 538 2305 703 2380; x_wconf 87' lang='grc' dir='ltr'>ἐναντίοις·</span> <span class='ocrx_word' id='word_1_188' title='bbox 728 2310 758 2372; x_wconf 87' lang='grc'>4.</span> <span class='ocrx_word' id='word_1_189' title='bbox 782 2309 887 2370; x_wconf 86' lang='grc' dir='ltr'>καίού</span> <span class='ocrx_word' id='word_1_190' title='bbox 911 2307 957 2370; x_wconf 85' lang='grc' dir='ltr'>δεῖ</span> <span class='ocrx_word' id='word_1_191' title='bbox 971 2307 1053 2391; x_wconf 76' lang='grc' dir='ltr'>ἡμᾶς</span> <span class='ocrx_word' id='word_1_192' title='bbox 1077 2306 1247 2391; x_wconf 72' lang='grc' dir='ltr'>φοβεῖσθαι</span> <span class='ocrx_word' id='word_1_193' title='bbox 1267 2310 1340 2383; x_wconf 84' lang='grc' dir='ltr'>τοὺς</span> 
     </span>
     <span class='ocr_line' id='line_1_20' title="bbox 160 2410 1338 2495; baseline -0.002 -20"><span class='ocrx_word' id='word_1_194' title='bbox 160 2411 347 2494; x_wconf 71' lang='grc' dir='ltr'>ἀνθρώπους</span> <span class='ocrx_word' id='word_1_195' title='bbox 370 2410 507 2495; x_wconf 83' lang='grc' dir='ltr'>μᾶλλον,</span> <span class='ocrx_word' id='word_1_196' title='bbox 539 2410 623 2473; x_wconf 85' lang='grc' dir='ltr'>ἀλλὰ</span> <span class='ocrx_word' id='word_1_197' title='bbox 653 2413 706 2474; x_wconf 81' lang='grc' dir='ltr'>τὸν</span> <span class='ocrx_word' id='word_1_198' title='bbox 729 2410 817 2477; x_wconf 81' lang='grc' dir='ltr'>ὁεύν.</span> <span class='ocrx_word' id='word_1_199' title='bbox 864 2414 893 2477; x_wconf 88' lang='grc'>5.</span> <span class='ocrx_word' id='word_1_200' title='bbox 917 2410 968 2473; x_wconf 80' lang='grc' dir='ltr'>διὰ</span> <span class='ocrx_word' id='word_1_201' title='bbox 990 2420 1100 2490; x_wconf 84' lang='grc' dir='ltr'>τοῦτο,</span> <span class='ocrx_word' id='word_1_202' title='bbox 1130 2420 1230 2473; x_wconf 85' lang='grc' dir='ltr'>ταῦτα</span> <span class='ocrx_word' id='word_1_203' title='bbox 1252 2411 1338 2495; x_wconf 85' lang='grc' dir='ltr'>ὑμῶν</span> 
     </span>
     <span class='ocr_line' id='line_1_21' title="bbox 120 2514 1339 2601; baseline 0.005 -25"><span class='ocrx_word' id='word_1_204' title='bbox 120 2538 147 2576; x_wconf 82' lang='grc' dir='ltr'>τι</span> <span class='ocrx_word' id='word_1_205' title='bbox 160 2516 374 2599; x_wconf 81' lang='grc' dir='ltr'>πρασσόντων,</span> <span class='ocrx_word' id='word_1_206' title='bbox 398 2514 482 2580; x_wconf 79' lang='grc' dir='ltr'>εἶπεν</span> <span class='ocrx_word' id='word_1_207' title='bbox 505 2516 522 2579; x_wconf 89' lang='grc' dir='ltr'>ὁ</span> <span class='ocrx_word' id='word_1_208' title='bbox 545 2515 666 2599; x_wconf 87' lang='grc' dir='ltr'>κύριος·</span> <span class='ocrx_word' id='word_1_209' title='bbox 690 2516 779 2580; x_wconf 83' lang='grc' dir='ltr'>Ἐὰν</span> <span class='ocrx_word' id='word_1_210' title='bbox 800 2519 859 2601; x_wconf 88' lang='grc' dir='ltr'>ήτε</span> <span class='ocrx_word' id='word_1_211' title='bbox 880 2517 954 2599; x_wconf 89' lang='grc' dir='ltr'>μετ’</span> <span class='ocrx_word' id='word_1_212' title='bbox 971 2517 1055 2597; x_wconf 78' lang='grc' dir='ltr'>ἐμοῦ</span> <span class='ocrx_word' id='word_1_213' title='bbox 1078 2519 1285 2600; x_wconf 78' lang='grc' dir='ltr'>συνηγμένοι</span> <span class='ocrx_word' id='word_1_214' title='bbox 1300 2517 1339 2582; x_wconf 82' lang='grc' dir='ltr'>ἐν</span> 
     </span>
     <span class='ocr_line' id='line_1_22' title="bbox 160 2621 1337 2707; baseline -0.001 -20"><span class='ocrx_word' id='word_1_215' title='bbox 160 2629 208 2707; x_wconf 83' lang='grc' dir='ltr'>τῷ</span> <span class='ocrx_word' id='word_1_216' title='bbox 231 2622 350 2706; x_wconf 84' lang='grc' dir='ltr'>κόλπῳ</span> <span class='ocrx_word' id='word_1_217' title='bbox 366 2644 433 2703; x_wconf 93' lang='grc' dir='ltr'>μου</span> <span class='ocrx_word' id='word_1_218' title='bbox 456 2624 512 2687; x_wconf 87' lang='grc' dir='ltr'>καλ</span> <span class='ocrx_word' id='word_1_219' title='bbox 527 2625 576 2706; x_wconf 87' lang='grc' dir='ltr'>μή</span> <span class='ocrx_word' id='word_1_220' title='bbox 598 2629 717 2707; x_wconf 81' lang='grc' dir='ltr'>ποιῆτε</span> <span class='ocrx_word' id='word_1_221' title='bbox 732 2623 791 2703; x_wconf 87' lang='grc' dir='ltr'>τὰς</span> <span class='ocrx_word' id='word_1_222' title='bbox 808 2621 949 2701; x_wconf 81' lang='grc' dir='ltr'>ἐντολάς</span> <span class='ocrx_word' id='word_1_223' title='bbox 964 2643 1041 2701; x_wconf 87' lang='grc' dir='ltr'>μου,</span> <span class='ocrx_word' id='word_1_224' title='bbox 1067 2621 1233 2705; x_wconf 79' lang='grc' dir='ltr'>ἀποβαλῶ</span> <span class='ocrx_word' id='word_1_225' title='bbox 1249 2625 1337 2703; x_wconf 80' lang='grc' dir='ltr'>ὑμᾶς</span> 
     </span>
    </p>
   </div>
   <div class='ocr_carea' id='block_1_3' title="bbox 120 2724 1336 3231">
    <p class='ocr_par' dir='ltr' id='par_1_4' title="bbox 120 2724 1336 3231">
     <span class='ocr_line' id='line_1_23' title="bbox 159 2724 1336 2813; baseline 0 -22"><span class='ocrx_word' id='word_1_226' title='bbox 159 2729 216 2791; x_wconf 84' lang='grc' dir='ltr'>καὶ</span> <span class='ocrx_word' id='word_1_227' title='bbox 240 2727 305 2813; x_wconf 81' lang='grc' dir='ltr'>ἐρῶ</span> <span class='ocrx_word' id='word_1_228' title='bbox 321 2732 416 2808; x_wconf 82' lang='grc' dir='ltr'>ὑμῖν·</span> <span class='ocrx_word' id='word_1_229' title='bbox 441 2725 604 2811; x_wconf 80' lang='grc' dir='ltr'>Ὑπάγετε</span> <span class='ocrx_word' id='word_1_230' title='bbox 627 2728 686 2791; x_wconf 83' lang='grc' dir='ltr'>ἀπ’</span> <span class='ocrx_word' id='word_1_231' title='bbox 703 2728 797 2808; x_wconf 78' lang='grc' dir='ltr'>ἐμοῦ,</span> <span class='ocrx_word' id='word_1_232' title='bbox 822 2729 883 2791; x_wconf 84' lang='grc' dir='ltr'>οὐκ</span> <span class='ocrx_word' id='word_1_233' title='bbox 908 2725 984 2791; x_wconf 85' lang='grc' dir='ltr'>οίὸα</span> <span class='ocrx_word' id='word_1_234' title='bbox 1000 2730 1098 2807; x_wconf 80' lang='grc' dir='ltr'>ὑμᾶς,</span> <span class='ocrx_word' id='word_1_235' title='bbox 1122 2724 1236 2791; x_wconf 79' lang='grc' dir='ltr'>πόθεν</span> <span class='ocrx_word' id='word_1_236' title='bbox 1251 2727 1336 2805; x_wconf 80' lang='grc' dir='ltr'>ἐστέ,</span> 
     </span>
     <span class='ocr_line' id='line_1_24' title="bbox 159 2832 472 2919; baseline -0.01 -21"><span class='ocrx_word' id='word_1_237' title='bbox 159 2833 296 2919; x_wconf 79' lang='grc' dir='ltr'>ἐργάται</span> <span class='ocrx_word' id='word_1_238' title='bbox 318 2832 472 2913; x_wconf 79' lang='grc' dir='ltr'>ἀνομίας.</span> 
     </span>
     <span class='ocr_line' id='line_1_25' title="bbox 138 2930 1336 3018; baseline -0.006 -16"><span class='ocrx_word' id='word_1_239' title='bbox 138 2930 142 2937; x_wconf 67' lang='grc'>’</span> <span class='ocrx_word' id='word_1_240' title='bbox 245 2939 284 3003; x_wconf 88' lang='lat' dir='ltr'>V.</span> <span class='ocrx_word' id='word_1_241' title='bbox 309 2934 421 3015; x_wconf 71' lang='grc' dir='ltr'>Ὅθεν,</span> <span class='ocrx_word' id='word_1_242' title='bbox 444 2935 584 3018; x_wconf 83' lang='grc' dir='ltr'>ἀδελφοί,</span> <span class='ocrx_word' id='word_1_243' title='bbox 607 2935 854 3017; x_wconf 83' lang='grc' dir='ltr'>καταλείψαντες</span> <span class='ocrx_word' id='word_1_244' title='bbox 876 2936 932 3017; x_wconf 80' lang='grc' dir='ltr'>τὴν</span> <span class='ocrx_word' id='word_1_245' title='bbox 955 2934 1122 3017; x_wconf 92' lang='grc' dir='ltr'>παροικίαν</span> <span class='ocrx_word' id='word_1_246' title='bbox 1144 2944 1200 2998; x_wconf 84' lang='grc' dir='ltr'>τοῦ</span> <span class='ocrx_word' id='word_1_247' title='bbox 1215 2934 1336 3016; x_wconf 80' lang='grc' dir='ltr'>κόσμου</span> 
     </span>
     <span class='ocr_line' id='line_1_26' title="bbox 120 3038 1336 3126; baseline -0.002 -24"><span class='ocrx_word' id='word_1_248' title='bbox 120 3062 146 3102; x_wconf 80' lang='grc' dir='ltr'>ιι</span> <span class='ocrx_word' id='word_1_249' title='bbox 159 3041 270 3105; x_wconf 91' lang='grc' dir='ltr'>τούτου</span> <span class='ocrx_word' id='word_1_250' title='bbox 293 3041 471 3126; x_wconf 87' lang='grc' dir='ltr'>ποιήσωμεν</span> <span class='ocrx_word' id='word_1_251' title='bbox 502 3043 538 3104; x_wconf 89' lang='grc' dir='ltr'>τδ</span> <span class='ocrx_word' id='word_1_252' title='bbox 561 3040 688 3124; x_wconf 72' lang='grc' dir='ltr'>θέλημα</span> <span class='ocrx_word' id='word_1_253' title='bbox 709 3049 763 3103; x_wconf 86' lang='grc' dir='ltr'>τοῦ</span> <span class='ocrx_word' id='word_1_254' title='bbox 792 3039 984 3114; x_wconf 88' lang='grc' dir='ltr'>καλέσαντος</span> <span class='ocrx_word' id='word_1_255' title='bbox 1006 3038 1106 3123; x_wconf 76' lang='grc' dir='ltr'>ἡμᾶς,</span> <span class='ocrx_word' id='word_1_256' title='bbox 1135 3039 1188 3101; x_wconf 85' lang='grc' dir='ltr'>καί</span> <span class='ocrx_word' id='word_1_257' title='bbox 1212 3041 1255 3122; x_wconf 80' lang='grc' dir='ltr'>μὴ</span> <span class='ocrx_word' id='word_1_258' title='bbox 1279 3059 1336 3122; x_wconf 82' lang='grc' dir='ltr'>φο-</span> 
     </span>
     <span class='ocr_line' id='line_1_27' title="bbox 163 3141 1335 3231; baseline -0.005 -19"><span class='ocrx_word' id='word_1_259' title='bbox 163 3144 311 3231; x_wconf 72' lang='grc' dir='ltr'>βηθῶμεν</span> <span class='ocrx_word' id='word_1_260' title='bbox 335 3145 476 3222; x_wconf 72' lang='grc' dir='ltr'>ἐξελθεῖν</span> <span class='ocrx_word' id='word_1_261' title='bbox 499 3144 537 3207; x_wconf 90' lang='grc' dir='ltr'>ἐκ</span> <span class='ocrx_word' id='word_1_262' title='bbox 561 3153 616 3207; x_wconf 86' lang='grc' dir='ltr'>τοῦ</span> <span class='ocrx_word' id='word_1_263' title='bbox 639 3143 761 3226; x_wconf 89' lang='grc' dir='ltr'>κὸσμου</span> <span class='ocrx_word' id='word_1_264' title='bbox 776 3143 897 3206; x_wconf 91' lang='grc' dir='ltr'>τούτου.</span> <span class='ocrx_word' id='word_1_265' title='bbox 943 3148 972 3209; x_wconf 92' lang='grc'>2.</span> <span class='ocrx_word' id='word_1_266' title='bbox 997 3141 1081 3226; x_wconf 89' lang='grc' dir='ltr'>λέγει</span> <span class='ocrx_word' id='word_1_267' title='bbox 1104 3143 1165 3226; x_wconf 85' lang='grc' dir='ltr'>γὰρ</span> <span class='ocrx_word' id='word_1_268' title='bbox 1180 3141 1198 3204; x_wconf 88' lang='grc' dir='ltr'>ὁ</span> <span class='ocrx_word' id='word_1_269' title='bbox 1213 3142 1335 3225; x_wconf 90' lang='grc' dir='ltr'>κύριος·</span> 
     </span>
    </p>
   </div>
   <div class='ocr_carea' id='block_1_4' title="bbox 159 3296 1338 3720">
    <p class='ocr_par' dir='ltr' id='par_1_5' title="bbox 159 3296 1338 3720">
     <span class='ocr_line' id='line_1_28' title="bbox 233 3296 1338 3373; baseline -0.003 -18"><span class='ocrx_word' id='word_1_270' title='bbox 233 3303 245 3355; x_wconf 94' lang='grc'><strong>1</strong></span> <span class='ocrx_word' id='word_1_271' title='bbox 264 3304 309 3355; x_wconf 82' lang='grc' dir='ltr'>καλ</span> <span class='ocrx_word' id='word_1_272' title='bbox 328 3299 362 3357; x_wconf 82' lang='grc' dir='ltr'>οὐ</span> <span class='ocrx_word' id='word_1_273' title='bbox 379 3320 477 3373; x_wconf 87' lang='grc' dir='ltr'>προσκ.</span> <span class='ocrx_word' id='word_1_274' title='bbox 496 3299 591 3367; x_wconf 82' lang='grc' dir='ltr'>αὐτοῖς</span> <span class='ocrx_word' id='word_1_275' title='bbox 608 3299 652 3353; x_wconf 76' lang='lat' dir='ltr'>As</span> <span class='ocrx_word' id='word_1_276' title='bbox 665 3318 671 3351; x_wconf 91' lang='lat'><strong>:</strong></span> <span class='ocrx_word' id='word_1_277' title='bbox 684 3302 719 3366; x_wconf 92' lang='lat'>&gt;</span> <span class='ocrx_word' id='word_1_278' title='bbox 732 3298 758 3351; x_wconf 91' lang='lat' dir='ltr'><strong>H</strong></span> <span class='ocrx_word' id='word_1_279' title='bbox 775 3299 778 3366; x_wconf 92' lang='grc' dir='ltr'>Ι</span> <span class='ocrx_word' id='word_1_280' title='bbox 796 3298 812 3350; x_wconf 90' lang='grc'><strong>2</strong></span> <span class='ocrx_word' id='word_1_281' title='bbox 831 3300 847 3368; x_wconf 81' lang='grc' dir='ltr'>ή</span> <span class='ocrx_word' id='word_1_282' title='bbox 865 3298 936 3370; x_wconf 81' lang='grc' dir='ltr'>πρὸς</span> <span class='ocrx_word' id='word_1_283' title='bbox 953 3296 1039 3354; x_wconf 78' lang='grc' dir='ltr'>αὐτὸν</span> <span class='ocrx_word' id='word_1_284' title='bbox 1058 3298 1102 3352; x_wconf 76' lang='lat' dir='ltr'>AS</span> <span class='ocrx_word' id='word_1_285' title='bbox 1116 3318 1121 3350; x_wconf 94' lang='lat'><strong>:</strong></span> <span class='ocrx_word' id='word_1_286' title='bbox 1135 3311 1184 3368; x_wconf 74' lang='grc' dir='ltr'>τῆς</span> <span class='ocrx_word' id='word_1_287' title='bbox 1206 3296 1338 3369; x_wconf 75' lang='grc' dir='ltr'>ἀληθείας</span> 
     </span>
     <span class='ocr_line' id='line_1_29' title="bbox 159 3382 1336 3457; baseline -0.001 -17"><span class='ocrx_word' id='word_1_288' title='bbox 159 3387 187 3440; x_wconf 94' lang='grc' dir='ltr'>Η</span> <span class='ocrx_word' id='word_1_289' title='bbox 203 3387 206 3456; x_wconf 93' lang='grc' dir='ltr'>Ι</span> <span class='ocrx_word' id='word_1_290' title='bbox 222 3386 368 3456; x_wconf 74' lang='grc' dir='ltr'>ἀρνεῖσθαι</span> <span class='ocrx_word' id='word_1_291' title='bbox 386 3388 428 3439; x_wconf 89' lang='lat' dir='ltr'>A:</span> <span class='ocrx_word' id='word_1_292' title='bbox 443 3397 474 3449; x_wconf 58' lang='grc' dir='ltr'>ή-</span> <span class='ocrx_word' id='word_1_293' title='bbox 487 3385 574 3442; x_wconf 86' lang='grc' dir='ltr'>αύτὸν</span> <span class='ocrx_word' id='word_1_294' title='bbox 592 3385 618 3438; x_wconf 94' lang='grc' dir='ltr'>Η</span> <span class='ocrx_word' id='word_1_295' title='bbox 638 3386 642 3455; x_wconf 94' lang='grc' dir='ltr'>Ι</span> <span class='ocrx_word' id='word_1_296' title='bbox 663 3387 680 3438; x_wconf 86' lang='grc'>4</span> <span class='ocrx_word' id='word_1_297' title='bbox 699 3383 818 3440; x_wconf 78' lang='grc' dir='ltr'>ἐνώπιον</span> <span class='ocrx_word' id='word_1_298' title='bbox 837 3391 894 3439; x_wconf 82' lang='grc' dir='ltr'>τῶν</span> <span class='ocrx_word' id='word_1_299' title='bbox 912 3382 1074 3457; x_wconf 75' lang='grc' dir='ltr'>ἀνθρώπων</span> <span class='ocrx_word' id='word_1_300' title='bbox 1094 3384 1146 3437; x_wconf 80' lang='grc' dir='ltr'>ΑΗ</span> <span class='ocrx_word' id='word_1_301' title='bbox 1160 3407 1164 3436; x_wconf 89' lang='grc'>;</span> <span class='ocrx_word' id='word_1_302' title='bbox 1177 3388 1212 3452; x_wconf 90' lang='grc'>&gt;</span> <span class='ocrx_word' id='word_1_303' title='bbox 1231 3383 1249 3437; x_wconf 88' lang='lat' dir='ltr'>S</span> <span class='ocrx_word' id='word_1_304' title='bbox 1273 3385 1277 3450; x_wconf 96' lang='grc' dir='ltr'>Ι</span> <span class='ocrx_word' id='word_1_305' title='bbox 1293 3383 1336 3439; x_wconf 76' lang='grc' dir='ltr'>αύ</span> 
     </span>
     <span class='ocr_line' id='line_1_30' title="bbox 160 3467 1337 3544; baseline -0.003 -14"><span class='ocrx_word' id='word_1_306' title='bbox 160 3473 365 3540; x_wconf 70' lang='grc' dir='ltr'>τὸνΑὸι&gt;Η</span> <span class='ocrx_word' id='word_1_307' title='bbox 381 3475 385 3544; x_wconf 93' lang='grc' dir='ltr'>Ι</span> <span class='ocrx_word' id='word_1_308' title='bbox 401 3476 417 3528; x_wconf 85' lang='grc'><strong><em>5</em></strong></span> <span class='ocrx_word' id='word_1_309' title='bbox 435 3472 645 3543; x_wconf 79' lang='grc' dir='ltr'>μουΑΗι&gt;8</span> <span class='ocrx_word' id='word_1_310' title='bbox 661 3475 665 3542; x_wconf 92' lang='grc'>1</span> <span class='ocrx_word' id='word_1_311' title='bbox 682 3467 891 3537; x_wconf 75' lang='grc' dir='ltr'>οὗνεεεΑε&gt;</span> <span class='ocrx_word' id='word_1_312' title='bbox 906 3470 950 3524; x_wconf 84' lang='lat' dir='ltr'>Hs</span> <span class='ocrx_word' id='word_1_313' title='bbox 967 3471 971 3540; x_wconf 93' lang='grc' dir='ltr'>Ι</span> <span class='ocrx_word' id='word_1_314' title='bbox 987 3470 1144 3540; x_wconf 77' lang='grc' dir='ltr'>9τής&gt;Η</span> <span class='ocrx_word' id='word_1_315' title='bbox 1166 3474 1170 3536; x_wconf 94' lang='grc' dir='ltr'>Ι</span> <span class='ocrx_word' id='word_1_316' title='bbox 1194 3471 1226 3524; x_wconf 90' lang='grc'>10</span> <span class='ocrx_word' id='word_1_317' title='bbox 1244 3470 1337 3528; x_wconf 77' lang='grc' dir='ltr'>αὐτῶν</span> 
     </span>
     <span class='ocr_line' id='line_1_31' title="bbox 160 3555 1337 3632; baseline 0 -19"><span class='ocrx_word' id='word_1_318' title='bbox 160 3562 223 3614; x_wconf 88' lang='lat' dir='ltr'>AS:</span> <span class='ocrx_word' id='word_1_319' title='bbox 237 3558 323 3618; x_wconf 72' lang='grc' dir='ltr'>αἰτοῦ</span> <span class='ocrx_word' id='word_1_320' title='bbox 332 3561 358 3613; x_wconf 89' lang='grc' dir='ltr'>Η</span> <span class='ocrx_word' id='word_1_321' title='bbox 373 3561 378 3631; x_wconf 89' lang='grc' dir='ltr'>Ι</span> <span class='ocrx_word' id='word_1_322' title='bbox 394 3559 550 3632; x_wconf 79' lang='grc' dir='ltr'>ἀπίστηνΗ</span> <span class='ocrx_word' id='word_1_323' title='bbox 566 3562 570 3629; x_wconf 88' lang='grc' dir='ltr'>Ι</span> <span class='ocrx_word' id='word_1_324' title='bbox 588 3561 618 3614; x_wconf 94' lang='grc'>11</span> <span class='ocrx_word' id='word_1_325' title='bbox 632 3555 682 3617; x_wconf 77' lang='grc' dir='ltr'>οὖν</span> <span class='ocrx_word' id='word_1_326' title='bbox 691 3560 734 3614; x_wconf 76' lang='lat' dir='ltr'>As</span> <span class='ocrx_word' id='word_1_327' title='bbox 746 3578 753 3612; x_wconf 77' lang='grc' dir='ltr'>ι</span> <span class='ocrx_word' id='word_1_328' title='bbox 766 3562 800 3626; x_wconf 89' lang='grc'>&gt;</span> <span class='ocrx_word' id='word_1_329' title='bbox 814 3558 840 3611; x_wconf 94' lang='grc' dir='ltr'><strong>Η</strong></span> <span class='ocrx_word' id='word_1_330' title='bbox 856 3559 861 3628; x_wconf 91' lang='grc' dir='ltr'>Ι</span> <span class='ocrx_word' id='word_1_331' title='bbox 878 3560 911 3611; x_wconf 87' lang='grc'>14</span> <span class='ocrx_word' id='word_1_332' title='bbox 923 3558 1138 3631; x_wconf 77' lang='grc' dir='ltr'>ὁμολογήσομεν</span> <span class='ocrx_word' id='word_1_333' title='bbox 1149 3558 1176 3611; x_wconf 89' lang='grc' dir='ltr'>Η</span> <span class='ocrx_word' id='word_1_334' title='bbox 1192 3558 1196 3628; x_wconf 91' lang='grc' dir='ltr'>Ι</span> <span class='ocrx_word' id='word_1_335' title='bbox 1214 3557 1247 3613; x_wconf 87' lang='grc'>19</span> <span class='ocrx_word' id='word_1_336' title='bbox 1259 3555 1337 3628; x_wconf 77' lang='grc' dir='ltr'>ὑμῶν</span> 
     </span>
     <span class='ocr_line' id='line_1_32' title="bbox 160 3649 622 3720; baseline -0.002 -18"><span class='ocrx_word' id='word_1_337' title='bbox 160 3649 201 3702; x_wconf 87' lang='lat' dir='ltr'>A:</span> <span class='ocrx_word' id='word_1_338' title='bbox 215 3651 293 3718; x_wconf 71' lang='grc' dir='ltr'>ἡμῶν</span> <span class='ocrx_word' id='word_1_339' title='bbox 313 3649 358 3702; x_wconf 84' lang='lat' dir='ltr'>Hs</span> <span class='ocrx_word' id='word_1_340' title='bbox 374 3650 378 3717; x_wconf 88' lang='grc' dir='ltr'>Ι</span> <span class='ocrx_word' id='word_1_341' title='bbox 395 3652 426 3703; x_wconf 81' lang='grc'>21</span> <span class='ocrx_word' id='word_1_342' title='bbox 445 3654 578 3720; x_wconf 78' lang='grc' dir='ltr'>ποιήσητε</span> <span class='ocrx_word' id='word_1_343' title='bbox 597 3650 622 3701; x_wconf 89' lang='grc' dir='ltr'>Η</span> 
     </span>
    </p>
   </div>
   <div class='ocr_carea' id='block_1_5' title="bbox 156 3783 1336 4383">
    <p class='ocr_par' dir='ltr' id='par_1_6' title="bbox 156 3783 1336 4383">
     <span class='ocr_line' id='line_1_33' title="bbox 160 3783 1335 3862; baseline -0.007 -18"><span class='ocrx_word' id='word_1_344' title='bbox 160 3784 187 3844; x_wconf 84' lang='grc' dir='ltr'>οί</span> <span class='ocrx_word' id='word_1_345' title='bbox 214 3793 315 3858; x_wconf 83' lang='grc' dir='ltr'>ζῶντες</span> <span class='ocrx_word' id='word_1_346' title='bbox 341 3797 400 3855; x_wconf 85' lang='grc' dir='ltr'>τοῖς</span> <span class='ocrx_word' id='word_1_347' title='bbox 427 3796 537 3862; x_wconf 85' lang='grc' dir='ltr'>νεκροῖς</span> <span class='ocrx_word' id='word_1_348' title='bbox 562 3787 595 3844; x_wconf 87' lang='grc' dir='ltr'>ού</span> <span class='ocrx_word' id='word_1_349' title='bbox 618 3787 736 3845; x_wconf 79' lang='grc' dir='ltr'>θύουσιν</span> <span class='ocrx_word' id='word_1_350' title='bbox 797 3787 844 3847; x_wconf 84' lang='grc' dir='ltr'>Ν,</span> <span class='ocrx_word' id='word_1_351' title='bbox 863 3788 887 3839; x_wconf 88' lang='grc'>2.</span> <span class='ocrx_word' id='word_1_352' title='bbox 907 3787 1073 3855; x_wconf 75' lang='grc' dir='ltr'>σωθήσεται]</span> <span class='ocrx_word' id='word_1_353' title='bbox 1092 3783 1199 3837; x_wconf 80' lang='lat' dir='ltr'>Auctor</span> <span class='ocrx_word' id='word_1_354' title='bbox 1211 3784 1265 3837; x_wconf 82' lang='lat' dir='ltr'>hoc</span> <span class='ocrx_word' id='word_1_355' title='bbox 1277 3800 1335 3838; x_wconf 83' lang='lat' dir='ltr'>ver-</span> 
     </span>
     <span class='ocr_line' id='line_1_34' title="bbox 160 3870 1334 3944; baseline -0.003 -15"><span class='ocrx_word' id='word_1_356' title='bbox 160 3875 253 3944; x_wconf 57' lang='lat' dir='ltr'>(Teate</span> <span class='ocrx_word' id='word_1_357' title='bbox 271 3876 329 3929; x_wconf 80' lang='grc' dir='ltr'>υκιί</span> <span class='ocrx_word' id='word_1_358' title='bbox 352 3875 588 3944; x_wconf 75' lang='grc' dir='ltr'>Πκῖοιεκοίικκρεκ</span> <span class='ocrx_word' id='word_1_359' title='bbox 612 3874 644 3936; x_wconf 86' lang='lat' dir='ltr'>V,</span> <span class='ocrx_word' id='word_1_360' title='bbox 665 3876 733 3929; x_wconf 85' lang='lat'>3-4</span> <span class='ocrx_word' id='word_1_361' title='bbox 762 3875 829 3927; x_wconf 90' lang='lat' dir='ltr'>bum</span> <span class='ocrx_word' id='word_1_362' title='bbox 847 3873 905 3925; x_wconf 82' lang='lat' dir='ltr'>iam</span> <span class='ocrx_word' id='word_1_363' title='bbox 925 3872 946 3933; x_wconf 92' lang='grc'>1,</span> <span class='ocrx_word' id='word_1_364' title='bbox 969 3871 981 3923; x_wconf 94' lang='grc'><strong>1</strong></span> <span class='ocrx_word' id='word_1_365' title='bbox 1002 3870 1154 3942; x_wconf 81' lang='grc' dir='ltr'>(σωτηρία).</span> <span class='ocrx_word' id='word_1_366' title='bbox 1172 3871 1204 3925; x_wconf 88' lang='grc'>4;</span> <span class='ocrx_word' id='word_1_367' title='bbox 1224 3870 1248 3933; x_wconf 89' lang='grc'>2,</span> <span class='ocrx_word' id='word_1_368' title='bbox 1268 3872 1292 3926; x_wconf 78' lang='grc'>3.</span> <span class='ocrx_word' id='word_1_369' title='bbox 1306 3873 1334 3931; x_wconf 84' lang='grc'>7;</span> 
     </span>
     <span class='ocr_line' id='line_1_35' title="bbox 160 3956 1335 4031; baseline -0.003 -16"><span class='ocrx_word' id='word_1_370' title='bbox 160 3980 187 4031; x_wconf 89' lang='lat' dir='ltr'>p.</span> <span class='ocrx_word' id='word_1_371' title='bbox 206 3962 277 4030; x_wconf 70' lang='lat'>444).</span> <span class='ocrx_word' id='word_1_372' title='bbox 762 3964 786 4025; x_wconf 83' lang='lat'>3,</span> <span class='ocrx_word' id='word_1_373' title='bbox 800 3964 829 4023; x_wconf 88' lang='lat'>3;</span> <span class='ocrx_word' id='word_1_374' title='bbox 847 3962 872 4023; x_wconf 88' lang='grc'>4,</span> <span class='ocrx_word' id='word_1_375' title='bbox 886 3963 898 4014; x_wconf 95' lang='grc'><strong>1</strong></span> <span class='ocrx_word' id='word_1_376' title='bbox 919 3957 1079 4012; x_wconf 81' lang='lat' dir='ltr'>adhibitum</span> <span class='ocrx_word' id='word_1_377' title='bbox 1090 3956 1183 4011; x_wconf 82' lang='lat' dir='ltr'>verbis</span> <span class='ocrx_word' id='word_1_378' title='bbox 1195 3958 1335 4012; x_wconf 76' lang='lat' dir='ltr'>Matthaei</span> 
     </span>
     <span class='ocr_line' id='line_1_36' title="bbox 195 4044 1336 4118; baseline -0.011 -5"><span class='ocrx_word' id='word_1_379' title='bbox 195 4051 220 4103; x_wconf 76' lang='lat'>2·</span> <span class='ocrx_word' id='word_1_380' title='bbox 240 4048 411 4103; x_wconf 65' lang='lat' dir='ltr'><strong>NiCOUMOR·</strong></span> <span class='ocrx_word' id='word_1_381' title='bbox 424 4051 585 4106; x_wconf 72' lang='lat' dir='ltr'><strong>Cf·IClem·</strong></span> <span class='ocrx_word' id='word_1_382' title='bbox 598 4051 637 4112; x_wconf 72' lang='lat'>14,</span> <span class='ocrx_word' id='word_1_383' title='bbox 651 4049 732 4103; x_wconf 66' lang='lat' dir='ltr'><strong>lnot·</strong></span> <span class='ocrx_word' id='word_1_384' title='bbox 762 4049 944 4107; x_wconf 78' lang='grc' dir='ltr'>εἰσελεύσεται</span> <span class='ocrx_word' id='word_1_385' title='bbox 971 4044 1010 4112; x_wconf 77' lang='grc' dir='ltr'>εἰς</span> <span class='ocrx_word' id='word_1_386' title='bbox 1036 4050 1085 4116; x_wconf 77' lang='grc' dir='ltr'>τήν</span> <span class='ocrx_word' id='word_1_387' title='bbox 1113 4048 1254 4118; x_wconf 82' lang='grc' dir='ltr'>βασιλείαν</span> <span class='ocrx_word' id='word_1_388' title='bbox 1280 4048 1336 4101; x_wconf 82' lang='grc' dir='ltr'>τῶν</span> 
     </span>
     <span class='ocr_line' id='line_1_37' title="bbox 195 4132 1334 4210; baseline -0.001 -22"><span class='ocrx_word' id='word_1_389' title='bbox 195 4139 219 4189; x_wconf 88' lang='grc'>4.</span> <span class='ocrx_word' id='word_1_390' title='bbox 240 4136 329 4190; x_wconf 85' lang='lat' dir='ltr'>Nicon</span> <span class='ocrx_word' id='word_1_391' title='bbox 342 4137 416 4189; x_wconf 88' lang='lat' dir='ltr'>Mon.</span> <span class='ocrx_word' id='word_1_392' title='bbox 430 4168 463 4176; x_wconf 90' lang='lat'>—</span> <span class='ocrx_word' id='word_1_393' title='bbox 479 4141 591 4210; x_wconf 76' lang='grc' dir='ltr'>καρδίας</span> <span class='ocrx_word' id='word_1_394' title='bbox 602 4137 671 4205; x_wconf 83' lang='grc' dir='ltr'>κτλ]</span> <span class='ocrx_word' id='word_1_395' title='bbox 692 4135 733 4191; x_wconf 88' lang='lat' dir='ltr'>cf.</span> <span class='ocrx_word' id='word_1_396' title='bbox 762 4135 888 4209; x_wconf 82' lang='grc' dir='ltr'>ούρανών</span> <span class='ocrx_word' id='word_1_397' title='bbox 906 4132 1055 4187; x_wconf 77' lang='lat' dir='ltr'>substituit</span> <span class='ocrx_word' id='word_1_398' title='bbox 1072 4136 1100 4186; x_wconf 80' lang='lat' dir='ltr'>et</span> <span class='ocrx_word' id='word_1_399' title='bbox 1119 4148 1218 4186; x_wconf 85' lang='lat' dir='ltr'>vocem</span> <span class='ocrx_word' id='word_1_400' title='bbox 1236 4138 1334 4190; x_wconf 84' lang='grc' dir='ltr'>ὁικιιιο·</span> 
     </span>
     <span class='ocr_line' id='line_1_38' title="bbox 161 4219 1333 4293; baseline -0.002 -16"><span class='ocrx_word' id='word_1_401' title='bbox 161 4224 243 4278; x_wconf 88' lang='lat' dir='ltr'>Deut.</span> <span class='ocrx_word' id='word_1_402' title='bbox 261 4225 286 4288; x_wconf 89' lang='lat'>6,</span> <span class='ocrx_word' id='word_1_403' title='bbox 305 4225 336 4285; x_wconf 81' lang='lat'>5;</span> <span class='ocrx_word' id='word_1_404' title='bbox 362 4223 448 4276; x_wconf 79' lang='lat' dir='ltr'>Marc.</span> <span class='ocrx_word' id='word_1_405' title='bbox 470 4225 515 4286; x_wconf 86' lang='grc'>12,</span> <span class='ocrx_word' id='word_1_406' title='bbox 534 4224 582 4286; x_wconf 88' lang='lat'>30;</span> <span class='ocrx_word' id='word_1_407' title='bbox 608 4223 672 4276; x_wconf 86' lang='lat' dir='ltr'>Luc.</span> <span class='ocrx_word' id='word_1_408' title='bbox 694 4224 733 4286; x_wconf 86' lang='lat'>10,</span> <span class='ocrx_word' id='word_1_409' title='bbox 762 4223 845 4293; x_wconf 85' lang='grc' dir='ltr'>σύνην</span> <span class='ocrx_word' id='word_1_410' title='bbox 867 4219 1012 4275; x_wconf 77' lang='lat' dir='ltr'><strong>vocabulis</strong></span> <span class='ocrx_word' id='word_1_411' title='bbox 1031 4221 1064 4277; x_wconf 90' lang='grc' dir='ltr'>τὸ</span> <span class='ocrx_word' id='word_1_412' title='bbox 1083 4219 1193 4291; x_wconf 80' lang='grc' dir='ltr'>θέλημα</span> <span class='ocrx_word' id='word_1_413' title='bbox 1218 4229 1268 4277; x_wconf 90' lang='grc' dir='ltr'>τοῦ</span> <span class='ocrx_word' id='word_1_414' title='bbox 1285 4240 1333 4276; x_wconf 88' lang='grc' dir='ltr'>πα-</span> 
     </span>
     <span class='ocr_line' id='line_1_39' title="bbox 156 4309 901 4383; baseline -0.005 -17"><span class='ocrx_word' id='word_1_415' title='bbox 156 4313 205 4373; x_wconf 84' lang='grc'>27;</span> <span class='ocrx_word' id='word_1_416' title='bbox 223 4311 327 4364; x_wconf 75' lang='grc' dir='ltr'>Μούλίι.</span> <span class='ocrx_word' id='word_1_417' title='bbox 346 4309 387 4372; x_wconf 84' lang='grc'>22,</span> <span class='ocrx_word' id='word_1_418' title='bbox 407 4311 449 4365; x_wconf 82' lang='lat'>37.</span> <span class='ocrx_word' id='word_1_419' title='bbox 745 4310 827 4383; x_wconf 76' lang='grc' dir='ltr'>ῖτρὸς</span> <span class='ocrx_word' id='word_1_420' title='bbox 843 4315 901 4365; x_wconf 84' lang='grc' dir='ltr'>κτλ.</span> 
     </span>
    </p>
   </div>
   <div class='ocr_carea' id='block_1_6' title="bbox 0 0 1422 5018">
    <p class='ocr_par' dir='ltr' id='par_1_7' title="bbox 0 0 1422 5018">
     <span class='ocr_line' id='line_1_40' title="bbox 0 0 1422 5018; baseline 0 0"><span class='ocrx_word' id='word_1_421' title='bbox 0 0 1422 5018; x_wconf 95' lang='lat' dir='ltr'> </span> 
     </span>
    </p>
   </div>
  </div>
 </body>
</html>
