2834 5018
501 548 654 605 NOTITIA
673 548 885 605 chunanus.
1229 557 1276 622 111

89 727 192 792 Editio
224 726 317 792 sicut
346 727 451 810 prima
479 727 525 790 ita
553 726 802 811 locupletissima
831 732 886 791 cst.
932 727 1115 793 Incendium
1149 732 1277 815 quidem

88 833 241 896 maiorem
267 830 500 914 exemplarium
521 835 647 914 partem
675 833 862 916 absumpsit.
908 832 932 896 Ι.
959 831 1146 899 Clericus
1169 842 1276 900 autem

89 937 205 1002 hhrum
230 937 407 1001 adauctum
429 935 479 998 bis
501 935 637 1019 repetiit,
661 959 689 1001 a.
708 936 791 1001 1698
815 937 1016 1021 Antverpiae,
1041 962 1068 1002 a.
1089 940 1172 1003 1724
1195 940 1274 1004 Am-

89 1042 287 1106 stelaedami.

159 1122 297 1197 Editores
317 1144 486 1208 sequentes,
514 1157 633 1208 quonam
651 1140 779 1194 nonnulli
799 1143 910 1206 autem,
930 1145 964 1197 ut
981 1159 1016 1198 ex
1033 1143 1125 1199 titulis
1145 1148 1274 1214 apparet,

90 1247 176 1284 unam
195 1229 243 1283 vel
264 1229 384 1282 alteram
404 1229 571 1298 scripturam
589 1227 802 1298 praeterierunt,
822 1230 852 1283 hi
870 1234 948 1285 suut:

161 1317 214 1370 Th.
235 1316 361 1385 ittig,
388 1315 569 1370 Bibliotheca
586 1315 701 1369 Petrum
721 1316 941 1384 apostolicorum
960 1319 1081 1389 galat,
1110 1337 1165 1386 qua
1184 1320 1273 1373 conti·

90 1410 194 1458 nentur
213 1404 240 1458 S.
262 1403 418 1457 Clementis
436 1402 514 1456 Rom.
542 1403 619 1471 prior
638 1407 666 1457 et
684 1403 825 1471 posterior
848 1404 884 1457 ad
902 1404 1064 1460 Corinthios
1083 1406 1219 1475 epistola:
1248 1407 1273 1460 S.

90 1491 198 1563 Ignatii
217 1489 358 1560 epistolae
375 1488 429 1543 VII
447 1490 602 1560 genuinae,
632 1489 732 1556 quibus
752 1491 879 1546 eiusdem
906 1493 1096 1562 interpolatae
1115 1495 1144 1546 et
1163 1493 1274 1562 spuriae

90 1579 234 1648 epistolae
251 1593 305 1631 nec
323 1594 383 1631 non
402 1579 466 1630 acta
484 1577 629 1646 Ignatiani
646 1577 773 1646 martyrii
792 1578 945 1640 accedunt;
965 1579 990 1633 S.
1009 1580 1161 1657 Polycarpi
1180 1597 1223 1649 ep.
1237 1579 1275 1633 ad

91 1665 307 1735 Philippenses,
339 1665 386 1719 cni
472 1665 609 1719 ecclesiae
627 1665 734 1732 Smyrn.
755 1663 789 1718 de
808 1665 958 1735 Polycarpi
985 1666 1121 1734 martyrio
1151 1667 1274 1736 epistola

89 1755 209 1823 integra
227 1752 403 1823 adiungitur.
440 1752 553 1822 Lipsiae
573 1751 647 1806 1699.

163 1842 188 1895 J.
209 1840 240 1893 L.
259 1839 373 1909 Prey,
391 1839 537 1909 Epistolac
558 1839 603 1893 SS.
621 1839 739 1893 Patrum
758 1840 991 1909 apostolicorum,
1012 1839 1173 1902 Clementis,
1192 1840 1272 1910 lgna-

88 1929 124 1982 tii
145 1934 175 1982 et
194 1927 355 1997 Polycarpi,
375 1930 461 1994 atque
479 1927 597 1982 duorum
615 1927 802 1996 posteriorum
821 1929 965 1996 Martyria
1004 1927 1132 1982 Basileae
1152 1929 1226 1982 1742.

163 2015 197 2070 G.
217 2009 380 2078 Russel,
409 2014 454 2069 SS.
474 2015 591 2069 Patrum
619 2014 856 2083 apostolicorum,
882 2015 1046 2077 Barnabae,
1067 2015 1193 2077 Hermae,
1214 2013 1274 2067 Cle·

88 2102 205 2157 mentis.
226 2103 332 2173 Ignatii
351 2117 438 2170 opera
457 2101 596 2172 genuina,
622 2118 679 2154 una
698 2118 759 2155 curn
778 2101 883 2170 Ignatii
908 2103 936 2155 et
955 2099 1102 2169 Polycarpi
1121 2099 1272 2169 Martyriis.

94 2190 218 2244 Londini
240 2190 315 2245 1746.

165 2277 194 2331 C.
214 2276 244 2328 F.
264 2277 369 2330 Horn
381 2292 532 2339 emann,
562 2275 675 2344 Scripta
699 2274 823 2344 genuina
843 2275 952 2329 Graeca
968 2274 1086 2328 Patrum
1105 2273 1273 2343 apostohco·

90 2383 161 2417 rum.
200 2363 330 2417 Havniae
350 2361 424 2418 1828.

163 2452 242 2503 Ano
253 2467 299 2518 ny
310 2466 403 2512 mus,
421 2449 520 2502 Patres
539 2448 691 2517 apostolici
708 2464 818 2518 graece.
855 2448 984 2517 Lugduni
1005 2449 1176 2502 Batavorum
1197 2450 1271 2504 1831.

163 2536 196 2590 G.
216 2537 233 2590 J
244 2535 438 2598 acobson,
456 2536 482 2589 S.
503 2535 656 2590 Clementis
675 2535 803 2598 Romani,
822 2535 847 2590 S.
868 2536 981 2606 ignatii,
1001 2536 1026 2590 S.
1046 2536 1201 2606 Polycarpi,
1220 2537 1272 2590 Pa-

87 2629 165 2676 trum
197 2622 432 2692 apostolicorum,
461 2639 533 2690 quae
560 2626 719 2692 supersunt.
756 2621 903 2676 Accedunt
928 2623 954 2676 S.
974 2623 1079 2691 Ignatii
1099 2625 1128 2676 et
1146 2624 1171 2677 8.
1191 2623 1270 2692 Poly·

90 2711 171 2779 carpi
190 2709 336 2777 Martyria.
374 2709 477 2764 Oxonii
496 2711 570 2765 1838.
608 2709 705 2764 Denuo
727 2710 802 2773 1840,
823 2710 897 2774 1847,
918 2710 993 2765 1863.

163 2797 193 2850 C.
213 2797 237 2850 J.
257 2795 416 2860 Helela,
435 2796 551 2851 Patrum
569 2797 789 2866 apostolicorum
811 2814 906 2865 opera
944 2797 1091 2868 Tubingae
1112 2797 1187 2852 1839.
1219 2799 1272 2852 De-

91 2900 150 2937 nuo
172 2883 344 2947 18421847,
367 2884 440 2938 1855.

163 2969 192 3023 F.
203 2971 236 3024 X.
250 2970 300 3024 lte
312 2971 371 3024 ith
383 2989 411 3023 m
420 2988 464 3039 ay
474 2989 501 3035 r,
515 2971 632 3025 Petrum
642 2970 863 3038 apostolicorum
873 2971 1021 3039 epistolae.
1040 2971 1184 3025 Monachii
1196 2972 1271 3026 1844.

161 3059 194 3110 A.
215 3057 422 3121 Grenfell,
454 3058 507 3112 Tire
532 3059 649 3126 aperus
668 3059 700 3124 of
713 3057 869 3125 Barnabas,
891 3056 1013 3127 01000004,
1034 3059 1170 3128 19001700,
1190 3059 1270 3129 Poly-

88 3162 168 3213 casp,
187 3145 245 3199 aad
262 3146 306 3198 the
324 3145 431 3212 mette
449 3151 476 3198 to
494 3145 654 3214 Diopnctus.
692 3145 810 3198 Londini
831 3146 906 3199 1844.

161 3233 194 3285 A.
213 3229 246 3284 R.
266 3231 302 3285 M.
332 3230 512 3292 Dressel,
540 3229 657 3284 Patrum
685 3230 905 3299 apostolicorum
931 3248 1024 3300 opera.
1061 3233 1174 3302 Lipsiae
1195 3235 1270 3288 1857.

90 3317 192 3373 Denuo
214 3320 289 3373 1863.

162 3405 497 3469 O.deGebhardt,
532 3405 784 3471 A.Harnaclr,
814 3404 1270 3477 Th.Zahn,Patrumaposto-

91 3491 211 3546 licomm
230 3508 326 3561 opera
364 3492 475 3562 Lipsiae
496 3493 615 3560 1875s77.
652 3493 729 3558 Fasc.
749 3497 775 3548 I:
804 3493 950 3547 Barnabae
969 3493 1098 3562 epistula,
1119 3493 1270 3548 Clementis

91 3580 172 3633 Rom.
191 3577 341 3649 epistulae,
360 3579 467 3649 Papiae
486 3596 560 3648 quae
582 3583 739 3649 supersunt,
759 3581 990 3648 Presbyteromm
1009 3582 1147 3648 reliquiae
1167 3582 1202 3635 ab
1215 3582 1270 3635 Ire·

91 3682 163 3720 nseo
183 3666 328 3728 servatae,
356 3666 480 3735 epistula
499 3666 534 3719 ad
552 3666 724 3737 Diognetum
744 3667 818 3721 1875.
855 3667 953 3720 Denuo
974 3667 1093 3733 1876777.
1130 3669 1206 3722 Fasc.
1227 3668 1269 3721 II:

92 3753 198 3823 Ignatii
217 3755 246 3804 et
264 3752 417 3822 Polycarpi
443 3752 581 3821 epistulae
608 3755 745 3823 martyria
772 3756 933 3823 fragmenta
951 3770 1005 3808 rec.
1025 3755 1075 3810 Th.
1096 3755 1173 3808 Zahn
1194 3755 1269 3809 1876.

92 3842 170 3893 Pasc.
190 3839 247 3892 Ill:
267 3840 388 3893 Hermae
407 3840 508 3894 Pastor
528 3841 602 3895 1877.

162 3925 304 3987 iidem,
332 3924 447 3980 Petrum
466 3928 684 3996 apostolicorum
704 3944 798 3997 opera,
817 3927 905 3982 editio
924 3927 1021 3982 minor.
1059 3928 1172 3997 Lipsiae
1193 3930 1268 3984 1877.

92 4013 193 4067 Denuo
215 4013 291 4075 1894,
312 4012 386 4066 1900.

162 4098 191 4152 F.
212 4100 243 4153 X.
263 4099 383 4162 Funlr,
404 4099 498 4170 Opera
516 4106 630 4170 patruni
650 4101 876 4171 apostolicorum.
914 4102 1062 4172 Tubingse
1083 4103 1158 4158 1878.
1187 4106 1269 4158 Auno

91 4186 159 4241 1887
178 4185 317 4241 Doctrina
335 4188 527 4255 apostolorum
546 4189 658 4242 adiecta
676 4192 725 4242 est.

160 4274 187 4327 J.
206 4275 237 4327 B.
257 4273 401 4342 Lightf
408 4291 424 4327 o
436 4292 452 4328 0
462 4279 491 4337 t,
514 4276 567 4330 Tae
579 4278 720 4344 Apostolic
732 4275 858 4333 Fallere.
876 4276 996 4330 Londini
1009 4276 1128 4339 1885l90.
1149 4277 1226 4330 Part.
1237 4278 1270 4331 I:

90 4359 117 4414 S.
134 4360 251 4415 Glenrent
270 4362 302 4427 of
310 4361 394 4415 Rome
408 4361 475 4415 1890
493 4361 607 4432 (8001).
636 4363 714 4417 Part.
728 4363 779 4416 II:
796 4363 824 4417 S.
838 4363 974 4432 Ipnotiua,
995 4363 1022 4417 S.
1037 4365 1172 4434 Polycarp
1188 4364 1268 4426 1885;

89 4448 185 4501 denuc
206 4445 273 4501 1889
291 4448 320 4517 (2
339 4447 385 4500 vel
403 4450 419 4502 3
437 4449 511 4518 vol).
547 4449 643 4503 Editio
661 4466 719 4504 non
747 4449 894 4513 absoluta,
923 4451 970 4503 sed
995 4450 1069 4504 inter
1099 4452 1268 4505 recentiores

88 4533 269 4603 amplissima
287 4537 316 4587 et
333 4534 497 4587 doctissima
508 4538 558 4588 est.
595 4534 688 4589 Partis
701 4535 727 4588 II
746 4536 898 4589 editionem
912 4537 1034 4604 priorem
1048 4538 1113 4600 cito,
1133 4537 1266 4604 quoniam

89 4621 181 4676 editio
200 4619 292 4675 altera
311 4621 382 4674 mihi
399 4639 457 4675 non
475 4626 588 4690 praesto
607 4623 657 4676 est.
1040 4692 1057 4729 *

1012 4716 1031 4756 a
