2834 5018
528 677 597 732 SIM.
618 677 664 741 IX,
684 678 725 741 32,
745 677 838 741 3-33,
858 676 881 730 3.
1233 683 1295 747 633

116 853 236 919 fulloni
259 855 401 920 dederint
423 859 543 920 vestem
564 855 753 920 incolumem
776 860 808 920 et
830 856 950 921 salvam
973 862 1004 922 et
1019 856 1162 933 solidam,
1187 860 1218 919 et
1242 858 1296 920 de-

114 958 190 1023 inde
212 960 291 1024 velis
320 961 359 1024 ab
383 981 420 1024 eo
443 965 585 1044 repetere
614 964 749 1037 vestem,
782 960 863 1025 fullo
891 967 995 1026 autem
1018 961 1149 1025 scissam
1178 965 1297 1025 vestem

114 1063 177 1128 tibi
200 1064 386 1140 reddiderit,
420 1065 554 1149 accipies
582 1065 671 1129 illam
704 1073 823 1129 vestem
853 1065 1037 1130 afullone?
1071 1064 1184 1130 Nonne
1207 1065 1297 1129 litem

115 1166 251 1232 habebis
275 1191 346 1233 cum
368 1190 405 1233 eo
429 1173 461 1233 et
477 1168 701 1234 conviciaberis
724 1169 754 1233 ei
777 1174 809 1233 et
824 1170 922 1235 dices:
946 1169 1075 1234 Vestem
1091 1169 1211 1233 salvam
1227 1168 1297 1232 dedi

116 1274 195 1350 tibi;
228 1296 325 1357 quare
356 1274 478 1340 scidisti
501 1296 570 1338 eam
593 1279 624 1337 et
646 1272 791 1338 inutilem
823 1273 950 1338 fecisti?
982 1273 1050 1338 Nec
1071 1272 1323 1357 prodentium

118 1379 297 1462 quicquam,
322 1378 397 1463 quia
420 1400 489 1442 eam
512 1377 641 1442 scidisti.
688 1377 803 1442 Nonne
825 1378 904 1442 talia
929 1375 1044 1461 [dices]
1070 1378 1199 1454 fulloni,
1225 1377 1298 1461 quia

117 1483 211 1547 scidit
238 1483 298 1547 tibi
329 1487 450 1547 vestem
481 1486 592 1547 tuam?
625 1483 654 1547 4.
678 1482 722 1547 Et
752 1504 823 1546 cum
856 1487 892 1546 tu
923 1483 968 1547 sic
999 1504 1120 1548 maeres
1152 1488 1184 1547 et
1211 1482 1299 1547 litem

118 1587 227 1666 habes,
252 1587 327 1671 quia
350 1586 471 1651 salvam
492 1608 556 1650 non
586 1587 720 1651 reddidit
742 1586 803 1651 tibi
825 1590 944 1650 vestem
966 1591 1070 1664 tuam,
1101 1587 1178 1671 quid
1200 1586 1299 1671 igitur

118 1696 213 1775 putas
237 1690 394 1755 facturum
416 1689 476 1754 tibi
507 1691 687 1767 dominum,
722 1691 777 1774 qui
799 1690 921 1755 salvum
945 1691 1031 1756 dedit
1058 1692 1118 1756 tibi
1140 1692 1296 1777 spiritum,

119 1799 155 1860 tu
177 1799 283 1859 autem
305 1817 377 1859 eum
400 1794 505 1860 fecisti
532 1816 661 1879 prorsus
682 1794 827 1858 inutilem
858 1795 984 1860 domino
1007 1796 1090 1873 eius,
1124 1800 1156 1860 et
1176 1795 1297 1860 inutilis
1313 1811 1337 1847 ¹⁰

119 1903 167 1962 est
196 1898 280 1982 apud
312 1902 362 1976 te,
396 1898 470 1983 quia
502 1920 574 1962 eum
604 1920 667 1962 non
699 1901 917 1965 conservasti?
958 1900 1122 1978 Quomodo
1154 1899 1298 1964 dominus

120 2002 250 2087 spiritus
273 2003 378 2067 subito
400 2007 531 2087 propter
553 2003 615 2067 hoc
637 2002 772 2081 factum,
805 2006 888 2089 quod
910 2005 1032 2082 fecisti,
1065 2009 1097 2068 te
1125 2005 1299 2070 interficere

121 2108 280 2172 debebat?
315 2109 344 2171 5.
368 2107 412 2173 Et
434 2108 499 2172 dixi
522 2108 567 2172 ei:
601 2107 736 2192 Utique,
761 2108 927 2173 interficiet
950 2130 1074 2187 omnes,
1109 2131 1188 2194 quos
1210 2109 1298 2173 inve-

120 2212 203 2276 nerit
224 2215 387 2294 portantes
410 2212 589 2296 cupidinem
611 2211 757 2289 ultionis,
782 2236 854 2277 cum
876 2215 1005 2279 venerit.
1052 2214 1166 2280 Cavete
1188 2214 1298 2298 igitur,

118 2339 158 2381 ne
182 2316 347 2402 abnegetis
370 2316 502 2380 multam
525 2316 771 2381 misericordiam
794 2317 879 2392 eius;
912 2318 966 2382 sed
988 2319 1095 2402 potius
1125 2319 1154 2383 ei
1177 2317 1299 2402 gratias
1314 2330 1338 2368 1⁶

120 2421 214 2505 agite,
239 2421 313 2505 quia
335 2421 381 2485 ita
403 2421 527 2505 patiens
550 2421 613 2485 fuit
635 2442 712 2506 erga
734 2442 790 2486 vos
813 2423 854 2487 ob
876 2427 1007 2506 peccata
1029 2427 1134 2488 vestra
1156 2445 1214 2487 nec
1236 2421 1300 2486 fuit

120 2522 203 2588 sicut
224 2546 290 2588 vos.
335 2522 433 2606 Agite
456 2524 555 2609 igitur
576 2525 813 2607 paenitentiam,
839 2527 914 2610 quia
936 2529 1021 2593 bona
1044 2531 1092 2591 est
1114 2528 1212 2591 vobis.

210 2623 273 2692 33.
297 2627 386 2692 Haec
408 2627 507 2712 igitur
528 2628 636 2692 omnia
657 2629 744 2713 prius
768 2632 888 2716 scripta
910 2637 992 2697 sunt.
1037 2632 1081 2697 Et
1103 2653 1164 2717 ego
1180 2635 1298 2715 pastor,

122 2732 254 2817 angelus
277 2732 504 2816 paenitentiae,
538 2754 575 2797 ea
597 2734 719 2799 ostendi
742 2740 774 2799 et
796 2735 919 2801 locutus
951 2759 1021 2800 sum
1051 2758 1140 2801 servo
1170 2736 1297 2801 domini.

121 2837 166 2902 Et
189 2837 216 2902 si
239 2836 432 2902 credideritis
455 2842 487 2901 et
510 2838 691 2903 audiveritis
720 2842 852 2905 verbum
882 2863 986 2907 meum
1010 2847 1041 2906 et
1063 2840 1300 2906 ambulaveritis
1314 2854 1339 2892 2⁰

120 2942 154 3006 in
176 2942 233 3007 illo
257 2946 289 3006 et
311 2942 509 3007 correxeritis
530 2943 598 3006 vias
618 2949 757 3022 vestras,
789 2946 933 3028 poteritis
956 2947 1068 3011 vivere.
1116 2944 1171 3010 Sin
1194 2949 1300 3010 autem

120 3047 356 3130 permanseritis
379 3047 412 3111 in
435 3046 517 3124 dole,
539 3047 696 3112 vindictae
719 3050 858 3114 studium
878 3055 1032 3134 gerentes,
1056 3071 1148 3114 nemo
1171 3071 1188 3113 e
1210 3050 1300 3113 vobis

121 3152 207 3216 vivet
239 3153 374 3217 domino.
429 3152 517 3216 Haec
549 3153 655 3217 omnia
687 3153 812 3218 locutus
848 3175 917 3218 sum
947 3154 1037 3219 vobis
1068 3157 1199 3238 propter
1232 3175 1297 3217 vos.

122 3258 151 3320 2.
176 3256 299 3321 Deinde
322 3257 401 3321 dixit
422 3257 500 3321 mihi
521 3263 647 3340 pastor:
679 3257 727 3321 De
751 3259 896 3323 omnibus
918 3279 969 3322 me
991 3257 1235 3341 interrogabas?
1256 3256 1301 3321 Et

122 3362 186 3427 dixi
209 3361 254 3426 ei:
278 3360 336 3438 Ita,
360 3361 493 3426 domine.
539 3362 583 3427 Et
606 3361 685 3426 dixit
708 3362 803 3426 mihi:
839 3361 901 3427 Cur
924 3359 1011 3444 (non)
1039 3362 1216 3445 interrogas
1239 3383 1297 3436 me,
1314 3374 1340 3413 ²⁸

122 3470 316 3550 quapropter
338 3464 441 3529 forma
463 3466 591 3531 illorum
613 3466 756 3550 lapidum
785 3466 957 3535 similitudo
979 3488 1105 3542 eorum,
1140 3487 1218 3549 quos
1240 3465 1300 3529 im-

123 3574 297 3654 posuerunt
319 3570 352 3634 in
374 3575 576 3648 structuram,
602 3572 656 3654 qui
678 3571 799 3636 habent
819 3570 1070 3655 perfectionem?
1099 3569 1143 3634 Et
1166 3569 1231 3632 dixi
1254 3569 1299 3633 ei:

123 3673 252 3739 Oblitus
275 3696 354 3751 sum,
378 3674 512 3740 domine.
558 3676 587 3740 3.
611 3676 655 3741 Et
678 3676 758 3740 dixit
779 3675 875 3739 mihi:
901 3674 986 3738 Audi
1008 3696 1092 3738 nunc
1114 3674 1152 3738 de
1174 3673 1222 3736 iis.
1258 3671 1302 3736 Hi

123 3784 197 3843 sunt
221 3779 275 3863 qui
297 3801 380 3843 nunc
403 3781 569 3845 audienmt
589 3780 741 3845 mandata
772 3802 842 3844 mea
865 3783 897 3843 et
919 3777 1146 3863 paenitentiam
1169 3781 1302 3861 egerunt

122 3888 192 3947 toto
222 3883 314 3947 corde
344 3905 410 3947 suo.
462 3884 507 3949 Et
536 3906 607 3950 cum
634 3884 764 3948 vidisset
793 3881 937 3947 dominus
967 3883 1047 3946 bene
1078 3901 1131 3944 eos
1162 3883 1194 3942 et
1224 3901 1302 3964 pure
1315 3898 1341 3936 ³⁰

122 3985 352 4071 paenitentiam
383 3986 501 4070 egisse,
537 3989 583 4052 ita
613 3992 650 4052 ut
677 3986 801 4072 possint
831 4006 1015 4068 permanere
1046 3984 1079 4048 in
1108 3984 1304 4067 paenitentia

124 4112 191 4168 sua,
214 4090 307 4154 iussit
330 4089 450 4155 aboleri
464 4091 572 4174 priora
594 4095 726 4175 peccata
741 4111 857 4167 eorum,
882 4093 914 4154 et
928 4088 1021 4153 iussit
1034 4092 1167 4170 peccata
1181 4094 1302 4153 vestra:

124 4277 257 4350 λαβόντες
277 4274 351 4348 ὑγιὲς
370 4279 417 4332 καὶ
435 4284 519 4332 τοῦτο
532 4281 702 4348 tunicam<
728 4280 806 4349 ἡμῶν
823 4276 996 4348 κατεφθάρη.

122 4368 169 4421 καὶ
195 4361 411 4438 ἀρχειώσαντες,
438 4366 476 4434 μὴ
498 4360 528 4419 ἐν
554 4365 701 4434 σεμνότητι
763 4365 787 4417 5.
807 4362 926 4433 calcare]
945 4360 986 4416 cf.
1006 4361 1090 4415 Hebr.
1110 4359 1149 4422 10,
1169 4360 1210 4414 29.

123 4449 371 4518 πολιτευσάμενοι;
417 4454 463 4506 καὶ
499 4449 538 4518 εἰς
572 4449 703 4521 οὐδεμίαν
764 4450 852 4514 33,1.
881 4449 951 4502 haec
978 4446 1083 4517 omnia]
1112 4462 1148 4498 sc
1169 4445 1306 4502 Mandata

122 4550 222 4611 χρῆσιν
246 4536 358 4593 δύναται
383 4531 451 4592 εἶναι
474 4544 513 4610 τῷ
538 4539 624 4612 κυρίῳ
643 4534 701 4594 tao
730 4538 759 4589 et
777 4535 989 4590 Similitudines.

124 4633 189 4682 τοῦ·
210 4623 291 4698 ἡγὰρ
308 4634 405 4697 χρῆσις
418 4630 468 4679 τοῦ
485 4623 644 4693 πνεύματος
656 4621 702 4696 ὑφ’
764 4622 788 4676 2.
809 4622 900 4678 forma
917 4621 986 4693 lep]
1006 4620 1048 4677 Cf.
1069 4637 1093 4675 c.
1114 4621 1153 4684 10,
1174 4624 1196 4677 l.
1216 4622 1241 4676 2.
