2834 5018
326 557 521 615 nocrarua
541 558 736 615 nuonncrn
753 559 1031 615 mosronoaun.
1209 564 1272 630 xv

93 742 131 805 ad
152 741 239 806 cibos
261 739 459 824 pertinentia
488 739 615 804 omnino
643 739 796 804 servanda
818 761 887 803 esse
910 740 995 804 dicit.
1041 740 1148 806 Unum
1170 739 1273 805 solum

92 866 194 910 serere
208 846 377 928 praecipit,
400 843 521 910 scilicet
536 849 574 908 ut
586 842 759 909 Christiani
776 845 816 910 ab
831 844 1017 928 idolothytis
1033 866 1067 908 se
1082 845 1269 909 abstineant.

92 950 138 1013 De
158 949 282 1033 reliquo
305 955 422 1028 monet,
446 954 484 1013 ut
505 949 636 1027 faciant,
660 950 813 1034 quidquid
834 950 966 1033 possint.

175 1053 265 1131 Quae
296 1076 368 1119 cum
398 1055 446 1118 ita
477 1055 556 1131 sint,
593 1055 735 1138 quaestio
770 1054 856 1119 haud
888 1055 998 1139 magni
1030 1054 1182 1118 momenti
1214 1057 1270 1117 est.

92 1157 288 1223 Christianus
311 1181 328 1223 e
351 1158 488 1236 Iudaeis,
522 1158 625 1243 qualis
647 1163 757 1223 auctor
779 1159 850 1236 fuit,
882 1182 901 1222 a
923 1158 1103 1223 Christiano
1127 1180 1143 1221 e
1166 1158 1271 1242 genti·

92 1261 172 1326 libus
195 1261 349 1348 (vulgari)
381 1261 514 1347 paulum
536 1262 712 1340 differebat,
743 1263 930 1346 praesertim
960 1285 1031 1328 cum
1053 1264 1094 1327 ab
1117 1261 1271 1346 apostolis

93 1365 323 1450 Hierosolymis
347 1367 550 1452 congregatis
572 1367 670 1431 etiam
685 1365 872 1432 Christianis
896 1391 913 1432 e
929 1367 1102 1454 gentilibus
1120 1365 1274 1431 nonnulla

93 1476 261 1554 praecepta
284 1467 412 1536 Veteris
436 1471 634 1536 Testamenti
657 1473 698 1537 ad
720 1473 807 1537 cibos
830 1474 1006 1556 spectantia
1029 1474 1104 1537 data
1126 1477 1240 1537 essent.

665 1645 704 1710 V.

179 1785 345 1869 Scriptura
374 1786 414 1850 ab
438 1787 584 1850 omnibus
609 1786 676 1850 fere
697 1786 731 1849 in
755 1787 832 1850 duas
854 1790 960 1869 partes
984 1785 1142 1861 dividitur,
1166 1788 1273 1868 partes

96 1911 165 1953 reru
181 1891 303 1955 diverse
318 1891 629 1955 circumscribuntur.
658 1889 807 1976 Plerique
821 1896 945 1974 partem
959 1890 1097 1974 priorem
1112 1888 1216 1971 capite
1228 1886 1275 1950 VI

95 1996 274 2059 terminant.
309 1994 440 2059 Rectius
462 2017 537 2079 pars
562 1995 665 2078 capite
682 1994 711 2059 X
727 1994 933 2060 concluditur.
958 1993 1122 2076 Capitibus
1137 1991 1274 2056 Vll-X

96 2100 176 2164 enim
207 2101 245 2164 de
267 2100 429 2184 baptismo
461 2103 493 2163 et
515 2099 715 2177 eucharistia,
741 2100 779 2164 de
800 2101 917 2164 ieiunio
940 2103 972 2163 et
993 2098 1134 2162 oratione
1157 2097 1273 2180 agitur,

97 2209 188 2287 atque
210 2202 368 2268 formulae
391 2208 620 2287 proponuntur,
646 2226 726 2288 quae
748 2205 782 2268 in
797 2204 1001 2269 sacramentis
1016 2201 1274 2266 administrandis

97 2313 126 2369 et
155 2308 188 2371 in
218 2308 362 2372 oratione
395 2308 591 2372 adhibendae
622 2309 694 2374 sint.
741 2309 903 2374 Particula
924 2309 1024 2393 igitur
1046 2307 1194 2389 liturgica
1216 2310 1273 2369 est.

96 2412 147 2475 Ad
168 2412 333 2498 liturgiam
356 2413 408 2477 vel
430 2412 551 2477 cultum
574 2434 648 2477 vero
665 2415 761 2478 etiarn
784 2414 890 2497 capita
904 2412 1008 2477 I-VI
1031 2412 1199 2496 pertinent.
1230 2408 1275 2474 Ut

95 2517 190 2580 rerba
218 2523 318 2576 ταῦτα
348 2515 451 2577 πάντα
480 2516 679 2596 προειπόντες
710 2514 880 2600 βαπτίσατε
902 2514 969 2579 κτλ.
995 2516 1059 2594 7,1
1086 2514 1169 2579 clare
1192 2515 1274 2579 indi·

96 2623 176 2697 eant,
199 2621 357 2703 particula
379 2643 481 2686 sermo
505 2625 554 2686 est
569 2622 767 2706 baptizandis
789 2621 839 2686 vel
855 2620 1088 2686 catechumenis
1104 2625 1177 2684 ante
1192 2622 1274 2703 bap·

95 2725 223 2789 tismum
244 2727 508 2810 pronuntiandus.
555 2726 643 2803 Quae
666 2748 740 2791 cum
761 2727 808 2790 ita
830 2727 901 2803 sint,
927 2725 1033 2809 capita
1055 2722 1192 2787 Vll—X
1215 2745 1274 2807 po-

97 2831 158 2894 tius
188 2852 261 2894 cum
293 2831 553 2914 praecedentibus
589 2853 683 2915 quam
717 2854 788 2895 cum
820 2830 1023 2914 sequentibus
1058 2828 1276 2913 coniungenda

97 2939 178 3011 sunt,
212 2956 294 3019 quae
324 2936 365 2999 ad
387 2935 587 3020 disciplinam
615 2940 647 2999 et
670 2937 926 3000 constitutionem
948 2933 1098 2998 ecclesiae
1121 2936 1274 3017 spectant.

98 3038 176 3102 Pars
205 3038 294 3122 prior
322 3045 428 3104 autem
457 3040 528 3123 ipsa
549 3041 582 3104 in
606 3042 683 3104 duas
705 3040 859 3104 sectiones
883 3038 979 3103 dividi
1000 3043 1117 3122 potest,
1142 3059 1276 3122 quarum

96 3165 161 3207 una
182 3144 289 3228 capita
310 3143 426 3221 l-Vl,
452 3145 554 3209 altera
577 3146 682 3228 capita
704 3144 840 3208 Vll-X
863 3143 1074 3226 amplectitur.

185 3247 270 3312 Ordo
293 3250 519 3314 sententiarum
542 3249 595 3313 hic
618 3254 674 3313 est.

183 3351 358 3436 Postquam
381 3358 491 3417 auctor
516 3353 544 3429 1,
568 3353 584 3414 1
611 3355 687 3416 duas
710 3353 778 3416 vias
800 3372 970 3435 earumque
994 3349 1203 3414 differentiam
1225 3348 1276 3411 in-

100 3457 222 3531 dicarit,
246 3458 332 3521 viam
353 3459 437 3523 ritae
462 3458 663 3535 1,2-4,14
687 3456 843 3521 describit.
882 3454 1108 3538 Proponuntur
1128 3453 1193 3530 1‚2
1216 3452 1278 3515 tria

99 3562 248 3626 mandata
268 3563 467 3647 principalia,
497 3562 648 3627 mandata
670 3561 785 3626 amoris
807 3560 868 3624 Dei
892 3582 928 3624 ac
950 3558 1088 3643 proximi
1111 3563 1143 3621 et
1165 3556 1277 3641 regula

100 3689 179 3750 quae
201 3671 333 3731 vocatur
354 3687 452 3732 aurea
474 3668 539 3732 sive
562 3671 777 3751 praeceptum,
801 3687 840 3729 ne
864 3664 934 3748 quis
954 3662 1046 3727 alteri
1061 3661 1168 3738 faciat,
1193 3660 1278 3743 quod

100 3772 159 3835 sibi
180 3773 243 3855 ipsi
265 3770 335 3834 fieri
356 3771 448 3849 nolit,
482 3776 514 3836 et
537 3772 662 3836 additur
690 3770 860 3854 explicatio
883 3767 1008 3850 duplex.
1056 3765 1187 3829 Summa
1209 3764 1276 3847 pri·

99 3898 167 3940 mae
189 3875 411 3959 explicationis
437 3876 465 3952 l,
482 3877 568 3941 3-6
600 3898 639 3940 ex
663 3896 804 3940 sermone
826 3872 955 3937 Domini
983 3873 1016 3935 in
1037 3873 1145 3935 monte
1167 3867 1278 3932 habito

100 3981 209 4045 velex
232 3980 409 4064 Evangelio
433 3980 592 4044 Matthaei
615 3982 634 4044 5
658 3981 844 4063 deprompta
869 3982 925 4041 est.
972 3974 1085 4039 Altera
1108 3970 1278 4055 explicatio

100 4085 257 4150 mandatis
279 4083 408 4168 incipit,
443 4107 523 4169 quae
547 4084 702 4149 Dominus
726 4081 840 4145 Matth.
865 4082 914 4155 19,
933 4078 1062 4142 16-18
1086 4074 1278 4140 adulescenti

100 4189 258 4254 intimavit
291 4190 436 4273 roganti,
471 4189 548 4273 quid
577 4187 652 4251 boni
685 4186 818 4262 faceret,
851 4188 887 4247 ut
912 4183 1013 4247 vitam
1036 4185 1195 4245 aeternam
1218 4179 1277 4242 ha·

100 4293 187 4358 beret
209 4292 254 4374 (2,
272 4291 379 4374 1-3),
403 4292 523 4357 scilicet
544 4313 609 4356 non
627 4291 759 4366 occideS,
785 4310 848 4352 non
871 4286 1060 4352 adulterium
1083 4285 1181 4349 facies
1207 4289 1277 4358 eta,

101 4403 132 4462 et
152 4398 256 4463 multa
281 4397 345 4461 alia
368 4397 556 4461 adiciuntur.
588 4394 729 4471 Quorum
751 4414 825 4477 pars
840 4391 927 4475 prior
950 4388 992 4471 (2,
1010 4390 1109 4471 3-7)
1134 4387 1278 4452 similiter

102 4523 249 4586 expressa
272 4507 321 4566 est
344 4524 382 4566 ac
404 4502 554 4565 mandata
585 4499 656 4565 eS.
679 4497 843 4580 Scriptura
865 4496 1008 4578 repetita.
1055 4494 1092 4557 In
1115 4498 1205 4576 parte
1229 4491 1277 4555 al-
