2834 5018
351 696 673 757 PRESBYTERORUM
692 701 890 772 RELIQUIAE
907 706 1039 764 vl-vu
1215 719 1279 785 387

96 877 228 955 propter
252 873 359 939 dicunt
389 879 674 961 presbyteri,
702 877 1277 971 λέγουσινοἱπρεσβύτεροι,τῶν

97 976 247 1058 quisunt
270 981 488 1061 apostolorum
518 983 673 1068 discipuli,
702 984 943 1052 ἀποστόλων
973 993 1177 1075 μαθηταί,
1204 998 1277 1072 τοὺς

96 1082 223 1165 eosqui
235 1084 383 1149 translati
394 1092 476 1162 sunt
484 1086 561 1152 illuc
567 1094 672 1153 trans-
701 1089 929 1171 μετατεθέντος
946 1091 1047 1158 ἐκεῖσε
1066 1101 1276 1183 μετατεθῆναι

93 1184 177 1248 latos
201 1208 269 1251 esse
302 1188 407 1270 (iustis
429 1192 511 1256 enirn
535 1192 671 1258 homini-
700 1192 842 1277 (δικαίοις
853 1196 914 1278 γὰρ
926 1195 1105 1279 ἀνθρώποις
1116 1203 1169 1264 καί
1184 1224 1276 1267 πνεο·

93 1291 153 1353 bus
169 1296 201 1354 et
213 1292 362 1375 spiritum
374 1294 565 1361 habentibus
576 1320 670 1381 prae·
698 1297 885 1380 ματορόροις
912 1298 1092 1386 ἡτοιμάοθη
1123 1304 1141 1366 6
1170 1307 1302 1389 παρά-ι

94 1399 227 1477 paratus
250 1400 299 1461 est
320 1399 496 1482 paradisus,
521 1402 554 1466 in
577 1425 670 1487 quem
697 1399 807 1480 δεισος,
831 1401 864 1466 ἐν
889 1400 913 1487 ᾧ
936 1406 989 1467 καί
1006 1403 1130 1482 Παῦλος
1154 1408 1171 1471 6
1194 1410 1274 1474 ἀπο-

94 1503 127 1562 et
150 1499 268 1565 Paulus
292 1503 458 1586 apostolus
488 1511 669 1590 asportatus
697 1504 807 1581 οτολος
836 1506 1048 1591 elementale
1077 1510 1195 1592 ἤκουσε
1217 1513 1273 1598 ῥή-

93 1604 213 1668 audivit
241 1628 401 1671 sermones
432 1609 668 1689 inenarrabiles,
696 1628 779 1691 ματα
802 1612 936 1695 ἄρρητα,
968 1612 1011 1688 ὡς
1033 1616 1109 1697 πρὸς
1135 1615 1217 1700 ἡμᾶς
1239 1618 1273 1684 ἐν

96 1713 251 1791 quantum
266 1712 306 1774 ad
320 1732 379 1775 nos
394 1711 560 1795 pervenit),
577 1719 610 1778 et
624 1716 669 1780 ibi
695 1720 739 1795 τῷ
762 1714 922 1799 παρόντι),
955 1719 1051 1781 κάκεῖ
1076 1718 1178 1802 μένειν
1200 1726 1272 1800 τοὺς

90 1835 218 1877 manere
242 1836 316 1892 eos,
340 1816 395 1899 qui
417 1816 563 1880 translati
584 1823 667 1897 sunt,
695 1817 1271 1909 μετατεθένταςὲωςσυντελείαςπρο-
1287 1849 1311 1886 ro

92 1940 192 2002 usque
216 1920 254 1982 ad
278 1920 589 1998 consummationem,
614 1944 667 1987 co·
695 1921 929 2005 οιμιαζομὲνους
951 1926 1007 2006 τὴν
1030 1926 1222 2010 ἀφθαρσίαν.

91 2023 293 2107 auspicantes
317 2025 573 2108 incorruptelam.

214 2124 296 2193 [Iren.
315 2124 346 2181 V.
367 2126 391 2189 5,
413 2127 425 2179 l
447 2126 488 2179 ed.
507 2125 619 2194 Harvey
639 2127 674 2191 11,
694 2128 762 2191 331;
788 2129 882 2183 Ioann
902 2130 981 2185 Dam.
1001 2132 1028 2187 S.
1047 2133 1077 2187 P.
1096 2133 1168 2197 Holl‚
1181 2135 1270 2205 Freq-

195 2218 279 2266 mcnlc
296 2230 324 2280 p.
344 2212 399 2282 72]

639 2338 712 2403 VII.

132 2476 193 2541 His
217 2483 322 2541 autem
347 2479 391 2542 sic
414 2501 447 2543 se
474 2479 664 2545 habentibus
737 2476 864 2542 Τούτων
886 2478 921 2543 δὲ
940 2481 1038 2554 οὕτως
1061 2476 1197 2563 ἐχόντων
1212 2482 1266 2545 καί

85 2583 174 2646 etin
198 2583 343 2647 omnibus
367 2584 505 2667 antiquis
534 2588 566 2648 et
587 2608 662 2668 pro·
691 2580 724 2642 ἐν
747 2592 824 2645 πᾶσι
847 2592 911 2658 τοῖς
934 2569 1112 2658 σπουδαίαις
1135 2586 1188 2648 καί
1211 2585 1266 2668 ἀρ·
1281 2603 1306 2641 ω

85 2687 262 2751 batissimis
278 2693 309 2751 et
324 2688 481 2752 veteribus
497 2690 662 2771 scripturis
689 2684 790 2767 χαίοις
819 2686 1018 2771 ἀντιγράφοις
1052 2697 1106 2751 τοῦ
1129 2689 1266 2772 ἀριθμοῦ

85 2813 217 2855 numero
240 2792 300 2856 hoc
324 2793 437 2875 posite,
463 2798 494 2855 et
517 2794 661 2857 testimo·
689 2788 800 2852 τούτου
823 2791 1053 2875 acceptaeque!
1077 2793 1266 2876 μαρτυρούν-

84 2895 173 2958 nium
215 2896 455 2978 perhibentibus
497 2895 565 2973 his,
608 2898 662 2982 qui
688 2914 750 2957 των
785 2896 887 2958 αὐτῶν
922 2894 1049 2961 ἐκείνων
1078 2904 1140 2960 τῶν
1173 2900 1265 2961 κατ’

84 3000 211 3063 facie
235 3000 285 3062 ad
309 3000 660 3065 faciemlohan·
688 2998 1265 3084 ὂψιντὸνἸωοίννηνὲωρα-

82 3126 179 3167 nem
208 3104 446 3182 viderunt,
480 3110 511 3168 et
539 3106 661 3170 ratione
687 3102 830 3167 κότων
852 3104 905 3167 καί
922 3113 976 3167 τοῦ
992 3103 1303 3188 λίγουδιδοίοκον-εο

83 3209 216 3272 docente
239 3231 312 3285 nos,
345 3210 492 3293 quoniam
512 3232 661 3274 numerus
687 3226 739 3280 τος
772 3205 869 3289 ἡμᾶς,
911 3209 957 3271 δτι
991 3208 1008 3271 6
1040 3209 1174 3291 ἀριθμὸς
1208 3219 1263 3272 τοῦ

82 3312 220 3376 nominis
236 3313 358 3376 bestiae
374 3314 544 3378 secundum
561 3314 659 3379 Grae·
687 3310 838 3395 ὀνόματος
867 3319 921 3374 τοῦ
951 3311 1064 3396 θηρίου
1093 3315 1176 3374 κατὰ
1207 3315 1263 3396 τὴν

82 3439 193 3481 corum
217 3417 485 3499 computationem
506 3440 564 3501 per
585 3418 659 3482 lite·
687 3423 749 3479 τῶν
781 3414 941 3498 Ἑλλήνων
976 3415 1081 3499 ψῆφον
1112 3414 1163 3477 διὰ
1200 3424 1262 3480 τῶν

80 3542 142 3596 ras,
169 3520 305 3601 quaein
329 3542 365 3585 eo
390 3526 472 3598 sunt,
497 3525 660 3587 sexcentos
687 3520 719 3583 ὲν
747 3520 832 3602 αὐτῷ
855 3520 1046 3603 γραμμάτων
1070 3518 1261 3602 ἐμφαίνεται.

79 3623 213 3688 babebit
228 3630 260 3688 et
272 3625 438 3708 sexaginta
456 3630 488 3689 et
501 3648 574 3700 sex;
599 3626 659 3690 hoc
931 3622 1006 3693 [Elm-
1026 3622 1060 3675 Η·
1078 3620 1108 3675 Ε·
1128 3619 1160 3685 Vr
1180 3623 1204 3685 8,
1224 3622 1259 3692 5.]
1274 3641 1300 3682 ⁹⁶

79 3734 143 3805 est,
178 3728 311 3793 decadas
335 3730 483 3814 aequales
506 3731 657 3795 hecaton-

77 3834 164 3898 tasin
188 3839 220 3896 et
251 3832 478 3898 hecatontadas
510 3834 658 3918 aequales

77 3940 242 4011 monasin3
267 3961 416 4003 numerus
432 3939 515 4003 enim
538 3940 593 4022 qui
609 3939 657 4002 di·

76 4045 166 4128 gitus
190 4066 261 4119 sex,
296 4044 443 4107 similiter
472 4043 657 4119 custoditus,

76 4148 358 4231 recapitulationes
370 4148 509 4212 ostendit
530 4146 657 4210 univer-

76 4275 132 4316 sae
155 4253 334 4336 apostasiae
366 4252 433 4316 eius
457 4273 538 4335 quae
566 4250 658 4315 initio

147 4421 207 4475 711
228 4422 288 4476 Cor.
312 4422 352 4487 12,
370 4422 394 4474 4.
414 4453 449 4460 -
467 4423 498 4477 21
519 4424 605 4491 Apoc.
628 4420 667 4485 13,
688 4420 728 4475 18.

72 4562 132 4621 ἀπὸ
151 4573 201 4634 γῆς
226 4559 296 4629 μέν,
325 4559 384 4617 ἀλλ’
410 4559 461 4617 οὐκ
488 4559 520 4617 ἐκ
546 4560 654 4632 ταύτης,
681 4580 760 4627 croc.
795 4560 912 4613 Veteres
924 4559 1012 4630 igitur
1022 4559 1187 4631 paradisum
1198 4578 1255 4616 non

72 4648 238 4723 κρείττονος
255 4649 285 4706 δὲ
297 4663 345 4721 τῆς
363 4647 500 4706 ἐνταυθοῖ
508 4652 654 4719 decanum}
681 4646 712 4699 in
728 4645 782 4700 hac
799 4648 876 4699 terra
893 4644 980 4700 fuisse
999 4650 1178 4717 putaverunt

970 4736 1044 4801 25*
