2834 5018
337 708 514 764 EPISTULA
531 708 581 764 AD
599 708 819 765 DIOGNETUM
835 708 895 773 Vll,
916 711 990 766 1-6.
1184 716 1248 781 403

163 886 235 952 VII.
261 888 335 953 Non
358 889 441 952 enim
463 892 632 964 terrenum,
656 892 693 951 ut
716 886 796 964 dixi,
819 887 981 953 inventum
1004 888 1065 954 hoc
1086 890 1125 954 iis
1148 891 1247 954 tradi·

76 995 146 1055 tum
169 997 227 1068 est,
250 1013 352 1075 neque
374 992 542 1057 mortalem
564 993 788 1077 cogitationem
811 997 877 1058 tam
900 999 1045 1059 accurate
1067 996 1246 1060 custodien-

74 1098 147 1161 dam
180 1097 241 1161 sibi
264 1102 409 1176 censent,
440 1119 543 1181 neque
575 1098 785 1162 humanorum
813 1097 1036 1181 mysteriorum
1066 1100 1248 1164 oeconomia

73 1201 140 1265 illis
162 1202 330 1266 commissa
353 1206 408 1265 ast.
455 1204 484 1265 2.
510 1202 571 1267 Sed
593 1203 660 1286 ipse
687 1223 760 1266 vere
782 1202 922 1266 omnium
948 1207 1099 1288 regnator
1122 1208 1154 1267 et
1177 1226 1246 1268 om·

73 1307 162 1370 nium
186 1307 330 1370 conditor
353 1312 384 1371 et
406 1307 574 1371 invisibilis
590 1309 674 1384 deus,
698 1307 798 1391 ipsee
822 1307 917 1371 caelis
932 1308 1099 1371 veritatem
1122 1313 1154 1372 et
1175 1328 1274 1371 ver-⁵

75 1413 153 1475 bum
176 1416 320 1475 sanctum
343 1415 375 1474 et
388 1411 706 1495 incomprehensibile
727 1410 810 1474 inter
825 1410 968 1475 homines
991 1410 1107 1475 locavit
1129 1414 1161 1474 et
1177 1432 1247 1475 cor·

77 1516 172 1579 dibus
195 1537 302 1580 eorum
325 1516 442 1590 infixit3
465 1536 528 1579 non
552 1515 814 1599 quemadmodum
834 1513 949 1598 aliquis
972 1515 1114 1579 conicere
1136 1515 1247 1598 possit,

76 1620 258 1684 hominibus
280 1621 459 1684 ministrum
482 1620 621 1704 aliquem
643 1619 773 1682 mittens
804 1623 859 1682 cut
882 1618 1030 1702 angelum
1053 1624 1109 1683 aut
1130 1620 1248 1703 princi·

76 1746 151 1808 pem
176 1729 231 1788 aut
254 1725 393 1809 aliquem
416 1746 541 1801 eorum,
575 1724 630 1809 qui
651 1728 777 1787 terrena
805 1724 1000 1805 gubemant,
1034 1723 1249 1808 autaliquem

76 1850 195 1904 eorum,
220 1829 334 1910 quibus
357 1829 526 1893 commissa
549 1834 597 1893 est
619 1851 694 1892 cura
722 1850 827 1892 rerum
849 1828 882 1890 in
906 1827 1000 1892 caelis
1024 1829 1288 1894 administren-10

73 1934 202 2012 danim,
239 1935 293 1997 sed
316 1935 420 2017 ipsum
452 1933 598 2017 opificem
620 1937 652 1997 et
682 1936 855 1997 creatorem
884 1934 1042 2010 omnium,
1075 1955 1248 2018 perquem

72 2037 179 2101 caelos
211 2039 367 2116 condidit,
402 2060 460 2122 per
490 2061 583 2124 quem
615 2060 701 2103 mere
724 2039 789 2102 suis
820 2039 961 2102 terminis
982 2039 1128 2116 inclusit,
1161 2040 1249 2103 cuius

73 2142 227 2225 mysteria
248 2143 384 2206 fideliter
406 2143 512 2206 omnia
534 2145 704 2208 observant
719 2143 830 2221 sidera,
856 2166 875 2207 a
899 2164 961 2228 quo
976 2164 1139 2207 mensuras
1162 2144 1248 2207 diur-

71 2267 186 2309 norum
216 2267 363 2310 cursuum
392 2247 514 2330 accepit
537 2246 587 2310 sol
617 2247 844 2324 observandas,
878 2247 928 2311 cui
952 2247 1151 2330 obtemperat
1173 2246 1250 2311 luna

72 2350 196 2413 iubenti
218 2372 288 2414 eam
310 2351 415 2414 lucere
437 2351 531 2429 nocti,
556 2351 605 2415 cui
628 2352 847 2434 obtemperant
869 2350 983 2414 stellae
1005 2350 1098 2414 lunae
1121 2373 1247 2415 cursum
1264 2366 1291 2407 1³

73 2459 258 2537 sequentes;
283 2475 379 2537 aquo
402 2455 507 2518 omnia
522 2455 674 2537 disposita
697 2458 819 2518 suntet
840 2454 996 2518 limitibus
1012 2455 1250 2538 circumscripta

72 2560 166 2642 eique
189 2560 334 2623 subdita:
367 2558 444 2623 caeli
468 2562 500 2622 et
522 2580 604 2642 quae
626 2559 793 2635 incaelis,
826 2563 912 2622 terra
934 2563 966 2621 et
989 2580 1069 2642 quae
1096 2558 1130 2622 in
1152 2564 1247 2636 terre,

71 2667 216 2727 marcet
240 2664 374 2746 quaein
396 2663 485 2739 mari,
509 2663 610 2747 ignis,
645 2671 707 2742 aer,
733 2664 883 2747 abyssus,
916 2664 1050 2747 quaein
1073 2663 1249 2740 altitudine,

74 2790 156 2852 quae
179 2768 212 2831 in
242 2767 423 2851 profundis,
457 2789 536 2852 quae
566 2768 598 2831 in
621 2768 724 2831 medio
758 2772 849 2831 sunt:
884 2767 968 2832 hunc
998 2769 1036 2832 ad
1069 2789 1122 2832 eos
1153 2768 1249 2833 misit.

72 2875 104 2936 3.
131 2870 192 2947 An,
216 2877 252 2935 ut
274 2871 437 2935 hominum
460 2870 574 2955 aliquis
597 2871 738 2956 cogitare
761 2871 876 2954 possit,
900 2873 1076 2954 tyrannidis
1099 2894 1249 2937 exercen—
1264 2889 1290 2927 2⁰

74 2979 133 3040 dae
157 2982 188 3040 et
211 2977 340 3041 terroris
369 2976 541 3040 incutiendi
571 2980 687 3040 causa?
717 2978 746 3039 4.
771 2976 902 3040 Minime
924 2998 1015 3051 vero;
1053 2977 1162 3041 sedin
1186 2977 1250 3041 cle·

72 3081 193 3145 mentia
216 3085 248 3144 et
277 3080 408 3143 lenitate
430 3085 467 3143 ut
488 3103 543 3145 rex
572 3082 702 3144 mittens
731 3080 833 3143 filium
855 3100 962 3164 regem
993 3082 1081 3145 misit
1104 3103 1190 3159 eum,
1215 3086 1251 3144 ut

73 3188 169 3249 deum
190 3186 291 3261 misit,
325 3190 361 3248 ut
382 3184 542 3248 hominem
572 3186 611 3248 ad
634 3185 777 3248 homines
800 3184 904 3260 misit,
937 3188 973 3247 ut
995 3205 1123 3248 servans
1153 3185 1249 3263 misit,

74 3295 110 3354 ut
125 3289 326 3374 persuadens,
350 3310 413 3352 non
429 3290 613 3353 violentiam
628 3289 798 3364 adhibens3
822 3288 976 3353 violentia
992 3289 1075 3353 enim
1089 3311 1154 3353 non
1168 3290 1251 3352 inest

73 3397 141 3458 deo.
189 3396 216 3457 5.
243 3392 332 3456 illisit
355 3398 391 3456 ut
413 3416 538 3471 vocans,
562 3416 626 3458 non
650 3415 856 3478 persequens;
882 3393 969 3457 misit
992 3397 1028 3456 ut
1044 3415 1161 3470 amans,
1186 3414 1249 3457 non
1263 3409 1290 3449 π

72 3499 225 3562 iudicans.
273 3498 301 3560 6.
327 3496 435 3560 Mittet
457 3499 540 3562 enim
564 3520 634 3562 eum
657 3498 863 3561 iudicantem:
889 3499 921 3560 et
945 3497 1016 3581 quis
1040 3496 1108 3560 eius
1132 3497 1249 3560 adven·

145 3616 192 3669 31
212 3617 272 3669 Cor.
293 3616 316 3676 9,
338 3618 376 3670 17.
397 3645 430 3654 -
449 3615 483 3668 20
501 3615 581 3668 Zach.
601 3616 625 3676 9,
646 3616 670 3667 9.
690 3645 723 3653 -
742 3615 773 3668 21
794 3614 890 3667 loann.
909 3616 933 3676 3,
949 3614 988 3668 17.
1007 3643 1043 3654 -
1061 3612 1096 3666 22
1116 3612 1211 3666 Ioann.
1225 3613 1249 3675 3,

76 3704 117 3756 17.
137 3733 170 3741 -
188 3704 221 3756 25
240 3702 360 3755 Malaeh.
381 3704 404 3764 3,
424 3704 447 3756 2.

74 3788 269 3860 ἰ’ποτέκακται]
289 3808 325 3843 sc.
346 3792 484 3864 τῷλόγῳ.
505 3789 546 3843 cf.
563 3789 647 3842 lCor.
676 3790 723 3850 20;
743 3788 818 3842 Lact.
838 3787 900 3841 Div.
920 3788 1008 3842 instit.
1028 3785 1073 3851 IV,
1092 3787 1202 3840 24-25.
1217 3817 1250 3826 -

74 3878 115 3938 15,
135 3878 175 3930 27.
195 3877 242 3933 28;
262 3877 332 3946 Eph.
355 3880 377 3941 1,
396 3877 442 3935 22;
467 3875 537 3929 Phil.
557 3876 581 3937 3,
599 3876 648 3938 21;
675 3872 713 3943 ὼς
731 3874 837 3944 σώζων]
862 3873 997 3945 Origenes
1023 3873 1134 3927 Selecta
1158 3873 1187 3925 in
1203 3873 1249 3928 Ps.

72 3964 157 4016 Hebr.
178 3964 201 4025 2,
215 3965 239 4017 8.
277 3964 345 4018 Otto
367 3962 521 4031 respiciens
538 3963 650 4023 ruam
676 3963 718 4016 ed.
747 3960 849 4015 Bened.
876 3962 914 4025 ΙΙ,
943 3962 1006 4014 555:
1034 3958 1050 4016 d
1078 3961 1146 4027 θεὸς
1173 3962 1250 4031 ἡμῶν

73 4051 142 4104 Iust.
156 4051 236 4119 Apol.
252 4051 313 4113 Π,5
333 4049 466 4105 subaudit
478 4049 648 4122 ἀνθρώποις.
676 4051 743 4114 θεός
762 4046 818 4103 ἐστι
837 4056 887 4104 τοῦ
905 4046 1010 4117 σώζειν.
1028 4077 1064 4085 -—
1086 4042 1124 4113 ὡς
1142 4049 1250 4102 πείθων

107 4139 131 4190 4.
152 4135 182 4192 ἐν
194 4135 235 4192 ἐπ.
249 4141 294 4193 καὶ
306 4132 523 4209 cecderunt]
542 4139 650 4191 Auctor
675 4133 709 4191 οὐ
734 4134 906 4207 βιαζόμενος]
935 4133 1011 4203 Orig.
1038 4133 1054 4184 l.
1075 4149 1097 4185 c.
1125 4132 1157 4195 ΙΙ,
1185 4134 1249 4187 556ι

73 4224 214 4292 respicere
232 4224 344 4278 videtur
362 4223 442 4277 Zucb
462 4222 515 4285 9,9
534 4221 647 4291 (Matth.
675 4220 773 4277 oldtvc
796 4220 849 4292 γὰρ
872 4215 976 4276 ἄκοντα
1000 4227 1062 4295 νικᾷ
1086 4218 1249 4292 ὁΧριστός,

71 4314 113 4367 21.
134 4312 173 4379 5);
193 4310 353 4383 ὁβασιλεὺς
364 4306 473 4383 ἔρχεταί
490 4328 534 4365 σοι
546 4311 649 4375 δίκαιος
675 4306 744 4363 ἀλλὰ
761 4311 876 4362 πείθων.
895 4336 930 4344 -
946 4311 993 4379 βία
1010 4306 1080 4375 κτλ.]
1106 4304 1177 4359 Item
1195 4306 1249 4359 Ire·

70 4403 116 4456 καὶ
130 4396 234 4467 σώζων,
253 4396 337 4464 αὐτὸς
348 4392 446 4469 πραῢς.
465 4426 499 4435 -
516 4391 556 4462 ὼς
568 4396 647 4465 θεὸν]
660 4416 663 4429 ·
675 4411 761 4448 naeus
780 4393 849 4447 Adv.
867 4394 943 4447 haer.
964 4392 1062 4457 1V‚37,
1085 4395 1113 4447 l:
1130 4394 1177 4464 βία
1190 4397 1249 4466 θεῷ

72 4504 110 4539 se.
130 4485 178 4553 qui
198 4501 249 4537 sua
267 4486 370 4538 natura
387 4483 477 4536 bonus
495 4483 540 4535 est
561 4480 648 4535 homi·
660 4532 663 4537 ,
675 4480 708 4538 οὐ
724 4482 886 4554 πρόσεστιν,
910 4479 1003 4551 ἀγαθὴ
1021 4478 1051 4535 δὲ
1068 4478 1164 4550 γνώμη
1181 4478 1248 4536 πάν-

71 4588 197 4640 numque
226 4587 336 4633 amans;
365 4572 400 4625 cf.
429 4569 556 4623 lloaun.
581 4569 611 4629 4,
631 4540 740 4629 Slvere
757 4567 945 4640 συμπάρεστιν
962 4564 1044 4640 αὐτῷ.

72 4660 174 4727 (Otto).
193 4689 227 4699 -
244 4656 283 4726 ὼς
300 4656 464 4734 ἄνθρωπον]
484 4654 526 4710 Cf.
539 4654 592 4708 les.
607 4632 663 4718 19‚l
709 4655 733 4708 6.
752 4652 938 4725 ὑποστήσεται
960 4652 1034 4721 κτλ]
1063 4652 1182 4724 Sylburg
1208 4653 1247 4707 la·

972 4742 1038 4805 26*
