<?xml version="1.0" encoding="UTF-8"?>
<!DOCTYPE html PUBLIC "-//W3C//DTD XHTML 1.0 Transitional//EN"
    "http://www.w3.org/TR/xhtml1/DTD/xhtml1-transitional.dtd">
<html xmlns="http://www.w3.org/1999/xhtml" xml:lang="en" lang="en">
 <head>
  <title>
</title>
<meta http-equiv="Content-Type" content="text/html;charset=utf-8" />
  <meta name='ocr-system' content='tesseract 3.04.00' />
  <meta name='ocr-capabilities' content='ocr_page ocr_carea ocr_par ocr_line ocrx_word'/>
</head>
<body>
  <div class='ocr_page' id='page_1' title='image "./patresapostolic00piongoog_0272.png"; bbox 0 0 2834 5018; ppageno 0'>
   <div class='ocr_carea' id='block_1_1' title="bbox 460 648 1252 721">
    <p class='ocr_par' dir='ltr' id='par_1_1' title="bbox 460 648 1252 721">
     <span class='ocr_line' id='line_1_1' title="bbox 460 648 1252 721; baseline 0.009 -16"><span class='ocrx_word' id='word_1_1' title='bbox 460 651 510 705; x_wconf 84' lang='lat' dir='ltr'>AD</span> <span class='ocrx_word' id='word_1_2' title='bbox 530 648 609 705; x_wconf 80' lang='lat' dir='ltr'>COR.</span> <span class='ocrx_word' id='word_1_3' title='bbox 628 648 674 713; x_wconf 85' lang='lat' dir='ltr'>VI,</span> <span class='ocrx_word' id='word_1_4' title='bbox 693 649 817 713; x_wconf 85' lang='lat' dir='ltr'><strong>2-v111‚</strong></span> <span class='ocrx_word' id='word_1_5' title='bbox 836 651 861 704; x_wconf 82' lang='lat'>2.</span> <span class='ocrx_word' id='word_1_6' title='bbox 1190 656 1252 721; x_wconf 88' lang='grc'>109</span> 
     </span>
    </p>
   </div>
   <div class='ocr_carea' id='block_1_2' title="bbox 76 829 1293 2897">
    <p class='ocr_par' dir='ltr' id='par_1_2' title="bbox 76 829 1279 1436">
     <span class='ocr_line' id='line_1_2' title="bbox 76 829 1255 914; baseline -0.001 -20"><span class='ocrx_word' id='word_1_7' title='bbox 76 830 207 903; x_wconf 89' lang='lat' dir='ltr'>Dircae,</span> <span class='ocrx_word' id='word_1_8' title='bbox 233 834 404 914; x_wconf 75' lang='lat' dir='ltr'>postquam</span> <span class='ocrx_word' id='word_1_9' title='bbox 425 830 536 911; x_wconf 75' lang='lat' dir='ltr'>gravia</span> <span class='ocrx_word' id='word_1_10' title='bbox 557 833 589 893; x_wconf 91' lang='lat' dir='ltr'>et</span> <span class='ocrx_word' id='word_1_11' title='bbox 611 829 749 894; x_wconf 86' lang='lat' dir='ltr'>nefanda</span> <span class='ocrx_word' id='word_1_12' title='bbox 772 829 929 912; x_wconf 85' lang='lat' dir='ltr'>supplicia</span> <span class='ocrx_word' id='word_1_13' title='bbox 951 830 1179 905; x_wconf 89' lang='lat' dir='ltr'>sustinuerunt,</span> <span class='ocrx_word' id='word_1_14' title='bbox 1214 829 1255 893; x_wconf 87' lang='lat' dir='ltr'>ad</span> 
     </span>
     <span class='ocr_line' id='line_1_3' title="bbox 77 933 1252 1018; baseline 0.001 -20"><span class='ocrx_word' id='word_1_15' title='bbox 77 936 200 998; x_wconf 87' lang='lat' dir='ltr'>firmum</span> <span class='ocrx_word' id='word_1_16' title='bbox 223 934 299 998; x_wconf 91' lang='lat' dir='ltr'>fidei</span> <span class='ocrx_word' id='word_1_17' title='bbox 322 956 446 998; x_wconf 92' lang='lat' dir='ltr'>cursum</span> <span class='ocrx_word' id='word_1_18' title='bbox 469 934 669 1017; x_wconf 78' lang='lat' dir='ltr'>pertigerunt</span> <span class='ocrx_word' id='word_1_19' title='bbox 691 937 723 997; x_wconf 92' lang='lat' dir='ltr'>et</span> <span class='ocrx_word' id='word_1_20' title='bbox 746 933 864 998; x_wconf 83' lang='lat' dir='ltr'>debiles</span> <span class='ocrx_word' id='word_1_21' title='bbox 887 955 1018 1017; x_wconf 88' lang='lat' dir='ltr'>corpore</span> <span class='ocrx_word' id='word_1_22' title='bbox 1032 934 1138 1000; x_wconf 86' lang='lat' dir='ltr'>nobile</span> <span class='ocrx_word' id='word_1_23' title='bbox 1161 955 1252 1018; x_wconf 90' lang='lat' dir='ltr'>prae·</span> 
     </span>
     <span class='ocr_line' id='line_1_4' title="bbox 77 1037 1252 1122; baseline -0.001 -19"><span class='ocrx_word' id='word_1_24' title='bbox 77 1041 172 1104; x_wconf 91' lang='lat' dir='ltr'>mium</span> <span class='ocrx_word' id='word_1_25' title='bbox 195 1042 394 1122; x_wconf 86' lang='lat' dir='ltr'>acceperunt.</span> <span class='ocrx_word' id='word_1_26' title='bbox 441 1040 470 1101; x_wconf 85' lang='lat'>3.</span> <span class='ocrx_word' id='word_1_27' title='bbox 497 1037 589 1101; x_wconf 89' lang='lat' dir='ltr'>Zelus</span> <span class='ocrx_word' id='word_1_28' title='bbox 612 1059 745 1101; x_wconf 86' lang='lat' dir='ltr'>uxorum</span> <span class='ocrx_word' id='word_1_29' title='bbox 767 1038 888 1102; x_wconf 89' lang='lat' dir='ltr'>animos</span> <span class='ocrx_word' id='word_1_30' title='bbox 912 1061 930 1101; x_wconf 93' lang='lat' dir='ltr'>a</span> <span class='ocrx_word' id='word_1_31' title='bbox 951 1038 1072 1102; x_wconf 88' lang='lat' dir='ltr'>maritis</span> <span class='ocrx_word' id='word_1_32' title='bbox 1088 1038 1252 1103; x_wconf 89' lang='lat' dir='ltr'>abaliena-</span> 
     </span>
     <span class='ocr_line' id='line_1_5' title="bbox 76 1140 1252 1226; baseline -0.001 -19"><span class='ocrx_word' id='word_1_33' title='bbox 76 1144 119 1207; x_wconf 79' lang='lat' dir='ltr'>vit</span> <span class='ocrx_word' id='word_1_34' title='bbox 141 1148 174 1207; x_wconf 90' lang='lat' dir='ltr'>et</span> <span class='ocrx_word' id='word_1_35' title='bbox 198 1143 319 1207; x_wconf 88' lang='lat' dir='ltr'>dictum</span> <span class='ocrx_word' id='word_1_36' title='bbox 342 1143 442 1226; x_wconf 88' lang='lat' dir='ltr'>patris</span> <span class='ocrx_word' id='word_1_37' title='bbox 464 1142 564 1205; x_wconf 88' lang='lat' dir='ltr'>nostri</span> <span class='ocrx_word' id='word_1_38' title='bbox 588 1140 692 1205; x_wconf 85' lang='lat' dir='ltr'>Adam</span> <span class='ocrx_word' id='word_1_39' title='bbox 715 1143 868 1206; x_wconf 80' lang='lat' dir='ltr'>mutavit:</span> <span class='ocrx_word' id='word_1_40' title='bbox 892 1145 960 1207; x_wconf 88' lang='lat' dir='ltr'>Hoc</span> <span class='ocrx_word' id='word_1_41' title='bbox 982 1149 1049 1207; x_wconf 79' lang='lat' dir='ltr'>iam</span> <span class='ocrx_word' id='word_1_42' title='bbox 1072 1163 1111 1207; x_wconf 76' lang='lat' dir='ltr'>oe</span> <span class='ocrx_word' id='word_1_43' title='bbox 1134 1163 1178 1206; x_wconf 78' lang='lat' dir='ltr'>ea</span> <span class='ocrx_word' id='word_1_44' title='bbox 1200 1163 1252 1207; x_wconf 76' lang='lat' dir='ltr'>oa·</span> 
     </span>
     <span class='ocr_line' id='line_1_6' title="bbox 78 1246 1279 1312; baseline -0.007 0"><span class='ocrx_word' id='word_1_45' title='bbox 78 1251 168 1312; x_wconf 70' lang='lat' dir='ltr'>situas</span> <span class='ocrx_word' id='word_1_46' title='bbox 191 1254 277 1312; x_wconf 67' lang='lat' dir='ltr'>aneia</span> <span class='ocrx_word' id='word_1_47' title='bbox 300 1257 333 1312; x_wconf 82' lang='lat' dir='ltr'>el</span> <span class='ocrx_word' id='word_1_48' title='bbox 354 1267 433 1312; x_wconf 84' lang='lat' dir='ltr'>caro</span> <span class='ocrx_word' id='word_1_49' title='bbox 450 1268 494 1311; x_wconf 78' lang='lat' dir='ltr'>ea</span> <span class='ocrx_word' id='word_1_50' title='bbox 515 1267 617 1310; x_wconf 85' lang='lat' dir='ltr'>carae</span> <span class='ocrx_word' id='word_1_51' title='bbox 631 1267 717 1310; x_wconf 77' lang='lat' dir='ltr'>mea</span> <span class='ocrx_word' id='word_1_52' title='bbox 763 1248 793 1310; x_wconf 89' lang='grc'>4.</span> <span class='ocrx_word' id='word_1_53' title='bbox 818 1246 913 1311; x_wconf 86' lang='lat' dir='ltr'>Zelus</span> <span class='ocrx_word' id='word_1_54' title='bbox 929 1251 961 1311; x_wconf 93' lang='lat' dir='ltr'>et</span> <span class='ocrx_word' id='word_1_55' title='bbox 984 1247 1142 1312; x_wconf 90' lang='lat' dir='ltr'>contentio</span> <span class='ocrx_word' id='word_1_56' title='bbox 1158 1247 1279 1312; x_wconf 68' lang='lat' dir='ltr'>urbest</span> 
     </span>
     <span class='ocr_line' id='line_1_7' title="bbox 77 1351 1058 1436; baseline -0.001 -20"><span class='ocrx_word' id='word_1_57' title='bbox 77 1374 211 1436; x_wconf 82' lang='lat' dir='ltr'>magnas</span> <span class='ocrx_word' id='word_1_58' title='bbox 236 1352 350 1416; x_wconf 86' lang='lat' dir='ltr'>evertit</span> <span class='ocrx_word' id='word_1_59' title='bbox 373 1358 405 1416; x_wconf 87' lang='lat' dir='ltr'>et</span> <span class='ocrx_word' id='word_1_60' title='bbox 427 1357 539 1436; x_wconf 79' lang='lat' dir='ltr'>gentes</span> <span class='ocrx_word' id='word_1_61' title='bbox 561 1373 745 1414; x_wconf 86' lang='lat' dir='ltr'>numerosas</span> <span class='ocrx_word' id='word_1_62' title='bbox 768 1352 911 1415; x_wconf 86' lang='lat' dir='ltr'>funditus</span> <span class='ocrx_word' id='word_1_63' title='bbox 935 1351 1058 1415; x_wconf 87' lang='lat' dir='ltr'>delevit.</span> 
     </span>
    </p>

    <p class='ocr_par' dir='ltr' id='par_1_3' title="bbox 78 1455 1293 2897">
     <span class='ocr_line' id='line_1_8' title="bbox 166 1455 1251 1532; baseline 0 -13"><span class='ocrx_word' id='word_1_64' title='bbox 166 1457 239 1520; x_wconf 78' lang='lat' dir='ltr'>Vll.</span> <span class='ocrx_word' id='word_1_65' title='bbox 265 1457 363 1531; x_wconf 89' lang='lat' dir='ltr'>Haeo,</span> <span class='ocrx_word' id='word_1_66' title='bbox 388 1456 549 1532; x_wconf 82' lang='lat' dir='ltr'>carissimi,</span> <span class='ocrx_word' id='word_1_67' title='bbox 573 1479 638 1520; x_wconf 90' lang='lat' dir='ltr'>non</span> <span class='ocrx_word' id='word_1_68' title='bbox 660 1459 794 1532; x_wconf 89' lang='lat' dir='ltr'>tantum,</span> <span class='ocrx_word' id='word_1_69' title='bbox 819 1462 855 1520; x_wconf 93' lang='lat' dir='ltr'>ut</span> <span class='ocrx_word' id='word_1_70' title='bbox 877 1478 933 1520; x_wconf 85' lang='lat' dir='ltr'>vos</span> <span class='ocrx_word' id='word_1_71' title='bbox 955 1456 1053 1520; x_wconf 87' lang='lat' dir='ltr'>officii</span> <span class='ocrx_word' id='word_1_72' title='bbox 1075 1455 1171 1519; x_wconf 89' lang='lat' dir='ltr'>vestri</span> <span class='ocrx_word' id='word_1_73' title='bbox 1194 1456 1251 1519; x_wconf 89' lang='lat' dir='ltr'>ad·</span> 
     </span>
     <span class='ocr_line' id='line_1_9' title="bbox 79 1559 1252 1644; baseline -0.001 -19"><span class='ocrx_word' id='word_1_74' title='bbox 79 1584 277 1637; x_wconf 88' lang='lat' dir='ltr'>moneamus,</span> <span class='ocrx_word' id='word_1_75' title='bbox 307 1562 492 1636; x_wconf 85' lang='lat' dir='ltr'>scribimus,</span> <span class='ocrx_word' id='word_1_76' title='bbox 524 1560 714 1636; x_wconf 85' lang='lat' dir='ltr'>sedetiam,</span> <span class='ocrx_word' id='word_1_77' title='bbox 739 1565 775 1624; x_wconf 92' lang='lat' dir='ltr'>ut</span> <span class='ocrx_word' id='word_1_78' title='bbox 797 1583 855 1624; x_wconf 91' lang='lat' dir='ltr'>nos</span> <span class='ocrx_word' id='word_1_79' title='bbox 878 1560 965 1644; x_wconf 88' lang='lat' dir='ltr'>ipsos</span> <span class='ocrx_word' id='word_1_80' title='bbox 989 1559 1252 1624; x_wconf 82' lang='lat' dir='ltr'>commonefacia-</span> 
     </span>
     <span class='ocr_line' id='line_1_10' title="bbox 78 1665 1253 1740; baseline -0.001 -11"><span class='ocrx_word' id='word_1_81' title='bbox 78 1688 158 1739; x_wconf 86' lang='lat' dir='ltr'>mus;</span> <span class='ocrx_word' id='word_1_82' title='bbox 192 1667 226 1730; x_wconf 89' lang='lat' dir='ltr'>in</span> <span class='ocrx_word' id='word_1_83' title='bbox 248 1666 358 1730; x_wconf 87' lang='lat' dir='ltr'>eadem</span> <span class='ocrx_word' id='word_1_84' title='bbox 382 1666 464 1729; x_wconf 85' lang='lat' dir='ltr'>enim</span> <span class='ocrx_word' id='word_1_85' title='bbox 488 1687 583 1729; x_wconf 86' lang='lat' dir='ltr'>arena</span> <span class='ocrx_word' id='word_1_86' title='bbox 605 1686 784 1740; x_wconf 85' lang='lat' dir='ltr'>versamur,</span> <span class='ocrx_word' id='word_1_87' title='bbox 817 1670 849 1728; x_wconf 94' lang='lat' dir='ltr'>et</span> <span class='ocrx_word' id='word_1_88' title='bbox 871 1670 1028 1729; x_wconf 87' lang='lat' dir='ltr'>certamen</span> <span class='ocrx_word' id='word_1_89' title='bbox 1057 1665 1141 1729; x_wconf 92' lang='lat' dir='ltr'>idem</span> <span class='ocrx_word' id='word_1_90' title='bbox 1162 1666 1253 1728; x_wconf 89' lang='lat' dir='ltr'>nobis</span> 
     </span>
     <span class='ocr_line' id='line_1_11' title="bbox 79 1768 1292 1854; baseline -0.005 -20"><span class='ocrx_word' id='word_1_91' title='bbox 79 1770 260 1854; x_wconf 90' lang='lat' dir='ltr'>impositum</span> <span class='ocrx_word' id='word_1_92' title='bbox 292 1775 349 1833; x_wconf 89' lang='lat' dir='ltr'>est.</span> <span class='ocrx_word' id='word_1_93' title='bbox 395 1771 424 1832; x_wconf 90' lang='grc'>2.</span> <span class='ocrx_word' id='word_1_94' title='bbox 451 1768 554 1844; x_wconf 83' lang='lat' dir='ltr'>Quare</span> <span class='ocrx_word' id='word_1_95' title='bbox 584 1770 694 1833; x_wconf 85' lang='lat' dir='ltr'>inanes</span> <span class='ocrx_word' id='word_1_96' title='bbox 731 1773 763 1832; x_wconf 93' lang='lat' dir='ltr'>et</span> <span class='ocrx_word' id='word_1_97' title='bbox 785 1791 882 1833; x_wconf 84' lang='lat' dir='ltr'>vanas</span> <span class='ocrx_word' id='word_1_98' title='bbox 906 1791 997 1833; x_wconf 85' lang='lat' dir='ltr'>curas</span> <span class='ocrx_word' id='word_1_99' title='bbox 1027 1768 1251 1853; x_wconf 89' lang='lat' dir='ltr'>relinquamus,</span> <span class='ocrx_word' id='word_1_100' title='bbox 1267 1792 1292 1828; x_wconf 87' lang='lat' dir='ltr'>lo</span> 
     </span>
     <span class='ocr_line' id='line_1_12' title="bbox 79 1873 1252 1959; baseline -0.003 -20"><span class='ocrx_word' id='word_1_101' title='bbox 79 1876 169 1939; x_wconf 87' lang='lat' dir='ltr'>etad</span> <span class='ocrx_word' id='word_1_102' title='bbox 192 1874 367 1959; x_wconf 84' lang='lat' dir='ltr'>gloriosam</span> <span class='ocrx_word' id='word_1_103' title='bbox 390 1879 422 1937; x_wconf 90' lang='lat' dir='ltr'>et</span> <span class='ocrx_word' id='word_1_104' title='bbox 444 1874 653 1938; x_wconf 84' lang='lat' dir='ltr'>venerandam</span> <span class='ocrx_word' id='word_1_105' title='bbox 676 1873 859 1937; x_wconf 76' lang='lat' dir='ltr'>traditionis</span> <span class='ocrx_word' id='word_1_106' title='bbox 882 1878 1010 1937; x_wconf 85' lang='lat' dir='ltr'>nostrae</span> <span class='ocrx_word' id='word_1_107' title='bbox 1032 1873 1176 1957; x_wconf 85' lang='lat' dir='ltr'>regulam</span> <span class='ocrx_word' id='word_1_108' title='bbox 1198 1895 1252 1936; x_wconf 85' lang='lat' dir='ltr'>ve-</span> 
     </span>
     <span class='ocr_line' id='line_1_13' title="bbox 79 1977 1255 2062; baseline -0.001 -20"><span class='ocrx_word' id='word_1_109' title='bbox 79 1981 208 2053; x_wconf 88' lang='lat' dir='ltr'>niamus,</span> <span class='ocrx_word' id='word_1_110' title='bbox 233 1981 263 2043; x_wconf 90' lang='lat'>3.</span> <span class='ocrx_word' id='word_1_111' title='bbox 288 1979 510 2056; x_wconf 83' lang='lat' dir='ltr'>aovideamus,</span> <span class='ocrx_word' id='word_1_112' title='bbox 536 1978 610 2062; x_wconf 91' lang='lat' dir='ltr'>quid</span> <span class='ocrx_word' id='word_1_113' title='bbox 625 1978 777 2061; x_wconf 90' lang='lat' dir='ltr'>pulcrum</span> <span class='ocrx_word' id='word_1_114' title='bbox 792 1983 825 2041; x_wconf 92' lang='lat' dir='ltr'>et</span> <span class='ocrx_word' id='word_1_115' title='bbox 848 1978 922 2061; x_wconf 91' lang='lat' dir='ltr'>quid</span> <span class='ocrx_word' id='word_1_116' title='bbox 937 1977 1109 2041; x_wconf 91' lang='lat' dir='ltr'>iucundum</span> <span class='ocrx_word' id='word_1_117' title='bbox 1131 1978 1255 2060; x_wconf 88' lang='lat' dir='ltr'>etquid</span> 
     </span>
     <span class='ocr_line' id='line_1_14' title="bbox 81 2080 1253 2169; baseline -0.002 -22"><span class='ocrx_word' id='word_1_118' title='bbox 81 2089 243 2169; x_wconf 82' lang='lat' dir='ltr'>acceptum</span> <span class='ocrx_word' id='word_1_119' title='bbox 259 2084 301 2147; x_wconf 89' lang='lat' dir='ltr'>sit</span> <span class='ocrx_word' id='word_1_120' title='bbox 317 2105 422 2148; x_wconf 85' lang='lat' dir='ltr'>coram</span> <span class='ocrx_word' id='word_1_121' title='bbox 438 2083 549 2166; x_wconf 92' lang='lat' dir='ltr'>opifice</span> <span class='ocrx_word' id='word_1_122' title='bbox 564 2087 684 2146; x_wconf 88' lang='lat' dir='ltr'>nostro.</span> <span class='ocrx_word' id='word_1_123' title='bbox 726 2085 756 2146; x_wconf 88' lang='grc'>4.</span> <span class='ocrx_word' id='word_1_124' title='bbox 782 2081 975 2165; x_wconf 76' lang='lat' dir='ltr'>Sanguinem</span> <span class='ocrx_word' id='word_1_125' title='bbox 990 2080 1108 2144; x_wconf 82' lang='lat' dir='ltr'>Christi</span> <span class='ocrx_word' id='word_1_126' title='bbox 1123 2080 1253 2145; x_wconf 88' lang='lat' dir='ltr'>intentis</span> 
     </span>
     <span class='ocr_line' id='line_1_15' title="bbox 80 2186 1253 2271; baseline -0.003 -19"><span class='ocrx_word' id='word_1_127' title='bbox 80 2189 175 2252; x_wconf 90' lang='lat' dir='ltr'>oculis</span> <span class='ocrx_word' id='word_1_128' title='bbox 192 2189 373 2252; x_wconf 85' lang='lat' dir='ltr'>intueamur</span> <span class='ocrx_word' id='word_1_129' title='bbox 394 2191 426 2250; x_wconf 92' lang='lat' dir='ltr'>et</span> <span class='ocrx_word' id='word_1_130' title='bbox 441 2209 677 2271; x_wconf 84' lang='lat' dir='ltr'>cognoscamus,</span> <span class='ocrx_word' id='word_1_131' title='bbox 703 2209 798 2269; x_wconf 86' lang='lat' dir='ltr'>quam</span> <span class='ocrx_word' id='word_1_132' title='bbox 813 2186 970 2269; x_wconf 87' lang='lat' dir='ltr'>pretiosus</span> <span class='ocrx_word' id='word_1_133' title='bbox 994 2186 1036 2249; x_wconf 92' lang='lat' dir='ltr'>sit</span> <span class='ocrx_word' id='word_1_134' title='bbox 1052 2186 1109 2249; x_wconf 93' lang='lat' dir='ltr'>deo</span> <span class='ocrx_word' id='word_1_135' title='bbox 1126 2190 1158 2249; x_wconf 89' lang='lat' dir='ltr'>et</span> <span class='ocrx_word' id='word_1_136' title='bbox 1169 2186 1253 2268; x_wconf 88' lang='lat' dir='ltr'>patri</span> 
     </span>
     <span class='ocr_line' id='line_1_16' title="bbox 81 2290 1293 2376; baseline -0.003 -20"><span class='ocrx_word' id='word_1_137' title='bbox 81 2294 153 2363; x_wconf 87' lang='lat' dir='ltr'>eius,</span> <span class='ocrx_word' id='word_1_138' title='bbox 180 2293 236 2376; x_wconf 88' lang='lat' dir='ltr'>qui</span> <span class='ocrx_word' id='word_1_139' title='bbox 259 2297 390 2376; x_wconf 90' lang='lat' dir='ltr'>propter</span> <span class='ocrx_word' id='word_1_140' title='bbox 411 2297 553 2355; x_wconf 89' lang='lat' dir='ltr'>nostram</span> <span class='ocrx_word' id='word_1_141' title='bbox 576 2292 711 2355; x_wconf 86' lang='lat' dir='ltr'>salutem</span> <span class='ocrx_word' id='word_1_142' title='bbox 735 2292 853 2354; x_wconf 82' lang='lat' dir='ltr'>eli&#39;usus</span> <span class='ocrx_word' id='word_1_143' title='bbox 869 2290 929 2353; x_wconf 90' lang='lat' dir='ltr'>toti</span> <span class='ocrx_word' id='word_1_144' title='bbox 951 2290 1293 2373; x_wconf 77' lang='lat' dir='ltr'>mundopaeniten-1a</span> 
     </span>
     <span class='ocr_line' id='line_1_17' title="bbox 80 2395 1253 2481; baseline -0.002 -22"><span class='ocrx_word' id='word_1_145' title='bbox 80 2397 138 2460; x_wconf 85' lang='lat' dir='ltr'>tiae</span> <span class='ocrx_word' id='word_1_146' title='bbox 162 2396 301 2481; x_wconf 75' lang='lat' dir='ltr'>gratiam</span> <span class='ocrx_word' id='word_1_147' title='bbox 323 2396 448 2461; x_wconf 88' lang='lat' dir='ltr'>obtulit.</span> <span class='ocrx_word' id='word_1_148' title='bbox 495 2399 524 2458; x_wconf 85' lang='lat'>5.</span> <span class='ocrx_word' id='word_1_149' title='bbox 549 2396 776 2459; x_wconf 87' lang='lat' dir='ltr'>Perveniamus</span> <span class='ocrx_word' id='word_1_150' title='bbox 799 2395 839 2458; x_wconf 90' lang='lat' dir='ltr'>ad</span> <span class='ocrx_word' id='word_1_151' title='bbox 862 2416 970 2458; x_wconf 87' lang='lat' dir='ltr'>omnes</span> <span class='ocrx_word' id='word_1_152' title='bbox 1002 2395 1110 2458; x_wconf 90' lang='lat' dir='ltr'>mundi</span> <span class='ocrx_word' id='word_1_153' title='bbox 1133 2398 1253 2458; x_wconf 87' lang='lat' dir='ltr'>aetates</span> 
     </span>
     <span class='ocr_line' id='line_1_18' title="bbox 81 2499 1255 2584; baseline -0.001 -21"><span class='ocrx_word' id='word_1_154' title='bbox 81 2507 109 2564; x_wconf 90' lang='lat' dir='ltr'>et</span> <span class='ocrx_word' id='word_1_155' title='bbox 130 2502 306 2578; x_wconf 85' lang='lat' dir='ltr'>discamus,</span> <span class='ocrx_word' id='word_1_156' title='bbox 340 2501 424 2584; x_wconf 87' lang='lat' dir='ltr'>quod</span> <span class='ocrx_word' id='word_1_157' title='bbox 454 2502 487 2564; x_wconf 92' lang='lat' dir='ltr'>in</span> <span class='ocrx_word' id='word_1_158' title='bbox 519 2500 606 2564; x_wconf 89' lang='lat' dir='ltr'>omni</span> <span class='ocrx_word' id='word_1_159' title='bbox 637 2500 839 2583; x_wconf 76' lang='lat' dir='ltr'>generatione</span> <span class='ocrx_word' id='word_1_160' title='bbox 874 2499 1052 2564; x_wconf 88' lang='lat' dir='ltr'>volentibus</span> <span class='ocrx_word' id='word_1_161' title='bbox 1081 2500 1121 2563; x_wconf 87' lang='lat' dir='ltr'>ad</span> <span class='ocrx_word' id='word_1_162' title='bbox 1148 2499 1255 2582; x_wconf 89' lang='lat' dir='ltr'>ipsum</span> 
     </span>
     <span class='ocr_line' id='line_1_19' title="bbox 82 2602 1252 2687; baseline -0.001 -20"><span class='ocrx_word' id='word_1_163' title='bbox 82 2606 217 2669; x_wconf 83' lang='lat' dir='ltr'>converti</span> <span class='ocrx_word' id='word_1_164' title='bbox 234 2605 377 2668; x_wconf 87' lang='lat' dir='ltr'>dominus</span> <span class='ocrx_word' id='word_1_165' title='bbox 389 2611 617 2686; x_wconf 75' lang='lat' dir='ltr'>poenitentioe</span> <span class='ocrx_word' id='word_1_166' title='bbox 633 2607 740 2668; x_wconf 80' lang='lat' dir='ltr'>locum</span> <span class='ocrx_word' id='word_1_167' title='bbox 755 2610 965 2667; x_wconf 71' lang='lat' dir='ltr'>concesserit.</span> <span class='ocrx_word' id='word_1_168' title='bbox 1005 2605 1033 2667; x_wconf 88' lang='lat'>6.</span> <span class='ocrx_word' id='word_1_169' title='bbox 1057 2602 1127 2668; x_wconf 72' lang='lat' dir='ltr'>Noe</span> <span class='ocrx_word' id='word_1_170' title='bbox 1142 2604 1252 2687; x_wconf 89' lang='lat' dir='ltr'>paeni·</span> 
     </span>
     <span class='ocr_line' id='line_1_20' title="bbox 81 2706 1253 2793; baseline -0.002 -20"><span class='ocrx_word' id='word_1_171' title='bbox 81 2711 195 2774; x_wconf 86' lang='lat' dir='ltr'>tentiae</span> <span class='ocrx_word' id='word_1_172' title='bbox 217 2731 333 2792; x_wconf 88' lang='lat' dir='ltr'>praeco</span> <span class='ocrx_word' id='word_1_173' title='bbox 355 2710 425 2786; x_wconf 88' lang='lat' dir='ltr'>fuit,</span> <span class='ocrx_word' id='word_1_174' title='bbox 451 2710 552 2793; x_wconf 87' lang='lat' dir='ltr'>etqui</span> <span class='ocrx_word' id='word_1_175' title='bbox 576 2710 604 2773; x_wconf 94' lang='lat' dir='ltr'>ei</span> <span class='ocrx_word' id='word_1_176' title='bbox 621 2709 889 2792; x_wconf 85' lang='lat' dir='ltr'>obtemperanmt,</span> <span class='ocrx_word' id='word_1_177' title='bbox 913 2707 1027 2772; x_wconf 84' lang='lat' dir='ltr'>salvati</span> <span class='ocrx_word' id='word_1_178' title='bbox 1043 2713 1125 2772; x_wconf 85' lang='lat' dir='ltr'>smrt.</span> <span class='ocrx_word' id='word_1_179' title='bbox 1155 2706 1253 2771; x_wconf 86' lang='lat'>7.10-</span> 
     </span>
     <span class='ocr_line' id='line_1_21' title="bbox 82 2812 1293 2897; baseline -0.007 -19"><span class='ocrx_word' id='word_1_180' title='bbox 82 2836 132 2878; x_wconf 87' lang='lat' dir='ltr'>nas</span> <span class='ocrx_word' id='word_1_181' title='bbox 148 2814 303 2879; x_wconf 84' lang='lat' dir='ltr'>Ninivitis</span> <span class='ocrx_word' id='word_1_182' title='bbox 319 2814 474 2877; x_wconf 81' lang='lat' dir='ltr'>excidium</span> <span class='ocrx_word' id='word_1_183' title='bbox 489 2813 697 2896; x_wconf 85' lang='lat' dir='ltr'>praedicavit3</span> <span class='ocrx_word' id='word_1_184' title='bbox 721 2812 770 2876; x_wconf 95' lang='lat' dir='ltr'>illi</span> <span class='ocrx_word' id='word_1_185' title='bbox 786 2818 900 2890; x_wconf 86' lang='lat' dir='ltr'>autem,</span> <span class='ocrx_word' id='word_1_186' title='bbox 924 2819 1127 2897; x_wconf 87' lang='lat' dir='ltr'>peccatorum</span> <span class='ocrx_word' id='word_1_187' title='bbox 1141 2813 1252 2895; x_wconf 84' lang='lat' dir='ltr'>paeni-</span> <span class='ocrx_word' id='word_1_188' title='bbox 1267 2833 1293 2871; x_wconf 76' lang='lat'>20</span> 
     </span>
    </p>
   </div>
   <div class='ocr_carea' id='block_1_3' title="bbox 80 2916 1293 3421">
    <p class='ocr_par' dir='ltr' id='par_1_4' title="bbox 82 2916 1253 3099">
     <span class='ocr_line' id='line_1_22' title="bbox 83 2916 1253 3003; baseline -0.002 -21"><span class='ocrx_word' id='word_1_189' title='bbox 83 2920 211 2984; x_wconf 84' lang='lat' dir='ltr'>tentiam</span> <span class='ocrx_word' id='word_1_190' title='bbox 235 2923 375 3003; x_wconf 70' lang='lat' dir='ltr'>agentes</span> <span class='ocrx_word' id='word_1_191' title='bbox 399 2919 547 3001; x_wconf 89' lang='lat' dir='ltr'>precibus</span> <span class='ocrx_word' id='word_1_192' title='bbox 571 2919 662 2982; x_wconf 91' lang='lat' dir='ltr'>deum</span> <span class='ocrx_word' id='word_1_193' title='bbox 685 2918 853 3001; x_wconf 85' lang='lat' dir='ltr'>placarunt</span> <span class='ocrx_word' id='word_1_194' title='bbox 876 2922 908 2982; x_wconf 91' lang='lat' dir='ltr'>et</span> <span class='ocrx_word' id='word_1_195' title='bbox 935 2916 1071 2981; x_wconf 88' lang='lat' dir='ltr'>salutem</span> <span class='ocrx_word' id='word_1_196' title='bbox 1094 2917 1253 2980; x_wconf 83' lang='lat' dir='ltr'>consecuti</span> 
     </span>
     <span class='ocr_line' id='line_1_23' title="bbox 82 3023 638 3099; baseline 0.004 -15"><span class='ocrx_word' id='word_1_197' title='bbox 82 3028 159 3099; x_wconf 88' lang='lat' dir='ltr'>sunt,</span> <span class='ocrx_word' id='word_1_198' title='bbox 185 3023 261 3087; x_wconf 90' lang='lat' dir='ltr'>licet</span> <span class='ocrx_word' id='word_1_199' title='bbox 284 3023 379 3087; x_wconf 89' lang='lat' dir='ltr'>alieni</span> <span class='ocrx_word' id='word_1_200' title='bbox 402 3046 422 3087; x_wconf 84' lang='lat' dir='ltr'>a</span> <span class='ocrx_word' id='word_1_201' title='bbox 443 3024 501 3087; x_wconf 87' lang='lat' dir='ltr'>deo</span> <span class='ocrx_word' id='word_1_202' title='bbox 524 3028 638 3087; x_wconf 90' lang='lat' dir='ltr'>essent.</span> 
     </span>
    </p>

    <p class='ocr_par' dir='ltr' id='par_1_5' title="bbox 80 3125 1293 3421">
     <span class='ocr_line' id='line_1_24' title="bbox 162 3125 1253 3211; baseline -0.003 -21"><span class='ocrx_word' id='word_1_203' title='bbox 162 3127 250 3191; x_wconf 85' lang='lat' dir='ltr'>VlIL</span> <span class='ocrx_word' id='word_1_204' title='bbox 275 3128 410 3193; x_wconf 88' lang='lat' dir='ltr'>Divinae</span> <span class='ocrx_word' id='word_1_205' title='bbox 425 3128 548 3211; x_wconf 82' lang='lat' dir='ltr'>gratiae</span> <span class='ocrx_word' id='word_1_206' title='bbox 563 3128 698 3191; x_wconf 87' lang='lat' dir='ltr'>ministri</span> <span class='ocrx_word' id='word_1_207' title='bbox 714 3127 827 3210; x_wconf 84' lang='lat' dir='ltr'>spiritu</span> <span class='ocrx_word' id='word_1_208' title='bbox 843 3131 953 3190; x_wconf 86' lang='lat' dir='ltr'>sancto</span> <span class='ocrx_word' id='word_1_209' title='bbox 970 3125 1074 3190; x_wconf 80' lang='lat' dir='ltr'>afflati</span> <span class='ocrx_word' id='word_1_210' title='bbox 1091 3126 1127 3188; x_wconf 93' lang='lat' dir='ltr'>de</span> <span class='ocrx_word' id='word_1_211' title='bbox 1143 3125 1253 3207; x_wconf 90' lang='lat' dir='ltr'>paeni·</span> 
     </span>
     <span class='ocr_line' id='line_1_25' title="bbox 81 3229 1254 3317; baseline -0.002 -23"><span class='ocrx_word' id='word_1_212' title='bbox 81 3233 176 3297; x_wconf 86' lang='lat' dir='ltr'>tentia</span> <span class='ocrx_word' id='word_1_213' title='bbox 198 3232 299 3297; x_wconf 90' lang='lat' dir='ltr'>locuti</span> <span class='ocrx_word' id='word_1_214' title='bbox 321 3237 403 3298; x_wconf 85' lang='lat' dir='ltr'>sunt.</span> <span class='ocrx_word' id='word_1_215' title='bbox 449 3235 478 3296; x_wconf 83' lang='lat'>2.</span> <span class='ocrx_word' id='word_1_216' title='bbox 503 3233 575 3317; x_wconf 91' lang='lat' dir='ltr'>Ipse</span> <span class='ocrx_word' id='word_1_217' title='bbox 599 3233 695 3296; x_wconf 89' lang='lat' dir='ltr'>etiam</span> <span class='ocrx_word' id='word_1_218' title='bbox 719 3254 823 3296; x_wconf 89' lang='lat' dir='ltr'>rerum</span> <span class='ocrx_word' id='word_1_219' title='bbox 846 3231 986 3295; x_wconf 86' lang='lat' dir='ltr'>omnium</span> <span class='ocrx_word' id='word_1_220' title='bbox 1016 3229 1159 3294; x_wconf 86' lang='lat' dir='ltr'>dominus</span> <span class='ocrx_word' id='word_1_221' title='bbox 1182 3250 1254 3292; x_wconf 88' lang='lat' dir='ltr'>oum</span> 
     </span>
     <span class='ocr_line' id='line_1_26' title="bbox 80 3335 1293 3421; baseline -0.002 -24"><span class='ocrx_word' id='word_1_222' title='bbox 80 3335 254 3401; x_wconf 87' lang='lat' dir='ltr'>iuramento</span> <span class='ocrx_word' id='word_1_223' title='bbox 286 3337 323 3400; x_wconf 90' lang='lat' dir='ltr'>de</span> <span class='ocrx_word' id='word_1_224' title='bbox 354 3337 550 3421; x_wconf 86' lang='lat' dir='ltr'>paenitentia</span> <span class='ocrx_word' id='word_1_225' title='bbox 580 3337 705 3402; x_wconf 87' lang='lat' dir='ltr'>locutus</span> <span class='ocrx_word' id='word_1_226' title='bbox 729 3341 793 3401; x_wconf 86' lang='lat' dir='ltr'>est:</span> <span class='ocrx_word' id='word_1_227' title='bbox 839 3339 929 3415; x_wconf 81' lang='lat' dir='ltr'>Vivo,</span> <span class='ocrx_word' id='word_1_228' title='bbox 961 3339 1068 3413; x_wconf 68' lang='lat' dir='ltr'>inoluit</span> <span class='ocrx_word' id='word_1_229' title='bbox 1090 3335 1254 3412; x_wconf 71' lang='lat' dir='ltr'>(tornines,</span> <span class='ocrx_word' id='word_1_230' title='bbox 1267 3355 1293 3394; x_wconf 79' lang='lat' dir='ltr'>a</span> 
     </span>
    </p>
   </div>
   <div class='ocr_carea' id='block_1_4' title="bbox 83 3500 1252 3658">
    <p class='ocr_par' dir='ltr' id='par_1_6' title="bbox 83 3500 1252 3658">
     <span class='ocr_line' id='line_1_27' title="bbox 145 3500 1252 3577; baseline -0.005 -17"><span class='ocrx_word' id='word_1_231' title='bbox 145 3509 162 3560; x_wconf 90' lang='grc'><strong>4</strong></span> <span class='ocrx_word' id='word_1_232' title='bbox 181 3506 250 3560; x_wconf 87' lang='lat' dir='ltr'>Gen.</span> <span class='ocrx_word' id='word_1_233' title='bbox 269 3508 293 3569; x_wconf 92' lang='grc'>2,</span> <span class='ocrx_word' id='word_1_234' title='bbox 313 3507 354 3560; x_wconf 84' lang='grc'>23.</span> <span class='ocrx_word' id='word_1_235' title='bbox 373 3539 408 3546; x_wconf 98' lang='grc'>-</span> <span class='ocrx_word' id='word_1_236' title='bbox 429 3511 460 3562; x_wconf 92' lang='grc'>16</span> <span class='ocrx_word' id='word_1_237' title='bbox 479 3508 544 3577; x_wconf 90' lang='lat' dir='ltr'>Sap.</span> <span class='ocrx_word' id='word_1_238' title='bbox 565 3509 604 3570; x_wconf 91' lang='grc'><strong>12,</strong></span> <span class='ocrx_word' id='word_1_239' title='bbox 627 3508 665 3562; x_wconf 87' lang='grc'>10.</span> <span class='ocrx_word' id='word_1_240' title='bbox 687 3537 721 3545; x_wconf 88' lang='grc'>-</span> <span class='ocrx_word' id='word_1_241' title='bbox 743 3505 774 3560; x_wconf 91' lang='grc'>18</span> <span class='ocrx_word' id='word_1_242' title='bbox 794 3506 862 3560; x_wconf 85' lang='lat' dir='ltr'>Gen.</span> <span class='ocrx_word' id='word_1_243' title='bbox 883 3504 906 3557; x_wconf 78' lang='lat'>7.</span> <span class='ocrx_word' id='word_1_244' title='bbox 926 3534 959 3543; x_wconf 94' lang='lat'>-</span> <span class='ocrx_word' id='word_1_245' title='bbox 980 3502 1132 3564; x_wconf 81' lang='lat' dir='ltr'>1910n.3;</span> <span class='ocrx_word' id='word_1_246' title='bbox 1153 3500 1252 3555; x_wconf 85' lang='lat' dir='ltr'>Matth.</span> 
     </span>
     <span class='ocr_line' id='line_1_28' title="bbox 83 3592 613 3658; baseline 0 -12"><span class='ocrx_word' id='word_1_247' title='bbox 83 3595 117 3655; x_wconf 90' lang='grc'><strong>12,</strong></span> <span class='ocrx_word' id='word_1_248' title='bbox 136 3595 179 3649; x_wconf 91' lang='grc'>41.</span> <span class='ocrx_word' id='word_1_249' title='bbox 200 3625 234 3633; x_wconf 88' lang='grc'>-</span> <span class='ocrx_word' id='word_1_250' title='bbox 252 3592 287 3646; x_wconf 88' lang='grc'>24</span> <span class='ocrx_word' id='word_1_251' title='bbox 305 3592 404 3647; x_wconf 79' lang='lat' dir='ltr'>Ezech.</span> <span class='ocrx_word' id='word_1_252' title='bbox 424 3596 465 3658; x_wconf 87' lang='lat'>33,</span> <span class='ocrx_word' id='word_1_253' title='bbox 487 3593 613 3647; x_wconf 77' lang='lat'>11-27‘?</span> 
     </span>
    </p>
   </div>
   <div class='ocr_carea' id='block_1_5' title="bbox 79 3727 1255 4678">
    <p class='ocr_par' dir='ltr' id='par_1_7' title="bbox 79 3727 1255 4678">
     <span class='ocr_line' id='line_1_29' title="bbox 81 3727 1254 3796; baseline -0.006 -11"><span class='ocrx_word' id='word_1_254' title='bbox 81 3732 232 3788; x_wconf 83' lang='lat' dir='ltr'>Borbonico</span> <span class='ocrx_word' id='word_1_255' title='bbox 250 3732 315 3787; x_wconf 88' lang='lat' dir='ltr'>XIV</span> <span class='ocrx_word' id='word_1_256' title='bbox 332 3735 390 3788; x_wconf 88' lang='lat' dir='ltr'>tab.</span> <span class='ocrx_word' id='word_1_257' title='bbox 410 3735 427 3787; x_wconf 88' lang='grc'><strong>4</strong></span> <span class='ocrx_word' id='word_1_258' title='bbox 445 3738 473 3788; x_wconf 83' lang='lat' dir='ltr'>ot</span> <span class='ocrx_word' id='word_1_259' title='bbox 491 3735 514 3787; x_wconf 85' lang='lat'>5.</span> <span class='ocrx_word' id='word_1_260' title='bbox 680 3733 758 3786; x_wconf 86' lang='lat' dir='ltr'>Haec</span> <span class='ocrx_word' id='word_1_261' title='bbox 784 3731 890 3785; x_wconf 90' lang='lat' dir='ltr'>locutio</span> <span class='ocrx_word' id='word_1_262' title='bbox 920 3729 1121 3796; x_wconf 87' lang='lat' dir='ltr'>antiquitatem</span> <span class='ocrx_word' id='word_1_263' title='bbox 1141 3727 1254 3794; x_wconf 85' lang='lat' dir='ltr'>sapiens</span> 
     </span>
     <span class='ocr_line' id='line_1_30' title="bbox 111 3819 976 3890; baseline -0.002 -18"><span class='ocrx_word' id='word_1_264' title='bbox 111 3821 135 3872; x_wconf 90' lang='grc'>4.</span> <span class='ocrx_word' id='word_1_265' title='bbox 154 3820 250 3886; x_wconf 74' lang='grc' dir='ltr'><strong><em>πόλεις</em></strong></span> <span class='ocrx_word' id='word_1_266' title='bbox 267 3821 336 3890; x_wconf 72' lang='lat' dir='ltr'>mh]</span> <span class='ocrx_word' id='word_1_267' title='bbox 357 3821 399 3874; x_wconf 85' lang='grc'>01.</span> <span class='ocrx_word' id='word_1_268' title='bbox 410 3821 490 3874; x_wconf 79' lang='lat' dir='ltr'>Prov.</span> <span class='ocrx_word' id='word_1_269' title='bbox 503 3823 542 3883; x_wconf 92' lang='grc'>11,</span> <span class='ocrx_word' id='word_1_270' title='bbox 554 3821 592 3876; x_wconf 91' lang='grc'>10.</span> <span class='ocrx_word' id='word_1_271' title='bbox 606 3823 652 3883; x_wconf 86' lang='lat'>11;</span> <span class='ocrx_word' id='word_1_272' title='bbox 680 3824 759 3874; x_wconf 86' lang='lat' dir='ltr'>reeta</span> <span class='ocrx_word' id='word_1_273' title='bbox 778 3836 839 3872; x_wconf 88' lang='lat' dir='ltr'>esse</span> <span class='ocrx_word' id='word_1_274' title='bbox 857 3819 976 3871; x_wconf 87' lang='lat' dir='ltr'>videtur.</span> 
     </span>
     <span class='ocr_line' id='line_1_31' title="bbox 81 3901 1254 3975; baseline -0.005 -17"><span class='ocrx_word' id='word_1_275' title='bbox 81 3906 118 3965; x_wconf 83' lang='grc'>29,</span> <span class='ocrx_word' id='word_1_276' title='bbox 136 3908 169 3968; x_wconf 87' lang='grc'>4;</span> <span class='ocrx_word' id='word_1_277' title='bbox 190 3906 339 3969; x_wconf 78' lang='lat' dir='ltr'>Sirach28,</span> <span class='ocrx_word' id='word_1_278' title='bbox 352 3910 397 3971; x_wconf 87' lang='grc'><strong>14;</strong></span> <span class='ocrx_word' id='word_1_279' title='bbox 416 3907 572 3975; x_wconf 81' lang='lat' dir='ltr'>Prolegom.</span> <span class='ocrx_word' id='word_1_280' title='bbox 588 3925 610 3961; x_wconf 88' lang='lat' dir='ltr'>e.</span> <span class='ocrx_word' id='word_1_281' title='bbox 628 3910 651 3962; x_wconf 96' lang='grc'>2.</span> <span class='ocrx_word' id='word_1_282' title='bbox 715 3910 740 3961; x_wconf 88' lang='grc'>5.</span> <span class='ocrx_word' id='word_1_283' title='bbox 769 3908 918 3975; x_wconf 75' lang='grc' dir='ltr'><em>μετανοίας</em></span> <span class='ocrx_word' id='word_1_284' title='bbox 939 3903 1037 3972; x_wconf 76' lang='grc' dir='ltr'>τόπον]</span> <span class='ocrx_word' id='word_1_285' title='bbox 1058 3903 1100 3956; x_wconf 90' lang='grc'>01.</span> <span class='ocrx_word' id='word_1_286' title='bbox 1116 3901 1199 3953; x_wconf 87' lang='lat' dir='ltr'>Hebr.</span> <span class='ocrx_word' id='word_1_287' title='bbox 1215 3902 1254 3962; x_wconf 92' lang='grc'><strong>12,</strong></span> 
     </span>
     <span class='ocr_line' id='line_1_32' title="bbox 147 3985 1255 4066; baseline -0.003 -21"><span class='ocrx_word' id='word_1_288' title='bbox 147 3993 208 4054; x_wconf 86' lang='lat' dir='ltr'>VII,</span> <span class='ocrx_word' id='word_1_289' title='bbox 231 3992 288 4049; x_wconf 77' lang='lat' dir='ltr'>hd</span> <span class='ocrx_word' id='word_1_290' title='bbox 313 3994 397 4061; x_wconf 76' lang='grc' dir='ltr'><em>αὐτὸς</em></span> <span class='ocrx_word' id='word_1_291' title='bbox 421 3993 497 4066; x_wconf 80' lang='grc' dir='ltr'>ἀγὼν</span> <span class='ocrx_word' id='word_1_292' title='bbox 513 3996 583 4065; x_wconf 71' lang='grc' dir='ltr'>κτλ]</span> <span class='ocrx_word' id='word_1_293' title='bbox 611 3996 651 4050; x_wconf 85' lang='lat' dir='ltr'>cf.</span> <span class='ocrx_word' id='word_1_294' title='bbox 683 3995 727 4056; x_wconf 82' lang='lat'>17;</span> <span class='ocrx_word' id='word_1_295' title='bbox 757 3994 852 4048; x_wconf 80' lang='lat' dir='ltr'>const.</span> <span class='ocrx_word' id='word_1_296' title='bbox 872 4008 915 4060; x_wconf 87' lang='lat' dir='ltr'>ap.</span> <span class='ocrx_word' id='word_1_297' title='bbox 936 3990 969 4051; x_wconf 86' lang='lat' dir='ltr'>Il,</span> <span class='ocrx_word' id='word_1_298' title='bbox 989 3991 1037 4051; x_wconf 84' lang='lat'>38;</span> <span class='ocrx_word' id='word_1_299' title='bbox 1056 3990 1088 4052; x_wconf 86' lang='lat' dir='ltr'>V,</span> <span class='ocrx_word' id='word_1_300' title='bbox 1111 3989 1149 4043; x_wconf 88' lang='lat'>19.</span> <span class='ocrx_word' id='word_1_301' title='bbox 1178 4016 1210 4026; x_wconf 92' lang='lat'>-</span> <span class='ocrx_word' id='word_1_302' title='bbox 1239 3985 1255 4042; x_wconf 85' lang='grc' dir='ltr'>ὁ</span> 
     </span>
     <span class='ocr_line' id='line_1_33' title="bbox 81 4074 1253 4150; baseline -0.005 -18"><span class='ocrx_word' id='word_1_303' title='bbox 81 4078 148 4134; x_wconf 91' lang='lat' dir='ltr'>Phil.</span> <span class='ocrx_word' id='word_1_304' title='bbox 171 4083 193 4142; x_wconf 88' lang='grc'><strong>1,</strong></span> <span class='ocrx_word' id='word_1_305' title='bbox 214 4080 262 4139; x_wconf 87' lang='lat' dir='ltr'>3o;</span> <span class='ocrx_word' id='word_1_306' title='bbox 282 4080 365 4134; x_wconf 84' lang='lat' dir='ltr'>Hebr.</span> <span class='ocrx_word' id='word_1_307' title='bbox 388 4083 426 4143; x_wconf 89' lang='grc'><strong>12,</strong></span> <span class='ocrx_word' id='word_1_308' title='bbox 448 4085 470 4136; x_wconf 94' lang='grc'>1.</span> <span class='ocrx_word' id='word_1_309' title='bbox 680 4082 817 4150; x_wconf 78' lang='grc' dir='ltr'>δεσπότης</span> <span class='ocrx_word' id='word_1_310' title='bbox 833 4080 903 4149; x_wconf 67' lang='lat' dir='ltr'>aab]</span> <span class='ocrx_word' id='word_1_311' title='bbox 925 4079 965 4133; x_wconf 87' lang='grc'>01.</span> <span class='ocrx_word' id='word_1_312' title='bbox 987 4078 1081 4133; x_wconf 80' lang='lat' dir='ltr'>Cenat</span> <span class='ocrx_word' id='word_1_313' title='bbox 1102 4092 1145 4145; x_wconf 85' lang='lat' dir='ltr'>ap.</span> <span class='ocrx_word' id='word_1_314' title='bbox 1165 4074 1198 4133; x_wconf 86' lang='lat' dir='ltr'>Il.</span> <span class='ocrx_word' id='word_1_315' title='bbox 1212 4075 1253 4127; x_wconf 84' lang='lat'>55.</span> 
     </span>
     <span class='ocr_line' id='line_1_34' title="bbox 110 4161 1253 4236; baseline -0.007 -16"><span class='ocrx_word' id='word_1_316' title='bbox 110 4168 135 4220; x_wconf 93' lang='grc'><strong>2.</strong></span> <span class='ocrx_word' id='word_1_317' title='bbox 154 4168 197 4222; x_wconf 89' lang='grc'><strong>01</strong></span> <span class='ocrx_word' id='word_1_318' title='bbox 218 4168 312 4236; x_wconf 79' lang='lat' dir='ltr'>Polye.</span> <span class='ocrx_word' id='word_1_319' title='bbox 332 4169 402 4223; x_wconf 89' lang='lat' dir='ltr'>Phil</span> <span class='ocrx_word' id='word_1_320' title='bbox 416 4170 439 4230; x_wconf 81' lang='lat'>7,</span> <span class='ocrx_word' id='word_1_321' title='bbox 453 4171 477 4221; x_wconf 89' lang='grc'>2.</span> <span class='ocrx_word' id='word_1_322' title='bbox 496 4200 531 4207; x_wconf 98' lang='grc'>-</span> <span class='ocrx_word' id='word_1_323' title='bbox 549 4170 600 4226; x_wconf 78' lang='grc' dir='ltr'>τὸν</span> <span class='ocrx_word' id='word_1_324' title='bbox 612 4168 653 4225; x_wconf 70' lang='lat' dir='ltr'>ab</span> <span class='ocrx_word' id='word_1_325' title='bbox 714 4168 738 4221; x_wconf 89' lang='lat'>6.</span> <span class='ocrx_word' id='word_1_326' title='bbox 759 4168 800 4221; x_wconf 88' lang='grc'>01.</span> <span class='ocrx_word' id='word_1_327' title='bbox 813 4169 837 4230; x_wconf 87' lang='lat'>9,</span> <span class='ocrx_word' id='word_1_328' title='bbox 856 4167 890 4228; x_wconf 86' lang='grc'>4;</span> <span class='ocrx_word' id='word_1_329' title='bbox 911 4167 935 4219; x_wconf 90' lang='grc' dir='ltr'>ΙΙ</span> <span class='ocrx_word' id='word_1_330' title='bbox 949 4165 1023 4217; x_wconf 87' lang='lat' dir='ltr'>Petr.</span> <span class='ocrx_word' id='word_1_331' title='bbox 1037 4164 1061 4225; x_wconf 92' lang='grc'>2,</span> <span class='ocrx_word' id='word_1_332' title='bbox 1077 4165 1107 4224; x_wconf 83' lang='lat'>5;</span> <span class='ocrx_word' id='word_1_333' title='bbox 1127 4161 1253 4229; x_wconf 86' lang='lat' dir='ltr'>Theoph.</span> 
     </span>
     <span class='ocr_line' id='line_1_35' title="bbox 79 4247 1255 4325; baseline -0.006 -16"><span class='ocrx_word' id='word_1_334' title='bbox 79 4260 140 4325; x_wconf 61' lang='lat' dir='ltr'>xia,</span> <span class='ocrx_word' id='word_1_335' title='bbox 159 4286 194 4294; x_wconf 91' lang='lat'>-</span> <span class='ocrx_word' id='word_1_336' title='bbox 214 4256 330 4324; x_wconf 82' lang='grc' dir='ltr'>κανόνα]</span> <span class='ocrx_word' id='word_1_337' title='bbox 349 4255 455 4309; x_wconf 87' lang='lat' dir='ltr'>Eadem</span> <span class='ocrx_word' id='word_1_338' title='bbox 472 4255 559 4308; x_wconf 87' lang='lat' dir='ltr'>verba</span> <span class='ocrx_word' id='word_1_339' title='bbox 578 4254 652 4309; x_wconf 86' lang='lat' dir='ltr'>exhi·</span> <span class='ocrx_word' id='word_1_340' title='bbox 680 4255 724 4308; x_wconf 79' lang='lat' dir='ltr'>Ad</span> <span class='ocrx_word' id='word_1_341' title='bbox 751 4255 845 4307; x_wconf 84' lang='lat' dir='ltr'>Autol.</span> <span class='ocrx_word' id='word_1_342' title='bbox 870 4253 920 4314; x_wconf 91' lang='lat' dir='ltr'>Ill,</span> <span class='ocrx_word' id='word_1_343' title='bbox 946 4253 992 4313; x_wconf 91' lang='grc'><strong>19;</strong></span> <span class='ocrx_word' id='word_1_344' title='bbox 1020 4250 1101 4304; x_wconf 87' lang='lat' dir='ltr'>Orac.</span> <span class='ocrx_word' id='word_1_345' title='bbox 1127 4247 1255 4317; x_wconf 72' lang='lat' dir='ltr'>Sibylll</span> 
     </span>
     <span class='ocr_line' id='line_1_36' title="bbox 80 4340 855 4411; baseline 0 -17"><span class='ocrx_word' id='word_1_346' title='bbox 80 4340 125 4396; x_wconf 82' lang='lat' dir='ltr'>bet</span> <span class='ocrx_word' id='word_1_347' title='bbox 143 4342 403 4397; x_wconf 79' lang='lat' dir='ltr'>clem.Al.Stro1n.</span> <span class='ocrx_word' id='word_1_348' title='bbox 423 4340 442 4403; x_wconf 82' lang='lat' dir='ltr'>l,</span> <span class='ocrx_word' id='word_1_349' title='bbox 465 4344 487 4403; x_wconf 89' lang='lat' dir='ltr'>l,</span> <span class='ocrx_word' id='word_1_350' title='bbox 500 4344 531 4395; x_wconf 85' lang='lat'>15</span> <span class='ocrx_word' id='word_1_351' title='bbox 549 4360 577 4411; x_wconf 87' lang='lat' dir='ltr'>p.</span> <span class='ocrx_word' id='word_1_352' title='bbox 592 4344 651 4397; x_wconf 82' lang='grc'><strong>325.</strong></span> <span class='ocrx_word' id='word_1_353' title='bbox 680 4360 705 4395; x_wconf 83' lang='grc' dir='ltr'>ν.</span> <span class='ocrx_word' id='word_1_354' title='bbox 727 4343 776 4397; x_wconf 87' lang='grc'><strong>135</strong></span> <span class='ocrx_word' id='word_1_355' title='bbox 795 4358 855 4408; x_wconf 84' lang='lat' dir='ltr'>sqq.</span> 
     </span>
     <span class='ocr_line' id='line_1_37' title="bbox 110 4424 1254 4500; baseline -0.01 -15"><span class='ocrx_word' id='word_1_356' title='bbox 110 4432 133 4484; x_wconf 82' lang='lat'>3.</span> <span class='ocrx_word' id='word_1_357' title='bbox 154 4429 198 4484; x_wconf 86' lang='lat' dir='ltr'>Cf.</span> <span class='ocrx_word' id='word_1_358' title='bbox 218 4432 231 4484; x_wconf 91' lang='lat' dir='ltr'>l</span> <span class='ocrx_word' id='word_1_359' title='bbox 250 4430 320 4482; x_wconf 82' lang='lat' dir='ltr'>Tim.</span> <span class='ocrx_word' id='word_1_360' title='bbox 340 4431 364 4487; x_wconf 85' lang='grc'>2.</span> <span class='ocrx_word' id='word_1_361' title='bbox 384 4430 413 4492; x_wconf 88' lang='grc'>3;</span> <span class='ocrx_word' id='word_1_362' title='bbox 434 4432 457 4488; x_wconf 88' lang='grc'>5,</span> <span class='ocrx_word' id='word_1_363' title='bbox 477 4431 500 4483; x_wconf 87' lang='grc'>4.</span> <span class='ocrx_word' id='word_1_364' title='bbox 715 4430 738 4481; x_wconf 80' lang='grc'>7.</span> <span class='ocrx_word' id='word_1_365' title='bbox 758 4427 897 4500; x_wconf 74' lang='grc' dir='ltr'><em>ἀλλότριοι</em></span> <span class='ocrx_word' id='word_1_366' title='bbox 906 4427 979 4497; x_wconf 71' lang='lat' dir='ltr'>aab]</span> <span class='ocrx_word' id='word_1_367' title='bbox 987 4426 1029 4481; x_wconf 86' lang='lat' dir='ltr'>cf.</span> <span class='ocrx_word' id='word_1_368' title='bbox 1037 4425 1107 4495; x_wconf 85' lang='lat' dir='ltr'>Eph.</span> <span class='ocrx_word' id='word_1_369' title='bbox 1117 4425 1141 4488; x_wconf 92' lang='grc'>2,</span> <span class='ocrx_word' id='word_1_370' title='bbox 1151 4424 1182 4480; x_wconf 86' lang='grc'><strong>12</strong></span> <span class='ocrx_word' id='word_1_371' title='bbox 1192 4439 1254 4490; x_wconf 84' lang='lat' dir='ltr'>sqq.</span> 
     </span>
     <span class='ocr_line' id='line_1_38' title="bbox 109 4510 1253 4589; baseline -0.008 -17"><span class='ocrx_word' id='word_1_372' title='bbox 109 4521 133 4573; x_wconf 89' lang='grc'>4.</span> <span class='ocrx_word' id='word_1_373' title='bbox 154 4520 188 4575; x_wconf 84' lang='grc' dir='ltr'>τὸ</span> <span class='ocrx_word' id='word_1_374' title='bbox 208 4513 276 4586; x_wconf 69' lang='grc' dir='ltr'><em>αἷμα</em></span> <span class='ocrx_word' id='word_1_375' title='bbox 295 4537 318 4572; x_wconf 85' lang='grc' dir='ltr'><strong>τ.</strong></span> <span class='ocrx_word' id='word_1_376' title='bbox 338 4519 472 4589; x_wconf 80' lang='grc' dir='ltr'><strong><em>Χριστοῦ]</em></strong></span> <span class='ocrx_word' id='word_1_377' title='bbox 499 4517 540 4570; x_wconf 81' lang='lat' dir='ltr'>Cf.</span> <span class='ocrx_word' id='word_1_378' title='bbox 562 4517 601 4579; x_wconf 83' lang='lat'>12,</span> <span class='ocrx_word' id='word_1_379' title='bbox 622 4519 652 4577; x_wconf 81' lang='lat'>7;</span> <span class='ocrx_word' id='word_1_380' title='bbox 715 4514 789 4577; x_wconf 89' lang='lat' dir='ltr'>VIII,</span> <span class='ocrx_word' id='word_1_381' title='bbox 810 4516 832 4567; x_wconf 94' lang='lat'>1.</span> <span class='ocrx_word' id='word_1_382' title='bbox 857 4512 883 4569; x_wconf 77' lang='lat' dir='ltr'>ol</span> <span class='ocrx_word' id='word_1_383' title='bbox 909 4518 1066 4586; x_wconf 79' lang='grc' dir='ltr'><strong><em>λειτουργοὶ</em></strong></span> <span class='ocrx_word' id='word_1_384' title='bbox 1084 4534 1108 4569; x_wconf 90' lang='grc' dir='ltr'>τ.</span> <span class='ocrx_word' id='word_1_385' title='bbox 1128 4510 1174 4581; x_wconf 86' lang='lat' dir='ltr'>X.]</span> <span class='ocrx_word' id='word_1_386' title='bbox 1193 4510 1211 4564; x_wconf 76' lang='lat' dir='ltr'>&#39;a</span> <span class='ocrx_word' id='word_1_387' title='bbox 1231 4527 1253 4564; x_wconf 89' lang='lat' dir='ltr'>e.</span> 
     </span>
     <span class='ocr_line' id='line_1_39' title="bbox 79 4601 844 4678; baseline -0.018 -9"><span class='ocrx_word' id='word_1_388' title='bbox 79 4605 116 4667; x_wconf 72' lang='lat'>21·</span> <span class='ocrx_word' id='word_1_389' title='bbox 134 4606 167 4667; x_wconf 73' lang='lat'>62</span> <span class='ocrx_word' id='word_1_390' title='bbox 186 4603 230 4666; x_wconf 79' lang='grc'>49,</span> <span class='ocrx_word' id='word_1_391' title='bbox 244 4604 268 4657; x_wconf 60' lang='grc'>6.</span> <span class='ocrx_word' id='word_1_392' title='bbox 281 4634 316 4643; x_wconf 89' lang='grc'>-</span> <span class='ocrx_word' id='word_1_393' title='bbox 329 4612 368 4677; x_wconf 82' lang='grc' dir='ltr'>τῷ</span> <span class='ocrx_word' id='word_1_394' title='bbox 387 4609 446 4678; x_wconf 76' lang='grc' dir='ltr'>θεῷ</span> <span class='ocrx_word' id='word_1_395' title='bbox 463 4625 488 4660; x_wconf 88' lang='grc' dir='ltr'><strong>κ.</strong></span> <span class='ocrx_word' id='word_1_396' title='bbox 506 4623 535 4659; x_wconf 80' lang='grc' dir='ltr'>π.</span> <span class='ocrx_word' id='word_1_397' title='bbox 554 4602 651 4671; x_wconf 79' lang='grc' dir='ltr'><strong>αὐτοῦ]</strong></span> <span class='ocrx_word' id='word_1_398' title='bbox 679 4601 844 4672; x_wconf 86' lang='lat' dir='ltr'>prophetae.</span> 
     </span>
    </p>
   </div>
   <div class='ocr_carea' id='block_1_6' title="bbox 0 0 1428 5018">
    <p class='ocr_par' dir='ltr' id='par_1_8' title="bbox 0 0 1428 5018">
     <span class='ocr_line' id='line_1_40' title="bbox 0 0 1428 5018; baseline 0 0"><span class='ocrx_word' id='word_1_399' title='bbox 0 0 1428 5018; x_wconf 95' lang='lat' dir='ltr'> </span> 
     </span>
    </p>
   </div>
  </div>
 </body>
</html>
