2834 5018
453 603 478 657 s.
498 601 639 658 Ianam
657 601 866 658 nmsnunan.
1117 610 1249 676 LXXIX

74 799 99 860 p.
118 774 189 859 291)
226 778 383 844 scribunt
413 780 507 843 modo
536 775 685 860 Ἰγνάτιος
709 778 726 840 6
752 779 907 861 θεοφόρος
936 784 1030 848 modo
1053 781 1070 844 6
1093 782 1249 864 θεοφόρος

75 878 221 963 Ἰγνάτιος.
269 883 423 969 Ignatius
449 906 523 949 vero
545 885 615 969 ipse
636 908 799 971 nunquam
827 885 880 947 τὸν
903 884 1059 966 θεοφόρον
1089 909 1123 952 se
1144 890 1247 953 nomi·

73 987 158 1065 navit,
182 990 241 1054 sed
265 1009 394 1073 semper
417 985 587 1069 Θεοφορον,
621 993 654 1054 et
674 992 771 1056 verba
794 988 811 1050 6
833 990 886 1051 καὶ
910 987 1078 1071 Θεοφορος,
1112 994 1248 1077 quaein

73 1092 330 1178 inscriptionibus
360 1095 501 1159 omnium
528 1094 736 1179 epistularum
758 1095 917 1180 leguntur,
949 1096 1080 1160 eandem
1102 1097 1166 1161 vim
1188 1098 1247 1162 ha-

73 1197 138 1262 bere
161 1220 200 1262 ac
222 1200 325 1264 verba
347 1195 547 1280 ὁλεγὸμενος
571 1199 623 1264 vel
638 1196 880 1280 ἐπικαλούμενος
897 1196 935 1263 Θ.
961 1198 1013 1282 (cf.
1031 1200 1102 1265 Act
1122 1200 1171 1277 12,
1190 1204 1245 1277 12;

72 1301 174 1367 loann.
202 1303 255 1380 11,
280 1304 337 1378 163
369 1302 442 1368 Luc.
468 1303 594 1384 6,14),
629 1303 694 1368 iam
723 1301 860 1368 Pearson
895 1304 1025 1384 (Annot.
1059 1307 1099 1370 ad
1122 1305 1244 1390 Smyrn.

71 1406 173 1489 imur.)
205 1409 289 1473 vidit
318 1411 351 1472 et
381 1408 460 1472 locis
488 1407 636 1493 plurimis
666 1409 796 1492 probari
824 1413 938 1493 potest.
986 1409 1058 1475 Vox
1087 1408 1245 1493 Θεοφορος

70 1513 175 1597 itaque
198 1513 282 1576 nihil
305 1511 392 1576 aliud
414 1517 463 1576 est
486 1535 581 1597 quam
603 1534 718 1577 nomen
740 1513 914 1597 proprium,
943 1516 1027 1599 quod
1049 1521 1174 1599 praeter
1196 1518 1245 1583 la·

71 1618 169 1681 tinum
193 1612 372 1699 (Ἰγνάτιος)
395 1640 419 1681 s.
443 1621 565 1700 martyr
586 1618 743 1702 gestabat.
789 1616 837 1682 df.
863 1619 968 1684 adnot.
994 1621 1034 1684 ad
1049 1621 1131 1705 Eph.
1151 1622 1243 1687 inser.

71 1720 123 1786 Sin
147 1727 257 1787 autem
272 1721 391 1799 dicunt,
408 1726 568 1786 auctorem
584 1722 791 1806 epistularum
810 1723 961 1788 maiorem
977 1724 1027 1788 sui
1040 1725 1141 1808 ipsius
1157 1750 1245 1791 ama·

69 1830 168 1890 torem
192 1832 225 1890 et
248 1827 473 1892 admiratorem
489 1849 566 1905 esse,
592 1851 687 1913 quam
704 1829 757 1913 qui
772 1827 821 1891 vir
836 1828 1030 1912 apostolicus
1045 1829 1156 1896 haberi
1170 1854 1244 1916 pos-

70 1931 118 2008 sit,
142 1930 281 2008 videant,
306 1953 348 1995 an
370 1936 454 1996 recte
477 1954 549 1996 eum
570 1931 793 1996 intellexerint.
824 1931 897 1997 Non
913 1933 996 1996 enim
1011 1935 1075 1997 iam
1090 1938 1244 2017 superbus

70 2040 124 2111 est,
149 2030 266 2118 quide
290 2036 470 2119 cognitione
492 2058 596 2100 rerum
621 2036 805 2100 caelestium
820 2036 976 2120 gloriatur
1000 2035 1109 2119 (Trall.
1128 2041 1157 2103 5.
1194 2039 1241 2103 ef.

69 2138 185 2204 HCor.
205 2142 255 2218 12,
275 2140 291 2202 l
310 2140 405 2225 sqq).
451 2139 629 2217 Quaeritur,
653 2141 916 2225 quemadmodum
939 2142 1009 2225 quis
1025 2142 1187 2226 glorietur,
1212 2149 1244 2208 et

71 2243 244 2309 Cotelerius
267 2249 352 2309 recte
368 2245 456 2322 dixit,
481 2246 599 2310 maiore
623 2267 694 2309 cum
718 2245 904 2309 demissione
928 2244 1089 2329 Ignatium
1103 2268 1167 2311 non
1183 2270 1242 2331 po-

70 2350 164 2414 tuisse
188 2349 288 2435 loqui.
335 2349 391 2415 Sin
413 2351 615 2427 contendunt,
639 2372 711 2414 eum
734 2354 802 2413 tum
817 2349 999 2433 episcopum
1014 2372 1243 2437 quemcumque

70 2458 136 2518 tum
157 2459 259 2518 semet
287 2455 393 2539 ipsum
420 2476 519 2539 aeque
546 2477 583 2519 ac
605 2453 709 2518 Deum
741 2458 773 2518 et
796 2453 958 2518 Christum
980 2455 1129 2520 honorari
1150 2457 1241 2535 velle,

70 2559 251 2643 respondeo,
276 2559 363 2623 aliud
386 2580 453 2623 esse
477 2560 591 2637 dicere,
611 2559 797 2643 episcopum
818 2559 852 2622 in
875 2562 959 2622 terra
981 2560 1080 2623 vicem
1102 2560 1163 2625 Dei
1184 2582 1242 2646 ge-

70 2685 135 2727 rere
157 2663 250 2748 eique
273 2664 503 2728 oboediendum
525 2685 602 2741 esse,
636 2662 732 2741 aliud,
764 2663 912 2747 episcopo
935 2665 1069 2728 eundem
1091 2666 1242 2732 honorem

71 2790 104 2832 ac
131 2767 201 2832 Deo
233 2768 411 2846 vindicare,
436 2790 530 2853 quem
559 2768 712 2832 honorem
739 2766 884 2853 Ignatius
907 2768 1056 2853 episcopo
1079 2793 1242 2855 nunquam

69 2872 187 2936 tribuit.
235 2870 341 2937 Semel
355 2877 481 2937 tantum
501 2871 735 2955 (Smyrn.9,1)
758 2873 797 2936 de
812 2873 961 2956 episcopo
984 2873 1168 2939 honorando
1192 2876 1241 2941 lo·

70 2978 188 3061 quitur3
214 2978 345 3063 reliquis
367 2978 445 3042 locis
468 2978 613 3042 omnibus
637 2977 767 3041 deloco
791 2977 867 3061 agit,
892 2998 985 3061 quem
1009 2979 1176 3064 episcopus
1192 2986 1241 3045 te·

69 3087 147 3160 neat,
180 3086 212 3146 et
236 3082 275 3145 de
296 3080 504 3159 oboedientia,
537 3105 600 3167 qua
628 3080 739 3145 fideles
763 3081 792 3144 ei
815 3082 972 3145 subiectos
994 3103 1063 3146 esse
1085 3088 1239 3166 oporteat.

69 3183 101 3248 Si
122 3207 191 3249 sese
213 3186 368 3250 minorem
397 3187 540 3250 nominat
572 3208 668 3271 quam
690 3185 826 3249 lectores
849 3182 969 3270 (Magn.
997 3184 1050 3268 ll)
1074 3187 1124 3250 vel
1146 3188 1239 3251 mini·

68 3310 151 3354 mum
174 3289 312 3354 fratmm
334 3288 444 3374 Syriae
468 3289 603 3373 (Smyrn.
630 3291 679 3367 ll,
701 3290 733 3371 1)
756 3289 807 3354 vel
830 3311 1014 3354 conservum
1037 3291 1241 3357 diaconorum

68 3390 266 3477 (Eph.2,1;
290 3393 397 3479 Magn.
423 3395 460 3470 23
484 3394 609 3458 Philad.
629 3393 679 3476 4),
705 3417 760 3459 cur
782 3394 973 3458 humilitatis
996 3394 1164 3461 affectatae
1187 3419 1239 3461 ac·

67 3498 223 3562 cusandus
253 3498 319 3561 sit?
364 3497 478 3563 Nonne
508 3499 617 3562 eadem
649 3498 700 3561 vel
729 3499 844 3563 similia
875 3504 906 3564 et
929 3499 1047 3563 Paulus
1076 3502 1240 3585 apostolus

67 3603 167 3668 dixit?
200 3601 257 3667 Sin
279 3603 413 3687 denique
435 3604 567 3688 cupidus
586 3608 635 3668 est
650 3604 791 3687 martyrii
807 3604 996 3689 gaudetque,
1020 3605 1109 3670 brevi
1125 3628 1163 3670 ex
1178 3606 1240 3671 boc

67 3708 180 3772 mundo
205 3728 238 3770 se
262 3706 419 3771 exiturum
439 3728 516 3784 esse,
540 3728 644 3771 nonne
666 3707 750 3771 idem
773 3706 937 3790 apostolus
960 3713 1094 3773 mortem
1117 3710 1240 3774 lucrum

67 3812 238 3878 declaravit
261 3813 520 3897 desideravitque,
550 3817 586 3876 ut
609 3813 831 3877 dissolveretur
859 3818 891 3877 et
913 3818 996 3877 esset
1019 3835 1089 3877 cum
1113 3813 1239 3878 Christo

68 3917 161 3995 (Phil.
182 3919 210 3995 l,
228 3917 279 3982 21.
296 3916 376 4000 23)?
422 3917 478 3982 Sin
501 3939 572 3981 cum
596 3918 731 4002 quodam
753 3919 873 4002 impetu
896 3919 1084 4002 martyrium
1105 3919 1237 4003 appet't,

68 4023 326 4087 considerandum
349 4027 406 4100 est,
436 4044 517 4099 eum,
551 4044 613 4107 quo
637 4026 779 4106 tempore
802 4022 954 4105 epistulas
977 4023 1112 4105 scripsit,
1145 4024 1239 4087 morti

67 4124 126 4191 ism
149 4126 312 4191 addictum
335 4125 432 4189 fuisse
460 4125 593 4209 ideoque
623 4125 718 4189 facile
740 4125 808 4188 fieri
829 4125 980 4208 potuisse,
1010 4130 1046 4189 ut
1069 4149 1164 4211 quam
1186 4148 1237 4191 ce·

67 4228 188 4296 lerrime
209 4231 291 4295 mori
314 4234 453 4314 cuperet.
493 4228 618 4294 Christo
638 4230 779 4309 credidit,
804 4230 857 4315 qui
871 4230 1017 4313 promisit
1040 4228 1167 4312 (Matth.
1187 4233 1236 4309 10,

69 4333 122 4410 393
147 4336 197 4414 16,
218 4334 285 4418 25),
319 4335 373 4419 qui
396 4335 533 4398 animam
555 4357 645 4399 suam
666 4340 797 4419 propter
818 4337 922 4418 ipsum
945 4335 1142 4419 perdidisset,
1166 4358 1238 4400 eum

71 4439 200 4505 animam
221 4440 424 4505 inventurum
446 4461 524 4516 esse,
548 4462 585 4504 ac
607 4445 771 4524 praeterea
793 4440 948 4504 sollicitus
971 4444 1047 4518 erat,
1072 4462 1111 4504 ne
1127 4440 1236 4516 honor,

71 4562 127 4625 qno
148 4544 357 4622 afficiebatur,
388 4567 460 4610 eum
482 4547 653 4627 superbum
675 4545 819 4609 redderet
841 4543 953 4627 (Trall.
977 4546 1008 4623 4,
1034 4545 1065 4626 1)
1089 4550 1122 4609 et
1142 4545 1237 4609 timor
