2834 5018
587 371 721 428 ΡΔΡΙΑΕ
739 370 966 428 FRAGMENTA

758 549 799 613 X.

277 736 284 750 .
309 741 316 755 .
342 740 349 755 .
375 741 381 755 .
408 690 443 752 οὐ
467 690 527 771 μὴν
549 687 620 751 ἀλλ’
645 688 717 751 οὐδὲ
740 686 864 750 Παπίαν
887 688 941 750 τόν
969 685 1173 769 Ἱεραπόλεως
1197 685 1377 750 ἐπίσκοπον

187 795 242 856 καί
264 793 423 878 μάρτυρα,
455 793 527 857 οὐδὲ
559 791 725 877 Εἰρηναῐον
755 793 809 855 τόν
838 794 924 857 όσιον
956 791 1127 855 ἐπίσκοπον
1161 790 1376 876 Λουγδοόνων

190 900 269 981 (scil.
294 898 481 982 ἀποδέχεται
496 895 679 981 Στέφανος),
703 896 735 960 ἐν
758 895 803 973 οίς
826 896 969 980 λέγουσιν
995 897 1158 981 αίσθητῶν
1181 905 1278 960 τινῶν
1294 896 1375 981 βρω·

163 1003 295 1086 ιμάτων
319 1001 492 1064 ἀπόλαυσιν
515 999 592 1065 είναι
615 1004 670 1084 τὴν
693 1010 755 1065 τῶν
779 1003 918 1083 οὐρανῶν
943 1000 1113 1087 βασιλείαν.

351 1120 497 1191 [Stephon
517 1120 586 1175 (iob.
606 1137 650 1190 ap.
669 1122 750 1176 Phot.
769 1121 903 1177 Biblioth.
927 1120 987 1175 eod.
1000 1122 1052 1176 232
1070 1121 1113 1176 ed.
1125 1122 1241 1176 Bekker
1257 1139 1288 1191 p.
1303 1121 1374 1191 291.]

748 1283 803 1347 XI.

278 1424 306 1486 1.
339 1419 463 1496 Παπίας
494 1418 699 1502 Ἱεραπόλεως
735 1419 904 1494 ἐπίσκοπος
937 1421 1094 1502 ἀκουστὴς
1123 1429 1178 1482 τοῦ
1212 1418 1373 1503 θεολόγον

190 1524 338 1591 Ἰωάννου
360 1525 535 1608 γενόμενος,
558 1521 767 1606 Πολυκάρπου
791 1524 825 1587 δὲ
848 1524 983 1607 ἑταῖρος,
1007 1523 1101 1588 πέντε
1124 1523 1240 1608 λόγους
1263 1545 1372 1607 κυρια-

188 1637 254 1692 κῶν
277 1627 391 1713 λογίων
414 1627 559 1712 ἔγραψεν.
606 1625 638 1690 ἐν
662 1624 706 1702 οίς
729 1627 944 1712 ἀπαρίθμησιν
975 1626 1162 1691 ἀποστόλων
1184 1628 1372 1712 ποιούμενος

150 1755 175 1792 ro
188 1735 267 1817 μετὰ
290 1732 407 1816 Πέτρον
429 1733 482 1795 καί
506 1730 671 1815 Ἰωάννην,
702 1731 859 1795 Φίλιππον
891 1734 944 1795 καί
969 1731 1087 1816 Θωμᾶν
1116 1735 1170 1796 καί
1201 1732 1372 1800 Ματθαῐον

189 1839 231 1915 εἰς
248 1840 394 1923 μαθητὰς
415 1847 471 1900 τοῦ
485 1836 593 1919 κυρίου
616 1834 792 1920 ἀνέγραψεν
807 1835 993 1919 Ἀριστίωνα
1016 1839 1069 1900 καί
1086 1835 1237 1922 Ἰωάννην
1253 1838 1372 1920 ἕτερον,

190 1946 225 2008 όν
247 1946 300 2008 καί
323 1942 530 2027 πρεσβύτερον
561 1939 721 2004 ἐκάλεσεν.
767 1942 809 2016 ῶς
831 1962 916 2017 τινας
940 1944 1082 2020 οἴεσθαι,
1107 1944 1154 2004 ότι
1176 1942 1293 2006 τοότου
1316 1952 1371 2006 τοῦ

191 2048 339 2113 Ἰωάννου
369 2048 445 2111 εἰσίν
468 2048 500 2110 αί
523 2045 577 2109 δύο
607 2044 766 2109 ἐπιστολαί
790 2045 823 2108 αί
845 2048 950 2129 μικραί
981 2046 1034 2109 καί
1057 2045 1251 2126 καθολικαί,
1285 2044 1372 2122 αίέξ

189 2153 340 2235 ὀνόματος
363 2150 510 2213 Ἰωάννου
543 2150 727 2233 φερόμεναι,
758 2152 867 2214 διὰτὸ
890 2155 961 2227 τοὺς
984 2151 1133 2234 ἀρχαίους
1163 2154 1219 2234 τὴν
1242 2152 1371 2236 πρώτην

152 2277 177 2314 rs
191 2256 287 2339 μόνην
319 2253 478 2337 ἐγκρίνειν.
529 2254 608 2328 τινές
640 2255 674 2317 δέ
703 2256 758 2317 καί
786 2257 842 2338 τὴν
866 2254 1084 2337 Ἀποκάλυψιν
1107 2256 1218 2319 τούτου
1250 2255 1372 2340 πλάνη

192 2358 301 2433 θέντες
325 2357 480 2440 ἐνόμισαν.
525 2360 578 2420 καί
603 2358 726 2435 Παπίας
748 2360 783 2423 δέ
806 2361 874 2441 περί
897 2363 953 2443 τἠν
976 2360 1245 2445 χιλιονταετηρίδα
1271 2361 1371 2444 σφάλ-

191 2462 291 2540 λεται,
322 2461 354 2539 ἐξ
377 2460 413 2524 οὗ
437 2463 490 2523 καί
521 2461 734 2548 όΕίρηναῐος.
779 2469 808 2530 2.
834 2462 957 2539 Παπίας
992 2464 1025 2527 ἐν
1047 2472 1091 2548 τῷ
1124 2464 1261 2549 δευτέρῳ
1285 2465 1372 2550 λόγῳ

190 2565 291 2650 λέγει,
323 2568 369 2629 ότι
393 2564 539 2650 Ἰωάννης
571 2567 588 2630 ό
618 2568 771 2653 θεολόγος
800 2571 852 2632 καί
882 2568 1033 2654 Ἰάκωβος
1064 2567 1240 2651 όάόελρδς
1275 2573 1372 2634 αὐτοῦ

190 2670 251 2733 ὑπὸ
266 2669 424 2734 Ἰουδαίων
440 2670 650 2756 ἀνῃρέθησαν.
675 2671 798 2748 Παπίας
814 2674 830 2736 ό
854 2672 1011 2758 εἰρημένος
1028 2673 1188 2757 ἱστόρησεν
1211 2672 1256 2749 ὡς
1272 2695 1372 2757 παρα-

151 2797 177 2834 so
191 2774 296 2859 λαβὼν
320 2775 382 2837 ἀπό
396 2784 458 2839 τῶν
483 2776 668 2860 θυγατέρων
685 2776 854 2857 Φιλίππου,
878 2781 924 2841 ότι
939 2776 1107 2863 Βαρσαβᾱς
1128 2777 1145 2839 ό
1161 2780 1215 2840 καί
1233 2777 1372 2855 Ἰοῦστος

191 2880 433 2963 δοκιμαζόμενος
455 2880 515 2942 ὑπό
538 2891 600 2945 τῶν
624 2881 763 2945 ἀπίστων
789 2883 833 2945 ἰόν
858 2882 981 2966 ἐχίδνης
1004 2884 1083 2945 πιὼν
1107 2882 1139 2944 ἐν
1163 2883 1295 2966 όνόματι
1318 2893 1372 2948 τοῦ

191 2983 328 3068 Χριστοῦ
350 2986 479 3067 ἀπαθὴς
501 2985 712 3069 διεφυλάχθη.
758 2985 871 3068 ἱστορεῖ
893 2986 928 3049 δέ
951 2987 1003 3048 καί
1035 2983 1118 3048 ἄλλα
1141 2986 1297 3071 θαόματα
1319 2990 1372 3051 καί

192 3089 326 3172 μάλιστα
348 3091 383 3152 τό
406 3092 488 3152 κατὰ
503 3091 558 3173 τὴν
582 3089 698 3174 μητέρα
715 3089 882 3172 Μαναίμου
905 3091 961 3172 τὴν
977 3088 1015 3151 ἐκ
1037 3098 1155 3171 νεκρῶν
1172 3091 1371 3156 ἀναστᾶσαν.

226 3279 272 3334 XI.
292 3278 412 3333 Textum
431 3278 548 3333 edit-oris
567 3280 703 3350 principis
722 3283 781 3334 οτι-Ι
830 3284 852 3335 1.
871 3281 952 3334 Hunc
965 3296 1075 3334 versum
1090 3280 1372 3349 epitomatorexEu·

192 3371 289 3420 curate
307 3365 421 3433 repetii,
447 3366 502 3418 nisi
521 3368 596 3434 quod
616 3387 640 3421 ν.
662 3372 674 3423 1
701 3358 869 3429 antelsebio
889 3367 1022 3435 sumpsit,
1050 3372 1162 3436 partem
1187 3369 1315 3437 priorem
1339 3387 1373 3424 ex

192 3462 242 3509 τοῦ
260 3452 394 3509 Ἰωάννου
418 3452 523 3506 inserui
552 3454 659 3511 τούτου.
701 3453 767 3523 Epi·
778 3434 781 3542 Ι
792 3453 827 3508 Η.
837 3453 867 3507 Ε.
878 3454 925 3515 ΠΙ,
937 3454 977 3517 39,
997 3454 1116 3508 alteram
1134 3471 1168 3507 ex
1183 3454 1218 3507 H.
1229 3455 1261 3510 Ε.
1272 3456 1320 3519 ΙΠ,
1331 3458 1372 3511 ἳθ

192 3541 275 3601 tome,
295 3539 341 3592 cui
358 3538 411 3592 hoo
428 3538 618 3609 fragmentum
636 3544 664 3595 et
682 3541 768 3609 plura
827 3543 851 3595 2.
871 3541 1001 3610 Ἰωάννης
1017 3541 1087 3610 κτλ]
1115 3542 1294 3613 Theologum
1322 3543 1373 3597 Pa·

192 3624 310 3679 aliorum
338 3630 484 3680 auctorum
515 3627 664 3686 debemus.
693 3628 768 3681 int-er
793 3628 998 3697 piosloannem
1017 3630 1294 3693 certenonvocavit,
1310 3647 1372 3684 cum

192 3729 279 3766 annos
306 3713 357 3767 600
384 3716 413 3767 et
442 3713 493 3767 800
524 3715 685 3784 conscripta
714 3719 765 3769 est.
794 3713 939 3783 apostolus
963 3714 1016 3768 hoe
1040 3715 1153 3769 nomine
1182 3719 1251 3770 unte
1276 3733 1374 3771 saecu·

193 3800 221 3853 C.
249 3800 283 3852 de
310 3800 384 3853 Boor
414 3801 443 3853 in
474 3801 552 3854 Teate
578 3803 637 3855 und
674 3802 766 3856 Παίου·
793 3801 851 3854 lum
869 3801 908 3854 IV
928 3800 1022 3854 exiens
1040 3806 1156 3855 ornatus
1183 3802 1231 3856 vix
1249 3803 1372 3872 reperia-

193 3887 347 3955 suehunpen
364 3886 397 3949 V,
417 3890 433 3940 2
450 3904 478 3955 p.
499 3888 636 3942 171-174
653 3889 766 3942 demon·
793 3892 839 3941 tur
865 3891 894 3942 et
920 3890 1010 3941 multo
1040 3892 1105 3943 ante
1132 3889 1180 3941 vix
1208 3891 1305 3944 ornari
1322 3907 1373 3960 po·

193 3972 295 4025 strasse
314 3973 369 4025 sibi
387 3973 462 4026 visus
482 3977 531 4035 est,
550 3973 767 4042 epitomatorem
792 3975 886 4028 tuerit.
933 3974 1015 4026 Haud
1042 3975 1126 4028 dubie
1154 3976 1307 4035 Ioannem.
1338 3977 1374 4032 de

194 4074 227 4111 ex
254 4059 382 4113 Historia
414 4060 606 4115 ecclesiastica
640 4061 767 4130 Philippi
794 4061 953 4127 prodixit,
982 4078 1074 4128 neque
1101 4060 1158 4114 alia
1176 4063 1373 4132 appellatione

194 4143 296 4198 Sidetis
315 4146 397 4215 (eaeo.
418 4147 443 4200 V
461 4147 510 4215 in.)
527 4146 663 4201 hausisse.
700 4150 765 4202 For·
793 4147 951 4200 accuratius
979 4148 1154 4216 designavit,
1188 4150 1238 4203 sed
1268 4166 1374 4204 nomen

191 4235 268 4284 tasse
286 4233 379 4293 reeto;
407 4250 470 4287 eum
495 4235 571 4288 omni
595 4234 765 4290 certitudine
792 4232 883 4286 solum
901 4232 1038 4287 adhibuit
1076 4233 1126 4288 Sin
1145 4237 1242 4289 autem
1266 4253 1310 4290 res
1329 4236 1374 4292 its

194 4320 288 4371 autem
306 4318 370 4372 fons
388 4318 435 4371 vix
456 4318 565 4375 definiri
584 4324 687 4390 potest
792 4336 821 4373 se
849 4319 950 4382 habet,
979 4321 1142 4386 quaeritur,
1171 4321 1235 4388 quis
1265 4323 1303 4377 sit
1321 4323 1373 4378 ille
