2834 5018
500 648 568 702 Slus
588 647 633 712 IX,
655 649 694 713 13,
714 648 807 712 3-14,
823 653 844 704 1.
1195 655 1258 719 603

85 826 211 910 quidem
233 829 412 911 portarunt,
429 829 549 890 vestem
573 830 678 890 autem
693 827 852 911 virginum
874 848 937 890 non
951 826 1129 892 induerunt.
1150 828 1258 906 Qualis

84 937 140 1008 est,
164 931 302 1014 inquam,
328 931 424 996 vestis
447 953 564 1007 earum,
590 932 736 995 domine?
759 930 834 1015 Ipsa
854 932 992 1005 nomina,
1015 932 1127 1017 inquit,
1152 954 1259 997 earum

83 1037 180 1101 vestis
203 1040 284 1101 sunt.
331 1035 526 1120 Quicumque
548 1057 663 1100 nomen
685 1036 743 1101 filii
766 1037 816 1101 dei
837 1040 962 1121 portat,
993 1036 1107 1101 harum
1134 1059 1259 1121 quoque

83 1142 212 1206 uomina
233 1146 361 1225 portare
385 1142 496 1217 debet;
532 1142 647 1205 etenim
669 1142 737 1225 ipse
760 1141 845 1205 filius
867 1142 995 1205 nomina
1018 1141 1175 1226 virginum
1198 1142 1258 1205 ha·

83 1269 154 1309 rum
176 1250 293 1330 portat.
339 1248 368 1309 4.
394 1245 572 1329 Quotquot,
597 1246 715 1329 inquit,
739 1246 861 1331 lapides
884 1246 991 1310 vidisti
1013 1246 1045 1309 in
1069 1249 1286 1313 structurams

84 1351 179 1415 turris
201 1351 334 1415 intrasse
356 1351 491 1415 traditos
518 1371 577 1433 per
598 1372 710 1414 manus
739 1372 849 1414 earum
871 1355 903 1414 et
925 1349 1077 1414 mansisse
1099 1348 1134 1413 in
1156 1353 1259 1414 struc-

84 1459 171 1533 tura,
204 1454 237 1518 hi
267 1455 373 1518 vestiti
404 1458 478 1518 sunt
499 1458 657 1537 potestate
685 1454 844 1541 virginum
872 1456 1016 1519 istarum.
1069 1455 1098 1520 5.
1123 1454 1260 1538 Ideoque

85 1559 171 1623 vides
195 1559 309 1623 turrim
332 1557 539 1623 monolitham
563 1557 681 1622 factam
698 1580 765 1622 esse
788 1581 859 1623 cum
872 1563 973 1643 petra.
1021 1558 1073 1624 Sic
1095 1559 1191 1624 etiam
1207 1557 1261 1642 qui

85 1664 284 1728 crediderunt
308 1663 434 1728 domino
457 1685 515 1747 per
536 1663 637 1727 filium
661 1663 728 1728 eius
751 1668 783 1729 et
804 1664 907 1728 induti
930 1669 1004 1728 sunt
1019 1665 1149 1749 spiritus
1172 1664 1260 1739 istos,

85 1775 177 1833 erunt
199 1773 451 1850 concepimus,
473 1787 573 1832 unum
589 1787 720 1850 corpus,
742 1773 774 1832 et
796 1790 877 1832 unus
892 1768 978 1832 color
992 1769 1127 1833 vestium
1143 1790 1259 1832 eorum.
1276 1794 1301 1830 ιο

85 1872 211 1937 Talium
234 1877 355 1949 autem,
388 1872 444 1955 qui
465 1875 595 1955 portant
616 1871 744 1935 nomina
771 1872 945 1956 virginum,
979 1878 1027 1937 est
1049 1873 1207 1938 habitatio
1228 1873 1261 1936 in

86 1979 174 2042 turri.
222 1979 251 2041 6.
275 1976 409 2061 Iapides
432 1977 560 2054 abiecti,
584 1976 732 2060 inquam,
757 1976 894 2053 domine,
928 1998 1024 2060 quare
1047 1996 1123 2060 ergo
1147 1976 1262 2041 abiecti

86 2085 183 2145 sunt?
217 2081 471 2145 Pertransierunt
493 2071 591 2145 enim
606 2104 664 2165 per
684 2087 810 2165 portam
833 2086 865 2145 et
886 2104 944 2166 per
966 2103 1077 2146 manus
1101 2081 1262 2166 virginum

86 2187 183 2270 positi
206 2191 280 2250 sunt
303 2186 336 2251 in
367 2189 526 2250 structura
548 2186 653 2250 turris.
701 2185 780 2250 Cum
803 2187 921 2263 omnia,
945 2185 1062 2270 inquit,
1087 2185 1146 2251 tibi
1169 2206 1262 2249 curae

87 2289 150 2354 sint
173 2294 205 2354 et
237 2289 404 2374 diligenter
424 2290 581 2374 inquiras,
615 2291 688 2354 audi
717 2290 754 2355 de
787 2290 946 2374 lapidibus
976 2290 1116 2355 abiectis.
1164 2289 1192 2352 7.
1217 2288 1262 2352 Hi
1276 2314 1301 2351 rs

87 2415 205 2471 omnes,
228 2395 340 2478 inquit,
365 2416 480 2459 nomen
502 2394 560 2459 filii
583 2395 633 2459 dei
655 2399 860 2479 accepenmt,
891 2397 1080 2478 acceperunt
1103 2397 1208 2458 autem
1231 2396 1264 2457 et

87 2502 278 2580 potestatem
301 2498 459 2582 virginum
481 2498 604 2562 harum.
651 2497 799 2583 Acceptis
822 2520 897 2584 ergo
924 2498 975 2562 his
997 2498 1162 2582 spiritibus
1185 2519 1260 2561 con·

88 2602 200 2666 fortati
222 2606 296 2666 sunt
319 2607 352 2666 et
374 2607 465 2666 erant
487 2624 558 2667 cum
589 2603 687 2667 servis
710 2603 777 2679 dei;
813 2607 845 2667 et
867 2608 935 2668 erat
958 2624 1066 2667 eorum
1087 2623 1174 2667 unus
1195 2608 1262 2685 api·

88 2712 175 2769 ritus
198 2715 231 2769 et
251 2726 352 2770 unum
374 2726 495 2788 corpses
517 2711 550 2770 et
572 2729 636 2770 una
650 2707 763 2781 vestis3
788 2709 902 2771 eadem
918 2707 1002 2770 enim
1023 2709 1211 2771 sentiebant
1232 2710 1264 2770 et

88 2816 253 2874 iustitium
275 2813 509 2891 operabantur.
555 2811 584 2875 8.
609 2811 687 2875 Post
708 2811 907 2895 aliquantum
923 2832 999 2896 ergo
1021 2810 1173 2896 temporis
1187 2833 1261 2896 per·
1277 2836 1301 2874 a

89 2915 174 2977 suasi
205 2919 279 2978 sunt
301 2937 320 2978 a
342 2913 544 2991 mulieribus,
580 2936 659 2998 quas
689 2915 796 2979 vidisti
824 2915 964 2980 vestibus
994 2915 1095 3000 nigris
1126 2915 1262 2991 indutas,

88 3019 236 3083 humeros
259 3019 394 3083 nudatos
422 3018 575 3083 habentes
599 3023 632 3082 et
654 3018 786 3102 capillos
817 3018 937 3083 solutos
960 3023 992 3082 et
1014 3018 1118 3103 specie
1140 3017 1263 3081 formo-

89 3145 149 3187 sas.
197 3122 282 3198 Quas
305 3145 376 3188 cum
398 3123 561 3199 vidissent,
593 3124 820 3207 concupierunt
847 3145 899 3187 eas
923 3127 955 3186 et
976 3123 1079 3187 induti
1108 3127 1182 3187 sunt
1203 3143 1263 3206 po·

89 3230 205 3291 testate
220 3250 336 3305 earum,
352 3232 470 3292 vestem
488 3233 595 3306 autem
610 3249 646 3292 ac
660 3231 852 3311 potestatem
867 3226 1026 3310 virginum
1041 3226 1263 3310 deposuerunt

90 3332 120 3395 9.
144 3330 189 3395 Hi
210 3332 308 3415 igitur
330 3355 350 3395 a
372 3332 465 3398 domo
489 3332 539 3397 dei
561 3333 677 3398 abiecti
699 3331 816 3396 stillis
845 3330 954 3395 traditi
977 3334 1060 3394 sunt.
1107 3329 1169 3407 Qui
1190 3351 1264 3393 vero
1278 3356 1304 3394 aa

90 3435 302 3519 pulcritudine
324 3435 493 3502 mulierum
515 3438 650 3502 istarum
672 3458 735 3501 non
759 3439 833 3499 sunt
855 3433 945 3512 falsi,
968 3433 1001 3497 in
1024 3434 1118 3497 domo
1141 3433 1191 3496 dei
1213 3454 1263 3497 re·

90 3544 281 3604 manserunt.
329 3539 454 3618 Habes,
485 3541 604 3626 inquit,
633 3540 875 3624 explicationem
896 3536 1040 3621 lapidum
1059 3536 1263 3602 obiectorum.

181 3640 242 3710 14.
267 3644 350 3722 Quid
372 3667 459 3732 ergo,
483 3646 626 3727 inquam,
652 3644 789 3721 domine,
820 3643 847 3706 si
869 3641 925 3706 isti
946 3641 1090 3705 homines
1112 3641 1266 3705 eiusmodi

90 3749 318 3833 paenitentiam
350 3750 473 3836 egerint
495 3754 528 3814 et
551 3749 722 3815 abiecerint
753 3746 940 3830 cupiditates
963 3745 1076 3810 harum
1097 3744 1265 3808 mulierum

163 3971 195 4026 10
213 3971 309 4026 Ioann.
330 3973 352 4033 1,
372 3972 396 4025 7.
413 4002 449 4010 -
470 3973 500 4026 11
520 3968 591 4038 Eph.
610 3970 635 4032 4,
653 3969 679 4022 4.
698 3998 733 4008 -
750 3969 782 4022 21
801 3967 872 4037 Eph.
891 3969 916 4030 4,
934 3967 959 4021 4.
984 3997 1019 4005 -
1045 3966 1079 4020 22
1097 3965 1123 4018 ll
1142 3963 1204 4018 Cor.
1225 3965 1265 4028 13,

93 4059 140 4120 113
158 4057 282 4128 Philipp.
300 4059 324 4120 2,
343 4057 373 4119 2;
391 4056 415 4120 3,
437 4058 483 4119 16;
501 4058 526 4120 4,
545 4058 576 4119 2;
594 4056 673 4110 Rom.
694 4059 735 4120 12,
756 4055 794 4110 16.
814 4086 849 4096 —
867 4054 901 4109 22
919 4055 963 4109 Ps.
985 4056 1024 4116 14,
1038 4055 1066 4116 2;
1087 4053 1148 4106 Act.
1164 4049 1204 4114 10,
1217 4052 1265 4114 35;

92 4146 177 4200 Hebr.
197 4146 237 4207 ll,
256 4147 297 4200 33.

127 4343 151 4394 5.
170 4337 201 4397 ἓν
217 4338 337 4408 πνεῦμα]
356 4337 398 4390 01.
418 4355 443 4391 v.
463 4338 492 4400 7;
512 4355 534 4392 c.
555 4337 595 4401 11,
613 4339 637 4390 4.
727 4337 752 4390 8.
772 4335 813 4390 01.
834 4351 857 4388 c.
875 4335 899 4398 9,
918 4335 943 4387 5.
961 4333 993 4395 6;
1012 4333 1052 4395 15,
1071 4333 1094 4386 3.

127 4431 152 4485 6.
172 4429 214 4484 01.
235 4444 258 4481 c.
275 4427 300 4489 6,
319 4428 344 4479 4.
363 4427 388 4479 5.
727 4423 752 4476 9.
771 4443 795 4479 τ.
814 4419 893 4481 οἴκου
919 4442 943 4479 t·
967 4420 1046 4491 θεοῦ]
1075 4419 1117 4474 01.
1136 4418 1222 4472 Marc
1241 4417 1266 4481 2,

128 4516 151 4569 7.
170 4521 220 4572 δικ.
239 4510 410 4587 εἰργάζοντο]
439 4510 480 4565 01.
508 4509 566 4563 Vis.
584 4509 624 4573 ll,
642 4510 667 4572 2,
693 4510 740 4572 26;
760 4508 824 4563 Luc.
842 4511 866 4573 6,
885 4510 915 4571 4;
944 4506 1157 4568 I'l'im.3,15;
1183 4503 1267 4559 Hebr.

93 4606 121 4664 7;
140 4605 164 4666 3,
183 4604 208 4657 3.
696 4597 736 4662 10,
755 4598 803 4660 213
823 4595 836 4650 Ι
854 4597 928 4651 Petr.
946 4596 971 4659 2,
992 4597 1024 4651 17
1042 4594 1094 4648 etc.
