2834 5018
1247 346 1272 351 .—
1281 346 1329 353 n—
1342 348 1378 355 .-

458 619 575 674 MANI).
595 621 640 685 III,
663 622 695 676 18
706 654 741 662 -
755 622 814 684 XII,
833 623 857 686 2,
877 622 901 676 2.
1208 635 1268 698 511

89 801 231 865 tundere.
280 801 330 864 19.
355 799 538 877 Quomodo,
564 801 709 884 inquam,
743 801 886 878 domine,
919 801 998 867 haec
1020 804 1088 869 fieri
1111 810 1270 889 possunt?

90 905 306 989 Impossibilia
339 905 423 969 enim
445 910 580 989 utraque
602 907 663 970 ista
694 927 762 970 esse
785 906 901 971 dixisti.
949 908 1038 975 Siout
1060 909 1140 975 haec
1162 911 1268 996 igitur,

91 1011 209 1094 inquit,
244 1011 455 1095 impossibilia
477 1015 566 1088 sunt,
601 1011 647 1075 ita
670 1015 701 1074 et
724 1011 854 1094 spiritus
883 1014 1000 1078 terreni
1032 1014 1162 1079 invalidi
1196 1020 1269 1079 sunt

88 1122 121 1181 et
154 1117 280 1180 inertes.
344 1117 395 1179 20.
431 1115 527 1180 Sume
566 1138 650 1179 nunc
678 1115 826 1180 virtutem
860 1116 897 1181 de
928 1140 1052 1182 sursum
1082 1120 1266 1186 venientem.

88 1223 216 1287 Grando
239 1222 403 1286 minimum
426 1226 474 1285 est
496 1242 639 1306 granum,
665 1227 697 1286 et
720 1244 792 1286 cum
808 1222 956 1288 ceciderit
978 1245 1074 1307 super
1097 1229 1192 1308 caput
1207 1225 1293 1290 ho-s

87 1328 197 1402 minis,
232 1330 385 1411 quantum
408 1325 549 1390 dolorem
573 1326 682 1391 affert!
717 1324 785 1390 Aut
806 1327 922 1391 iterum
945 1349 1033 1391 sume
1062 1329 1266 1406 stillicidium,

90 1434 174 1517 quod
197 1455 216 1495 a
238 1431 348 1514 tegula
371 1431 455 1494 cadit
477 1432 511 1494 in
534 1436 651 1495 terram
674 1435 706 1495 et
728 1433 891 1514 pertundit
906 1433 1055 1516 lapidem.
1102 1434 1153 1498 21.
1170 1434 1267 1499 Vides

87 1538 195 1621 igitur,
220 1537 305 1619 quod
328 1558 374 1611 ea,
400 1557 480 1619 quae
504 1535 542 1598 de
566 1556 690 1598 sursum
713 1536 830 1600 cadunt
852 1537 885 1600 in
908 1542 1034 1613 terram,
1060 1538 1184 1602 etiarnsi
1205 1541 1266 1604 mi-

86 1642 172 1704 nima
195 1645 278 1716 sunt,
303 1661 452 1722 magnam
475 1638 623 1702 virtutem
646 1637 783 1703 habent:
808 1640 853 1704 sic
876 1645 908 1705 et
931 1642 1061 1725 spiritus
1085 1643 1209 1708 divinus
1229 1645 1267 1709 de

86 1767 212 1810 sursum
234 1743 361 1807 veniens
384 1746 497 1825 potens
520 1747 577 1807 est.
624 1743 708 1807 Huic
731 1765 807 1829 ergo
830 1745 956 1828 spiritui
978 1748 1078 1823 crede,
1103 1747 1142 1811 ab
1166 1748 1266 1815 altero
1281 1775 1305 1812 ro

84 1856 117 1913 to
140 1850 272 1914 abstine.

530 2048 721 2139 'nassum
743 2074 814 2138 xn.

176 2266 210 2334 l.
235 2270 323 2334 Dicit
344 2268 441 2331 mihi:
475 2267 567 2332 Tolle
590 2290 609 2331 a
631 2272 663 2331 te
686 2288 777 2330 omne
801 2268 989 2333 desiderium
1011 2271 1146 2345 malum,
1170 2272 1265 2336 indue

83 2382 115 2439 te
141 2375 328 2439 desiderium
358 2373 477 2437 bonum
500 2376 531 2435 et
563 2374 723 2447 sanctum
756 2371 885 2435 indutus
914 2373 996 2437 enim
1018 2374 1078 2439 hoc
1109 2376 1263 2441 desiderio

83 2481 157 2543 odio
179 2476 313 2543 habebis
335 2477 456 2540 malum
479 2475 669 2539 desiderium
692 2479 723 2539 et
738 2475 923 2554 refrenabis,
947 2478 1030 2543 sicut
1044 2480 1101 2543 vis.
1136 2482 1166 2544 2.
1190 2479 1261 2565 Ag·
1276 2507 1301 2544 ιο

83 2584 176 2648 restis
209 2583 292 2647 enirn
327 2586 375 2645 est
406 2581 661 2665 concupiscentia
690 2580 776 2644 mala
805 2585 836 2644 et
867 2581 996 2647 difficile
1027 2591 1261 2663 mansuetabat,

82 2711 218 2775 namque
248 2693 339 2752 atrox
369 2692 418 2751 est
446 2708 482 2750 ac
503 2686 707 2751 vehementer
738 2685 864 2750 feritate
892 2710 950 2751 sua
977 2687 1120 2754 homines
1148 2711 1262 2755 consu·

80 2795 157 2870 mit;
193 2793 362 2878 praecipue
392 2792 418 2856 si
450 2813 558 2855 servus
590 2790 640 2854 dei
668 2790 702 2854 in
731 2812 802 2855 eam
830 2791 975 2856 inciderit
1004 2815 1107 2878 neque
1135 2795 1262 2878 sapiens

82 2897 188 2975 fuerit,
213 2898 407 2962 consumitur
430 2896 468 2959 ab
493 2918 530 2959 ea
552 2895 757 2960 horribiliter.
804 2895 969 2980 Disperdit
990 2902 1095 2962 autem
1119 2920 1182 2976 eoS,
1207 2900 1261 2982 qui

80 3026 145 3067 non
168 3002 287 3068 habent
308 3002 527 3065 indumentum
550 3000 693 3064 desiderii
718 3000 810 3076 boni,
844 3001 899 3065 sed
921 3001 1067 3085 impliciti
1091 3008 1164 3067 sunt
1186 3002 1261 3067 huic
1275 3027 1300 3065 a

81 3107 216 3172 saecula.
263 3107 332 3171 Hos
354 3106 455 3190 igitur
485 3104 580 3168 morti
605 3104 712 3167 tradit.
759 3106 788 3168 3.
814 3103 916 3182 Quae,
946 3106 1093 3190 inquam,
1125 3107 1258 3183 domine,

80 3234 178 3296 opera
201 3218 276 3277 sunt
298 3209 571 3294 concupiscentiae
592 3208 703 3284 malae,
730 3230 809 3292 quae
831 3209 975 3274 homines
990 3213 1085 3275 morti
1108 3213 1259 3277 tradunt?

80 3318 272 3382 Demonstra
295 3318 383 3393 mihi,
407 3321 443 3379 ut
466 3314 642 3379 abstineam
666 3313 706 3377 ab
729 3313 777 3377 iis.
824 3312 918 3388 Audi,
942 3315 1064 3397 inquit,
1088 3316 1121 3378 in
1145 3316 1259 3399 quibus

79 3423 229 3507 operibus
252 3423 408 3506 cupiditas
432 3420 517 3484 mala
540 3439 647 3482 servos
671 3419 720 3482 dei
744 3423 846 3482 morte
869 3418 999 3483 afficiat.

167 3521 204 3590 2.
230 3526 384 3591 Omnibus
406 3527 549 3609 praestat
571 3521 728 3605 cupiditas
750 3521 892 3586 mulieris
916 3523 1038 3588 alienae
1070 3530 1125 3589 aut
1146 3525 1202 3588 viri
1226 3529 1257 3590 et
1271 3547 1297 3585 as

78 3630 332 3713 magnificentiae
357 3630 537 3694 divitiarum
560 3632 591 3690 et
608 3627 748 3691 ciborum
772 3627 972 3710 copiosorum
992 3649 1256 3713 supervacuorum

78 3742 110 3801 et
132 3741 265 3819 potuum
282 3737 478 3821 aliarumque
501 3734 684 3798 deliciarum
700 3732 871 3796 multarum
887 3737 919 3796 et
935 3732 1124 3807 stultarum
1147 3755 1256 3798 omnes

78 3841 162 3905 enim
186 3841 316 3906 deliciae
346 3841 463 3905 stultae
485 3845 559 3904 sunt
582 3842 613 3902 et
642 3838 752 3901 inanes
776 3837 873 3901 servis
904 3837 963 3902 dei.
1010 3839 1040 3902 2.
1065 3837 1135 3901 Hae
1157 3838 1257 3921 igitur

112 3974 170 4029 XII.
191 3974 291 4030 Exstat
310 3976 428 4030 dimidia
446 3976 505 4030 fere
524 3973 667 4051 Mandatif
714 3976 736 4035 1,
759 3978 779 4029 l.
811 3971 885 4029 inid.
916 3972 1051 4045 πονηράν]
1088 3972 1130 4027 cf.
1161 3975 1255 4029 Mand.

76 4079 142 4131 pars
162 4064 237 4130 apud
250 4063 494 4117 Ps.·Athanasium
513 4062 531 4115 l.
551 4079 581 4125 c.,
601 4061 651 4114 sci·
664 4058 666 4117 Ι
679 4061 751 4120 VIII,
771 4063 801 4122 ὃς
821 4060 866 4122 Ill,
886 4061 916 4122 2;
937 4060 994 4114 Col.
1014 4060 1037 4121 3,
1056 4061 1086 4111 5:
1106 4058 1257 4130 ἐπιθυμίαν

76 4149 143 4203 licet
159 4151 233 4212 1-3,
248 4152 260 4203 1
275 4150 411 4219 (exceptis
428 4149 552 4204 versibus
566 4148 582 4201 3
595 4124 770 4225 ettlxumlv.
800 4178 834 4187 —
859 4147 1103 4220 χαλιναγωγὴσεις]
1129 4148 1172 4203 of.
1200 4149 1255 4204 Iac.

77 4254 100 4288 c.
118 4236 145 4304 2)
166 4236 195 4288 in
216 4254 237 4289 c.
260 4238 305 4297 10;
325 4237 431 4297 3‚2in
451 4255 473 4291 o.
494 4235 703 4323 13;3,4.5p1,
722 4235 768 4295 26;
788 4235 812 4297 3,
832 4236 855 4287 2.
874 4235 899 4287 3.

76 4325 147 4385 eta,
168 4323 237 4378 2-s
256 4322 285 4376 in
304 4340 326 4377 c.
345 4326 435 4387 2124,
453 4325 477 4378 6.
498 4326 530 4385 7;
550 4326 603 4383 5.2
624 4328 666 4399 et!
714 4323 738 4376 2.
757 4316 876 4391 ἔνθυμα]
906 4321 947 4374 ef.
975 4320 1255 4384 sim.1x,13‚2.7.

74 4412 98 4471 6,
118 4411 179 4463 2.3
209 4409 237 4462 in
263 4425 285 4462 c.
308 4411 346 4464 12.
390 4408 548 4464 Antiochus
575 4408 707 4481 Mon.*8;
728 4407 828 4461 Matth.
847 4408 888 4470 22,
911 4411 954 4467 11;
974 4407 1052 4461 Rom.
1073 4409 1173 4469 13.14;
1193 4408 1253 4463 Gal.

76 4498 156 4552 Hom.
178 4498 212 4551 74
237 4497 283 4552 PG
303 4495 344 4559 89,
366 4497 432 4551 1650
458 4490 701 4605 ῒ-ωηεεοτίρείῐ,3,
722 4496 769 4557 27;
798 4494 857 4549 001.
876 4498 900 4558 3,
921 4496 960 4551 10.
988 4526 1022 4534 —
1049 4496 1185 4566 θάνατον]
1211 4496 1253 4551 cf.

75 4604 96 4640 c.
118 4591 130 4642 l
151 4588 181 4638 et
199 4585 280 4638 Hom.
301 4585 333 4639 77
353 4603 379 4654 p.
401 4585 467 4638 1663
486 4585 509 4646 6,
529 4584 553 4637 2.
573 4585 596 4638 3.
662 4582 733 4653 plac.
755 4588 778 4646 l,
798 4585 836 4638 15.
