<?xml version="1.0" encoding="UTF-8"?>
<!DOCTYPE html PUBLIC "-//W3C//DTD XHTML 1.0 Transitional//EN"
    "http://www.w3.org/TR/xhtml1/DTD/xhtml1-transitional.dtd">
<html xmlns="http://www.w3.org/1999/xhtml" xml:lang="en" lang="en">
 <head>
  <title>
</title>
<meta http-equiv="Content-Type" content="text/html;charset=utf-8" />
  <meta name='ocr-system' content='tesseract 3.04.00' />
  <meta name='ocr-capabilities' content='ocr_page ocr_carea ocr_par ocr_line ocrx_word'/>
</head>
<body>
  <div class='ocr_page' id='page_1' title='image "./patresapostolic00piongoog_0374.png"; bbox 0 0 2834 5018; ppageno 0'>
   <div class='ocr_carea' id='block_1_1' title="bbox 432 1554 950 1802">
    <p class='ocr_par' dir='ltr' id='par_1_1' title="bbox 432 1554 950 1802">
     <span class='ocr_line' id='line_1_1' title="bbox 432 1554 950 1630; baseline 0.002 -1"><span class='ocrx_word' id='word_1_1' title='bbox 432 1554 658 1629; x_wconf 81' lang='lat' dir='ltr'>SANCTI</span> <span class='ocrx_word' id='word_1_2' title='bbox 694 1555 950 1630; x_wconf 82' lang='lat' dir='ltr'><strong>IGNATII</strong></span> 
     </span>
     <span class='ocr_line' id='line_1_2' title="bbox 561 1734 814 1802; baseline -0.004 -2"><span class='ocrx_word' id='word_1_3' title='bbox 561 1734 814 1802; x_wconf 81' lang='lat' dir='ltr'>EPISTULAE.</span> 
     </span>
    </p>
   </div>
   <div class='ocr_carea' id='block_1_2' title="bbox 611 1953 766 1961">
    <p class='ocr_par' dir='ltr' id='par_1_2' title="bbox 611 1953 766 1961">
     <span class='ocr_line' id='line_1_3' title="bbox 611 1953 766 1961; baseline 0.006 -2"><span class='ocrx_word' id='word_1_4' title='bbox 611 1953 766 1961; x_wconf 71' lang='lat'>——-—</span> 
     </span>
    </p>
   </div>
   <div class='ocr_carea' id='block_1_3' title="bbox 509 2097 871 2154">
    <p class='ocr_par' dir='ltr' id='par_1_3' title="bbox 509 2097 871 2154">
     <span class='ocr_line' id='line_1_4' title="bbox 509 2097 871 2154; baseline 0.003 -1"><span class='ocrx_word' id='word_1_5' title='bbox 509 2097 672 2154; x_wconf 83' lang='lat' dir='ltr'>EPHESIIS</span> <span class='ocrx_word' id='word_1_6' title='bbox 690 2097 871 2154; x_wconf 81' lang='lat' dir='ltr'>IGNATIUS.</span> 
     </span>
    </p>
   </div>
   <div class='ocr_carea' id='block_1_4' title="bbox 187 2275 1304 2465">
    <p class='ocr_par' dir='ltr' id='par_1_4' title="bbox 187 2275 1304 2465">
     <span class='ocr_line' id='line_1_5' title="bbox 187 2275 1278 2361; baseline 0 -23"><span class='ocrx_word' id='word_1_7' title='bbox 187 2275 341 2359; x_wconf 83' lang='lat' dir='ltr'>ignatius,</span> <span class='ocrx_word' id='word_1_8' title='bbox 367 2276 421 2361; x_wconf 90' lang='lat' dir='ltr'>qui</span> <span class='ocrx_word' id='word_1_9' title='bbox 444 2280 475 2340; x_wconf 93' lang='lat' dir='ltr'>et</span> <span class='ocrx_word' id='word_1_10' title='bbox 498 2277 717 2361; x_wconf 88' lang='lat' dir='ltr'>Theophorus,</span> <span class='ocrx_word' id='word_1_11' title='bbox 742 2277 893 2341; x_wconf 88' lang='lat' dir='ltr'>ecclesiae</span> <span class='ocrx_word' id='word_1_12' title='bbox 915 2275 1028 2340; x_wconf 90' lang='lat' dir='ltr'>merito</span> <span class='ocrx_word' id='word_1_13' title='bbox 1049 2275 1170 2351; x_wconf 90' lang='lat' dir='ltr'>beatae,</span> <span class='ocrx_word' id='word_1_14' title='bbox 1196 2294 1278 2357; x_wconf 85' lang='lat' dir='ltr'>quac</span> 
     </span>
     <span class='ocr_line' id='line_1_6' title="bbox 232 2378 1304 2465; baseline -0.002 -21"><span class='ocrx_word' id='word_1_15' title='bbox 232 2386 280 2445; x_wconf 87' lang='lat' dir='ltr'>est</span> <span class='ocrx_word' id='word_1_16' title='bbox 302 2380 423 2465; x_wconf 84' lang='lat' dir='ltr'>Ephesi</span> <span class='ocrx_word' id='word_1_17' title='bbox 455 2383 487 2447; x_wconf 92' lang='lat' dir='ltr'>in</span> <span class='ocrx_word' id='word_1_18' title='bbox 520 2381 600 2447; x_wconf 84' lang='lat' dir='ltr'>Asia</span> <span class='ocrx_word' id='word_1_19' title='bbox 624 2417 663 2426; x_wconf 90' lang='lat'>-</span> <span class='ocrx_word' id='word_1_20' title='bbox 687 2381 872 2447; x_wconf 82' lang='lat' dir='ltr'>benedictae</span> <span class='ocrx_word' id='word_1_21' title='bbox 903 2380 954 2444; x_wconf 90' lang='lat' dir='ltr'>dei</span> <span class='ocrx_word' id='word_1_22' title='bbox 984 2379 1084 2463; x_wconf 90' lang='lat' dir='ltr'>patris</span> <span class='ocrx_word' id='word_1_23' title='bbox 1114 2378 1304 2462; x_wconf 69' lang='lat' dir='ltr'>magada-⁶</span> 
     </span>
    </p>
   </div>
   <div class='ocr_carea' id='block_1_5' title="bbox 186 2482 1317 3094">
    <p class='ocr_par' dir='ltr' id='par_1_5' title="bbox 186 2482 1317 3094">
     <span class='ocr_line' id='line_1_7' title="bbox 233 2482 1280 2571; baseline -0.002 -21"><span class='ocrx_word' id='word_1_24' title='bbox 233 2486 304 2550; x_wconf 90' lang='lat' dir='ltr'>dine</span> <span class='ocrx_word' id='word_1_25' title='bbox 335 2509 405 2551; x_wconf 86' lang='lat' dir='ltr'>cum</span> <span class='ocrx_word' id='word_1_26' title='bbox 438 2487 652 2571; x_wconf 81' lang='lat' dir='ltr'>plenitudine,</span> <span class='ocrx_word' id='word_1_27' title='bbox 683 2485 939 2570; x_wconf 78' lang='lat' dir='ltr'>praedestinatae</span> <span class='ocrx_word' id='word_1_28' title='bbox 971 2489 1045 2548; x_wconf 92' lang='lat' dir='ltr'>aute</span> <span class='ocrx_word' id='word_1_29' title='bbox 1068 2482 1211 2560; x_wconf 86' lang='lat' dir='ltr'>saecula,</span> <span class='ocrx_word' id='word_1_30' title='bbox 1242 2486 1280 2548; x_wconf 89' lang='lat' dir='ltr'>ut</span> 
     </span>
     <span class='ocr_line' id='line_1_8' title="bbox 231 2589 1280 2675; baseline -0.003 -19"><span class='ocrx_word' id='word_1_31' title='bbox 231 2592 264 2656; x_wconf 90' lang='lat' dir='ltr'>in</span> <span class='ocrx_word' id='word_1_32' title='bbox 293 2596 531 2675; x_wconf 87' lang='lat' dir='ltr'>permanentem</span> <span class='ocrx_word' id='word_1_33' title='bbox 560 2596 592 2656; x_wconf 88' lang='lat' dir='ltr'>et</span> <span class='ocrx_word' id='word_1_34' title='bbox 623 2589 852 2656; x_wconf 88' lang='lat' dir='ltr'>immutabilem</span> <span class='ocrx_word' id='word_1_35' title='bbox 885 2589 1021 2674; x_wconf 82' lang='lat' dir='ltr'>gloriam</span> <span class='ocrx_word' id='word_1_36' title='bbox 1051 2609 1175 2672; x_wconf 83' lang='lat' dir='ltr'>semper</span> <span class='ocrx_word' id='word_1_37' title='bbox 1197 2591 1280 2653; x_wconf 90' lang='lat' dir='ltr'>esset</span> 
     </span>
     <span class='ocr_line' id='line_1_9' title="bbox 229 2692 1279 2781; baseline -0.001 -23"><span class='ocrx_word' id='word_1_38' title='bbox 229 2696 319 2759; x_wconf 92' lang='lat' dir='ltr'>unita</span> <span class='ocrx_word' id='word_1_39' title='bbox 349 2700 381 2760; x_wconf 92' lang='lat' dir='ltr'>et</span> <span class='ocrx_word' id='word_1_40' title='bbox 410 2718 485 2760; x_wconf 87' lang='lat' dir='ltr'>vera</span> <span class='ocrx_word' id='word_1_41' title='bbox 515 2697 681 2781; x_wconf 81' lang='lat' dir='ltr'>passione,</span> <span class='ocrx_word' id='word_1_42' title='bbox 715 2718 772 2780; x_wconf 88' lang='lat' dir='ltr'>par</span> <span class='ocrx_word' id='word_1_43' title='bbox 794 2695 992 2760; x_wconf 83' lang='lat' dir='ltr'>voluntatem</span> <span class='ocrx_word' id='word_1_44' title='bbox 1022 2693 1122 2776; x_wconf 89' lang='lat' dir='ltr'>patris</span> <span class='ocrx_word' id='word_1_45' title='bbox 1153 2697 1185 2757; x_wconf 91' lang='lat' dir='ltr'>et</span> <span class='ocrx_word' id='word_1_46' title='bbox 1207 2692 1279 2757; x_wconf 88' lang='lat' dir='ltr'>lesu</span> 
     </span>
     <span class='ocr_line' id='line_1_10' title="bbox 231 2794 1279 2884; baseline -0.004 -20"><span class='ocrx_word' id='word_1_47' title='bbox 231 2798 364 2878; x_wconf 76' lang='lat' dir='ltr'>Christi,</span> <span class='ocrx_word' id='word_1_48' title='bbox 398 2801 449 2866; x_wconf 91' lang='lat' dir='ltr'>dei</span> <span class='ocrx_word' id='word_1_49' title='bbox 471 2800 586 2878; x_wconf 89' lang='lat' dir='ltr'>nostri,</span> <span class='ocrx_word' id='word_1_50' title='bbox 619 2801 721 2865; x_wconf 90' lang='lat' dir='ltr'>electa</span> <span class='ocrx_word' id='word_1_51' title='bbox 744 2836 784 2845; x_wconf 89' lang='lat'><em>—</em></span> <span class='ocrx_word' id='word_1_52' title='bbox 807 2799 979 2884; x_wconf 87' lang='lat' dir='ltr'>plurimam</span> <span class='ocrx_word' id='word_1_53' title='bbox 1000 2798 1034 2861; x_wconf 91' lang='lat' dir='ltr'>in</span> <span class='ocrx_word' id='word_1_54' title='bbox 1056 2796 1129 2861; x_wconf 89' lang='lat' dir='ltr'>Iesu</span> <span class='ocrx_word' id='word_1_55' title='bbox 1152 2794 1279 2861; x_wconf 80' lang='lat' dir='ltr'>Christo</span> 
     </span>
     <span class='ocr_line' id='line_1_11' title="bbox 230 2906 1317 2992; baseline 0 -23"><span class='ocrx_word' id='word_1_56' title='bbox 230 2906 316 2969; x_wconf 92' lang='lat' dir='ltr'>etin</span> <span class='ocrx_word' id='word_1_57' title='bbox 341 2907 457 2992; x_wconf 83' lang='lat' dir='ltr'>gaudio</span> <span class='ocrx_word' id='word_1_58' title='bbox 480 2907 622 2992; x_wconf 85' lang='lat' dir='ltr'>perlecto</span> <span class='ocrx_word' id='word_1_59' title='bbox 646 2907 791 2971; x_wconf 87' lang='lat' dir='ltr'>salutem.</span> <span class='ocrx_word' id='word_1_60' title='bbox 1292 2922 1317 2958; x_wconf 86' lang='lat'>1⁰</span> 
     </span>
     <span class='ocr_line' id='line_1_12' title="bbox 186 3005 1278 3094; baseline -0.003 -22"><span class='ocrx_word' id='word_1_61' title='bbox 186 3008 210 3072; x_wconf 95' lang='lat' dir='ltr'>I.</span> <span class='ocrx_word' id='word_1_62' title='bbox 236 3008 366 3094; x_wconf 86' lang='lat' dir='ltr'>Suscepi</span> <span class='ocrx_word' id='word_1_63' title='bbox 388 3016 479 3075; x_wconf 90' lang='lat' dir='ltr'>tuum</span> <span class='ocrx_word' id='word_1_64' title='bbox 501 3012 535 3076; x_wconf 93' lang='lat' dir='ltr'>in</span> <span class='ocrx_word' id='word_1_65' title='bbox 559 3012 616 3075; x_wconf 91' lang='lat' dir='ltr'>deo</span> <span class='ocrx_word' id='word_1_66' title='bbox 639 3010 731 3075; x_wconf 82' lang='lat' dir='ltr'>valde</span> <span class='ocrx_word' id='word_1_67' title='bbox 754 3010 904 3074; x_wconf 87' lang='lat' dir='ltr'>dilectum</span> <span class='ocrx_word' id='word_1_68' title='bbox 926 3029 1054 3085; x_wconf 88' lang='lat' dir='ltr'>nomen,</span> <span class='ocrx_word' id='word_1_69' title='bbox 1080 3007 1165 3091; x_wconf 92' lang='lat' dir='ltr'>quod</span> <span class='ocrx_word' id='word_1_70' title='bbox 1187 3005 1278 3070; x_wconf 84' lang='lat' dir='ltr'>vobis</span> 
     </span>
    </p>
   </div>
   <div class='ocr_carea' id='block_1_6' title="bbox 95 3142 1278 4696">
    <p class='ocr_par' dir='ltr' id='par_1_6' title="bbox 95 3142 1278 4696">
     <span class='ocr_line' id='line_1_13' title="bbox 98 3142 1278 3220; baseline -0.003 -22"><span class='ocrx_word' id='word_1_71' title='bbox 98 3148 198 3199; x_wconf 88' lang='lat' dir='ltr'>auctor</span> <span class='ocrx_word' id='word_1_72' title='bbox 216 3144 270 3198; x_wconf 89' lang='lat' dir='ltr'>sibi</span> <span class='ocrx_word' id='word_1_73' title='bbox 287 3145 428 3209; x_wconf 85' lang='lat' dir='ltr'>vindicat,</span> <span class='ocrx_word' id='word_1_74' title='bbox 455 3148 504 3201; x_wconf 89' lang='lat' dir='ltr'>sed</span> <span class='ocrx_word' id='word_1_75' title='bbox 522 3147 617 3216; x_wconf 87' lang='lat' dir='ltr'>potius</span> <span class='ocrx_word' id='word_1_76' title='bbox 635 3148 691 3220; x_wconf 68' lang='lat' dir='ltr'>nig</span> <span class='ocrx_word' id='word_1_77' title='bbox 737 3146 757 3213; x_wconf 91' lang='lat' dir='ltr'>I,</span> <span class='ocrx_word' id='word_1_78' title='bbox 778 3148 800 3201; x_wconf 95' lang='lat' dir='ltr'>l.</span> <span class='ocrx_word' id='word_1_79' title='bbox 820 3148 937 3200; x_wconf 86' lang='lat' dir='ltr'>Severus</span> <span class='ocrx_word' id='word_1_80' title='bbox 956 3143 1087 3199; x_wconf 85' lang='lat' dir='ltr'>Antioeh.</span> <span class='ocrx_word' id='word_1_81' title='bbox 1107 3142 1183 3213; x_wconf 89' lang='lat' dir='ltr'>apud</span> <span class='ocrx_word' id='word_1_82' title='bbox 1196 3143 1278 3196; x_wconf 87' lang='lat' dir='ltr'>Gare-</span> 
     </span>
     <span class='ocr_line' id='line_1_14' title="bbox 98 3229 1278 3304; baseline 0.001 -21"><span class='ocrx_word' id='word_1_83' title='bbox 98 3229 138 3283; x_wconf 92' lang='lat' dir='ltr'>hil</span> <span class='ocrx_word' id='word_1_84' title='bbox 157 3231 213 3284; x_wconf 90' lang='lat' dir='ltr'>nisi</span> <span class='ocrx_word' id='word_1_85' title='bbox 231 3233 493 3302; x_wconf 88' lang='lat' dir='ltr'>uomenproprium</span> <span class='ocrx_word' id='word_1_86' title='bbox 512 3236 555 3287; x_wconf 89' lang='lat' dir='ltr'>est</span> <span class='ocrx_word' id='word_1_87' title='bbox 573 3236 674 3301; x_wconf 87' lang='lat' dir='ltr'>etqui·</span> <span class='ocrx_word' id='word_1_88' title='bbox 701 3239 768 3297; x_wconf 91' lang='lat' dir='ltr'>ton,</span> <span class='ocrx_word' id='word_1_89' title='bbox 797 3235 904 3304; x_wconf 84' lang='lat' dir='ltr'>Corpus</span> <span class='ocrx_word' id='word_1_90' title='bbox 929 3233 1021 3303; x_wconf 79' lang='lat' dir='ltr'>lgnat</span> <span class='ocrx_word' id='word_1_91' title='bbox 1041 3231 1104 3293; x_wconf 82' lang='lat'>213,</span> <span class='ocrx_word' id='word_1_92' title='bbox 1124 3229 1190 3291; x_wconf 80' lang='lat'>245;</span> <span class='ocrx_word' id='word_1_93' title='bbox 1218 3229 1278 3291; x_wconf 80' lang='lat'>217,</span> 
     </span>
     <span class='ocr_line' id='line_1_15' title="bbox 97 3315 1278 3394; baseline 0.002 -24"><span class='ocrx_word' id='word_1_94' title='bbox 97 3317 162 3370; x_wconf 89' lang='lat' dir='ltr'>dem</span> <span class='ocrx_word' id='word_1_95' title='bbox 174 3335 313 3387; x_wconf 76' lang='lat' dir='ltr'>graecum,</span> <span class='ocrx_word' id='word_1_96' title='bbox 333 3321 410 3386; x_wconf 92' lang='lat' dir='ltr'>quod</span> <span class='ocrx_word' id='word_1_97' title='bbox 422 3321 549 3391; x_wconf 85' lang='lat' dir='ltr'>Ignatius</span> <span class='ocrx_word' id='word_1_98' title='bbox 562 3324 676 3391; x_wconf 90' lang='lat' dir='ltr'>praeter</span> <span class='ocrx_word' id='word_1_99' title='bbox 702 3322 753 3377; x_wconf 79' lang='lat'>248</span> <span class='ocrx_word' id='word_1_100' title='bbox 771 3320 1049 3394; x_wconf 71' lang='grc' dir='ltr'>(ἀναζωπυρήσαντες</span> <span class='ocrx_word' id='word_1_101' title='bbox 1059 3320 1137 3387; x_wconf 84' lang='grc' dir='ltr'><strong><em>κτλ).</em></strong></span> <span class='ocrx_word' id='word_1_102' title='bbox 1158 3348 1190 3356; x_wconf 94' lang='grc'><strong>-</strong></span> <span class='ocrx_word' id='word_1_103' title='bbox 1211 3315 1278 3373; x_wconf 78' lang='grc' dir='ltr'><em>ἀπο-</em></span> 
     </span>
     <span class='ocr_line' id='line_1_16' title="bbox 98 3403 1276 3479; baseline 0 -23"><span class='ocrx_word' id='word_1_104' title='bbox 98 3403 219 3458; x_wconf 89' lang='lat' dir='ltr'>latinum</span> <span class='ocrx_word' id='word_1_105' title='bbox 238 3415 287 3462; x_wconf 85' lang='grc' dir='ltr'>τοῦ</span> <span class='ocrx_word' id='word_1_106' title='bbox 304 3409 444 3479; x_wconf 80' lang='grc' dir='ltr'><strong><em>Ἰγνατίου</em></strong></span> <span class='ocrx_word' id='word_1_107' title='bbox 463 3409 603 3477; x_wconf 79' lang='lat' dir='ltr'>gestabat.</span> <span class='ocrx_word' id='word_1_108' title='bbox 632 3408 673 3463; x_wconf 84' lang='lat' dir='ltr'>Cf.</span> <span class='ocrx_word' id='word_1_109' title='bbox 702 3409 852 3478; x_wconf 79' lang='grc' dir='ltr'><strong><em>δεξάμενος</em></strong></span> <span class='ocrx_word' id='word_1_110' title='bbox 869 3407 939 3477; x_wconf 85' lang='grc' dir='ltr'><strong><em>κτλ]</em></strong></span> <span class='ocrx_word' id='word_1_111' title='bbox 959 3405 1087 3476; x_wconf 79' lang='lat' dir='ltr'>Ignatius</span> <span class='ocrx_word' id='word_1_112' title='bbox 1108 3405 1203 3458; x_wconf 90' lang='lat' dir='ltr'>indole</span> <span class='ocrx_word' id='word_1_113' title='bbox 1222 3404 1276 3456; x_wconf 89' lang='lat' dir='ltr'>sin·</span> 
     </span>
     <span class='ocr_line' id='line_1_17' title="bbox 97 3490 1278 3567; baseline -0.001 -23"><span class='ocrx_word' id='word_1_114' title='bbox 97 3491 254 3562; x_wconf 81' lang='lat' dir='ltr'>Prolegom.</span> <span class='ocrx_word' id='word_1_115' title='bbox 275 3509 297 3546; x_wconf 89' lang='lat' dir='ltr'>c.</span> <span class='ocrx_word' id='word_1_116' title='bbox 318 3494 342 3546; x_wconf 81' lang='lat'>4.</span> <span class='ocrx_word' id='word_1_117' title='bbox 361 3524 396 3532; x_wconf 91' lang='lat'>—</span> <span class='ocrx_word' id='word_1_118' title='bbox 414 3492 585 3567; x_wconf 73' lang='grc' dir='ltr'><em>εὐλογημένη</em></span> <span class='ocrx_word' id='word_1_119' title='bbox 602 3496 672 3566; x_wconf 85' lang='grc' dir='ltr'><strong><em>κτλ]</em></strong></span> <span class='ocrx_word' id='word_1_120' title='bbox 702 3495 794 3566; x_wconf 79' lang='lat' dir='ltr'>gulari</span> <span class='ocrx_word' id='word_1_121' title='bbox 824 3493 969 3564; x_wconf 87' lang='lat' dir='ltr'>praeditus</span> <span class='ocrx_word' id='word_1_122' title='bbox 997 3494 1026 3546; x_wconf 91' lang='lat' dir='ltr'>et</span> <span class='ocrx_word' id='word_1_123' title='bbox 1052 3493 1082 3544; x_wconf 91' lang='lat' dir='ltr'>iu</span> <span class='ocrx_word' id='word_1_124' title='bbox 1112 3490 1278 3544; x_wconf 89' lang='lat' dir='ltr'>condicione</span> 
     </span>
     <span class='ocr_line' id='line_1_18' title="bbox 99 3577 1277 3657; baseline -0.002 -24"><span class='ocrx_word' id='word_1_125' title='bbox 99 3579 143 3633; x_wconf 84' lang='lat' dir='ltr'>Cf.</span> <span class='ocrx_word' id='word_1_126' title='bbox 162 3579 239 3632; x_wconf 89' lang='lat' dir='ltr'>Paul.</span> <span class='ocrx_word' id='word_1_127' title='bbox 259 3579 329 3649; x_wconf 84' lang='lat' dir='ltr'>Eph.</span> <span class='ocrx_word' id='word_1_128' title='bbox 342 3582 392 3644; x_wconf 88' lang='lat'>1,3</span> <span class='ocrx_word' id='word_1_129' title='bbox 407 3598 467 3648; x_wconf 86' lang='lat' dir='ltr'>sqq.</span> <span class='ocrx_word' id='word_1_130' title='bbox 487 3612 521 3621; x_wconf 95' lang='lat'><em>-</em></span> <span class='ocrx_word' id='word_1_131' title='bbox 540 3581 673 3657; x_wconf 77' lang='grc' dir='ltr'><strong><em>ἀληθινῷ]</em></strong></span> <span class='ocrx_word' id='word_1_132' title='bbox 702 3581 841 3651; x_wconf 79' lang='lat' dir='ltr'>singulari</span> <span class='ocrx_word' id='word_1_133' title='bbox 876 3597 991 3635; x_wconf 87' lang='lat' dir='ltr'>versans</span> <span class='ocrx_word' id='word_1_134' title='bbox 1028 3577 1165 3648; x_wconf 83' lang='lat' dir='ltr'>singulari</span> <span class='ocrx_word' id='word_1_135' title='bbox 1195 3577 1277 3631; x_wconf 90' lang='lat' dir='ltr'>modo</span> 
     </span>
     <span class='ocr_line' id='line_1_19' title="bbox 98 3663 1276 3744; baseline 0.001 -26"><span class='ocrx_word' id='word_1_136' title='bbox 98 3665 222 3719; x_wconf 86' lang='lat' dir='ltr'>Docetas</span> <span class='ocrx_word' id='word_1_137' title='bbox 243 3667 367 3735; x_wconf 84' lang='lat' dir='ltr'>respicit.</span> <span class='ocrx_word' id='word_1_138' title='bbox 386 3698 421 3706; x_wconf 92' lang='lat'>-</span> <span class='ocrx_word' id='word_1_139' title='bbox 439 3667 673 3744; x_wconf 76' lang='grc' dir='ltr'><strong><em>ἀξιομακαρίστῳ]</em></strong></span> <span class='ocrx_word' id='word_1_140' title='bbox 702 3669 808 3723; x_wconf 84' lang='lat' dir='ltr'>scribit.</span> <span class='ocrx_word' id='word_1_141' title='bbox 829 3667 1013 3730; x_wconf 84' lang='lat' dir='ltr'>Sententiam,</span> <span class='ocrx_word' id='word_1_142' title='bbox 1027 3682 1112 3733; x_wconf 88' lang='lat' dir='ltr'>quam</span> <span class='ocrx_word' id='word_1_143' title='bbox 1124 3663 1276 3734; x_wconf 87' lang='lat' dir='ltr'>participio</span> 
     </span>
     <span class='ocr_line' id='line_1_20' title="bbox 96 3751 1277 3825; baseline -0.001 -19"><span class='ocrx_word' id='word_1_144' title='bbox 96 3752 255 3807; x_wconf 89' lang='lat' dir='ltr'>Verborum</span> <span class='ocrx_word' id='word_1_145' title='bbox 265 3754 433 3823; x_wconf 89' lang='lat' dir='ltr'>compositio</span> <span class='ocrx_word' id='word_1_146' title='bbox 443 3755 521 3823; x_wconf 89' lang='lat' dir='ltr'>apud</span> <span class='ocrx_word' id='word_1_147' title='bbox 530 3755 673 3825; x_wconf 79' lang='lat' dir='ltr'>Ignatium</span> <span class='ocrx_word' id='word_1_148' title='bbox 702 3756 810 3825; x_wconf 85' lang='lat' dir='ltr'>incipit,</span> <span class='ocrx_word' id='word_1_149' title='bbox 823 3755 951 3825; x_wconf 90' lang='lat' dir='ltr'>protinus</span> <span class='ocrx_word' id='word_1_150' title='bbox 970 3752 1089 3807; x_wconf 86' lang='lat' dir='ltr'>lectores</span> <span class='ocrx_word' id='word_1_151' title='bbox 1101 3751 1219 3806; x_wconf 90' lang='lat' dir='ltr'>laudans</span> <span class='ocrx_word' id='word_1_152' title='bbox 1232 3752 1277 3805; x_wconf 83' lang='lat' dir='ltr'>de-</span> 
     </span>
     <span class='ocr_line' id='line_1_21' title="bbox 98 3834 1278 3906; baseline 0 -14"><span class='ocrx_word' id='word_1_153' title='bbox 98 3839 291 3893; x_wconf 89' lang='lat' dir='ltr'>nsitatissima.</span> <span class='ocrx_word' id='word_1_154' title='bbox 328 3842 445 3897; x_wconf 84' lang='lat' dir='ltr'>Praeter</span> <span class='ocrx_word' id='word_1_155' title='bbox 471 3842 545 3896; x_wconf 87' lang='lat' dir='ltr'>hauc</span> <span class='ocrx_word' id='word_1_156' title='bbox 576 3858 674 3897; x_wconf 84' lang='lat' dir='ltr'>vocem</span> <span class='ocrx_word' id='word_1_157' title='bbox 702 3843 777 3906; x_wconf 86' lang='lat' dir='ltr'>sen&#39;t,</span> <span class='ocrx_word' id='word_1_158' title='bbox 796 3859 821 3894; x_wconf 88' lang='lat' dir='ltr'>v.</span> <span class='ocrx_word' id='word_1_159' title='bbox 842 3842 858 3895; x_wconf 82' lang='lat'><strong>3</strong></span> <span class='ocrx_word' id='word_1_160' title='bbox 877 3840 970 3895; x_wconf 87' lang='lat' dir='ltr'>verbis</span> <span class='ocrx_word' id='word_1_161' title='bbox 996 3838 1055 3896; x_wconf 79' lang='grc' dir='ltr'>ἐπεὶ</span> <span class='ocrx_word' id='word_1_162' title='bbox 1074 3834 1124 3895; x_wconf 79' lang='grc' dir='ltr'>οὖν</span> <span class='ocrx_word' id='word_1_163' title='bbox 1140 3844 1199 3895; x_wconf 85' lang='grc' dir='ltr'><strong><em>κτλ.</em></strong></span> <span class='ocrx_word' id='word_1_164' title='bbox 1218 3838 1278 3905; x_wconf 90' lang='lat' dir='ltr'>qui·</span> 
     </span>
     <span class='ocr_line' id='line_1_22' title="bbox 96 3924 1278 3996; baseline -0.003 -15"><span class='ocrx_word' id='word_1_165' title='bbox 96 3931 141 3981; x_wconf 88' lang='lat' dir='ltr'>ter</span> <span class='ocrx_word' id='word_1_166' title='bbox 167 3927 319 3996; x_wconf 89' lang='lat' dir='ltr'>repetitam</span> <span class='ocrx_word' id='word_1_167' title='bbox 338 3929 391 3994; x_wconf 83' lang='lat'>(12,</span> <span class='ocrx_word' id='word_1_168' title='bbox 411 3930 441 3991; x_wconf 82' lang='lat'>2;</span> <span class='ocrx_word' id='word_1_169' title='bbox 469 3930 548 3984; x_wconf 76' lang='lat' dir='ltr'>ltom.</span> <span class='ocrx_word' id='word_1_170' title='bbox 576 3929 674 3992; x_wconf 90' lang='lat' dir='ltr'>iuscr.;</span> <span class='ocrx_word' id='word_1_171' title='bbox 703 3929 766 3983; x_wconf 89' lang='lat' dir='ltr'>dem</span> <span class='ocrx_word' id='word_1_172' title='bbox 785 3930 916 3991; x_wconf 88' lang='lat' dir='ltr'>resumit,</span> <span class='ocrx_word' id='word_1_173' title='bbox 935 3927 1049 3981; x_wconf 88' lang='lat' dir='ltr'>laudem</span> <span class='ocrx_word' id='word_1_174' title='bbox 1066 3942 1132 3979; x_wconf 82' lang='lat' dir='ltr'>vero</span> <span class='ocrx_word' id='word_1_175' title='bbox 1152 3924 1278 3979; x_wconf 90' lang='lat' dir='ltr'>Onesimi</span> 
     </span>
     <span class='ocr_line' id='line_1_23' title="bbox 99 4012 1275 4086; baseline 0.001 -21"><span class='ocrx_word' id='word_1_176' title='bbox 99 4015 138 4076; x_wconf 82' lang='lat'>10,</span> <span class='ocrx_word' id='word_1_177' title='bbox 162 4014 187 4083; x_wconf 87' lang='lat' dir='ltr'>l)</span> <span class='ocrx_word' id='word_1_178' title='bbox 206 4032 225 4066; x_wconf 91' lang='lat' dir='ltr'>s.</span> <span class='ocrx_word' id='word_1_179' title='bbox 244 4017 357 4084; x_wconf 87' lang='lat' dir='ltr'>martyr.</span> <span class='ocrx_word' id='word_1_180' title='bbox 387 4016 504 4071; x_wconf 83' lang='lat' dir='ltr'>adhibet</span> <span class='ocrx_word' id='word_1_181' title='bbox 528 4015 673 4086; x_wconf 77' lang='grc' dir='ltr'><strong><em>ἀξιονόμα-</em></strong></span> <span class='ocrx_word' id='word_1_182' title='bbox 702 4016 828 4085; x_wconf 85' lang='lat' dir='ltr'>episcopi</span> <span class='ocrx_word' id='word_1_183' title='bbox 847 4014 1034 4085; x_wconf 83' lang='lat' dir='ltr'>Ephesiorum</span> <span class='ocrx_word' id='word_1_184' title='bbox 1052 4013 1169 4080; x_wconf 88' lang='lat' dir='ltr'>eiusque</span> <span class='ocrx_word' id='word_1_185' title='bbox 1188 4012 1275 4067; x_wconf 89' lang='lat' dir='ltr'>socio·</span> 
     </span>
     <span class='ocr_line' id='line_1_24' title="bbox 96 4100 1276 4173; baseline -0.003 -14"><span class='ocrx_word' id='word_1_186' title='bbox 96 4121 165 4169; x_wconf 84' lang='grc' dir='ltr'><em>στος</em></span> <span class='ocrx_word' id='word_1_187' title='bbox 176 4104 212 4172; x_wconf 80' lang='grc'>(4,</span> <span class='ocrx_word' id='word_1_188' title='bbox 228 4104 261 4171; x_wconf 90' lang='lat' dir='ltr'>l),</span> <span class='ocrx_word' id='word_1_189' title='bbox 274 4102 405 4172; x_wconf 78' lang='grc' dir='ltr'>ἀξιόθεος</span> <span class='ocrx_word' id='word_1_190' title='bbox 417 4104 524 4173; x_wconf 78' lang='lat' dir='ltr'>(Magn.</span> <span class='ocrx_word' id='word_1_191' title='bbox 538 4104 568 4164; x_wconf 82' lang='grc'>2;</span> <span class='ocrx_word' id='word_1_192' title='bbox 588 4103 673 4157; x_wconf 84' lang='lat' dir='ltr'>Trall.</span> <span class='ocrx_word' id='word_1_193' title='bbox 701 4122 763 4157; x_wconf 92' lang='lat' dir='ltr'>rum</span> <span class='ocrx_word' id='word_1_194' title='bbox 788 4119 892 4157; x_wconf 88' lang='lat' dir='ltr'>canens</span> <span class='ocrx_word' id='word_1_195' title='bbox 917 4101 1008 4155; x_wconf 89' lang='lat' dir='ltr'>denuo</span> <span class='ocrx_word' id='word_1_196' title='bbox 1037 4100 1172 4167; x_wconf 87' lang='lat' dir='ltr'>relinquit</span> <span class='ocrx_word' id='word_1_197' title='bbox 1190 4104 1276 4168; x_wconf 87' lang='lat' dir='ltr'>atque</span> 
     </span>
     <span class='ocr_line' id='line_1_25' title="bbox 96 4187 1276 4258; baseline 0 -18"><span class='ocrx_word' id='word_1_198' title='bbox 96 4188 194 4251; x_wconf 85' lang='lat' dir='ltr'>iuscr.;</span> <span class='ocrx_word' id='word_1_199' title='bbox 214 4189 403 4252; x_wconf 78' lang='lat' dir='ltr'>Bounimon,</span> <span class='ocrx_word' id='word_1_200' title='bbox 424 4191 494 4258; x_wconf 89' lang='lat'>1,1),</span> <span class='ocrx_word' id='word_1_201' title='bbox 514 4189 675 4258; x_wconf 80' lang='grc' dir='ltr'><strong><em>ἀξιόπιστος</em></strong></span> <span class='ocrx_word' id='word_1_202' title='bbox 702 4190 815 4245; x_wconf 91' lang='lat' dir='ltr'>demum</span> <span class='ocrx_word' id='word_1_203' title='bbox 829 4191 883 4253; x_wconf 81' lang='grc'>3,2</span> <span class='ocrx_word' id='word_1_204' title='bbox 901 4190 937 4242; x_wconf 90' lang='lat' dir='ltr'>ad</span> <span class='ocrx_word' id='word_1_205' title='bbox 957 4204 1019 4242; x_wconf 88' lang='lat' dir='ltr'>eam</span> <span class='ocrx_word' id='word_1_206' title='bbox 1036 4188 1141 4242; x_wconf 80' lang='lat' dir='ltr'>reverti</span> <span class='ocrx_word' id='word_1_207' title='bbox 1158 4187 1276 4241; x_wconf 87' lang='lat' dir='ltr'>videtur.</span> 
     </span>
     <span class='ocr_line' id='line_1_26' title="bbox 96 4273 1276 4351; baseline -0.003 -21"><span class='ocrx_word' id='word_1_208' title='bbox 96 4276 219 4346; x_wconf 88' lang='lat' dir='ltr'>(Philad.</span> <span class='ocrx_word' id='word_1_209' title='bbox 239 4278 263 4337; x_wconf 82' lang='lat'>2,</span> <span class='ocrx_word' id='word_1_210' title='bbox 283 4276 314 4337; x_wconf 80' lang='lat'>2;</span> <span class='ocrx_word' id='word_1_211' title='bbox 342 4276 435 4344; x_wconf 89' lang='lat' dir='ltr'>Polyc.</span> <span class='ocrx_word' id='word_1_212' title='bbox 455 4276 480 4340; x_wconf 85' lang='lat'>3,</span> <span class='ocrx_word' id='word_1_213' title='bbox 495 4277 528 4346; x_wconf 86' lang='lat' dir='ltr'>l),</span> <span class='ocrx_word' id='word_1_214' title='bbox 547 4276 675 4351; x_wconf 77' lang='grc' dir='ltr'>ἀξιοπρε-</span> <span class='ocrx_word' id='word_1_215' title='bbox 701 4276 838 4332; x_wconf 88' lang='lat' dir='ltr'>Similiter</span> <span class='ocrx_word' id='word_1_216' title='bbox 857 4276 951 4345; x_wconf 79' lang='lat' dir='ltr'>Magn.</span> <span class='ocrx_word' id='word_1_217' title='bbox 969 4277 993 4329; x_wconf 85' lang='lat'>2.</span> <span class='ocrx_word' id='word_1_218' title='bbox 1013 4276 1044 4337; x_wconf 83' lang='lat'>5;</span> <span class='ocrx_word' id='word_1_219' title='bbox 1062 4274 1140 4329; x_wconf 83' lang='lat' dir='ltr'>Rom</span> <span class='ocrx_word' id='word_1_220' title='bbox 1162 4276 1192 4336; x_wconf 89' lang='lat'>1;</span> <span class='ocrx_word' id='word_1_221' title='bbox 1211 4273 1276 4327; x_wconf 91' lang='lat' dir='ltr'>Phi·</span> 
     </span>
     <span class='ocr_line' id='line_1_27' title="bbox 95 4358 1275 4434; baseline -0.003 -15"><span class='ocrx_word' id='word_1_222' title='bbox 95 4368 149 4434; x_wconf 68' lang='grc' dir='ltr'>πῆς</span> <span class='ocrx_word' id='word_1_223' title='bbox 168 4364 276 4432; x_wconf 80' lang='lat' dir='ltr'>(Magn.</span> <span class='ocrx_word' id='word_1_224' title='bbox 298 4365 337 4425; x_wconf 86' lang='lat'>13,</span> <span class='ocrx_word' id='word_1_225' title='bbox 359 4366 387 4426; x_wconf 91' lang='lat' dir='ltr'>l;</span> <span class='ocrx_word' id='word_1_226' title='bbox 409 4362 487 4417; x_wconf 82' lang='lat' dir='ltr'>Rom.</span> <span class='ocrx_word' id='word_1_227' title='bbox 506 4364 601 4433; x_wconf 87' lang='lat' dir='ltr'>inser.)</span> <span class='ocrx_word' id='word_1_228' title='bbox 620 4369 673 4420; x_wconf 89' lang='lat' dir='ltr'>etc.</span> <span class='ocrx_word' id='word_1_229' title='bbox 700 4363 756 4418; x_wconf 91' lang='lat' dir='ltr'>lad.</span> <span class='ocrx_word' id='word_1_230' title='bbox 778 4367 807 4426; x_wconf 88' lang='lat' dir='ltr'>l;</span> <span class='ocrx_word' id='word_1_231' title='bbox 826 4363 880 4418; x_wconf 70' lang='lat' dir='ltr'>sna</span> <span class='ocrx_word' id='word_1_232' title='bbox 893 4365 914 4416; x_wconf 94' lang='lat' dir='ltr'>l.</span> <span class='ocrx_word' id='word_1_233' title='bbox 933 4393 968 4401; x_wconf 92' lang='lat'><strong>—</strong></span> <span class='ocrx_word' id='word_1_234' title='bbox 986 4362 1048 4432; x_wconf 86' lang='grc' dir='ltr'>σου]</span> <span class='ocrx_word' id='word_1_235' title='bbox 1068 4362 1085 4414; x_wconf 93' lang='lat' dir='ltr'>i.</span> <span class='ocrx_word' id='word_1_236' title='bbox 1097 4377 1120 4414; x_wconf 85' lang='lat' dir='ltr'>a.</span> <span class='ocrx_word' id='word_1_237' title='bbox 1140 4358 1275 4431; x_wconf 75' lang='grc' dir='ltr'><strong><em>ἐκκλησία,</em></strong></span> 
     </span>
     <span class='ocr_line' id='line_1_28' title="bbox 97 4448 1277 4523; baseline -0.003 -18"><span class='ocrx_word' id='word_1_238' title='bbox 97 4450 139 4505; x_wconf 82' lang='lat' dir='ltr'>Cf.</span> <span class='ocrx_word' id='word_1_239' title='bbox 152 4450 237 4504; x_wconf 86' lang='lat' dir='ltr'>index</span> <span class='ocrx_word' id='word_1_240' title='bbox 246 4450 456 4504; x_wconf 85' lang='lat' dir='ltr'>vocabulorum.</span> <span class='ocrx_word' id='word_1_241' title='bbox 467 4480 501 4489; x_wconf 94' lang='lat'><em>-</em></span> <span class='ocrx_word' id='word_1_242' title='bbox 510 4464 558 4523; x_wconf 80' lang='grc' dir='ltr'>τῆς</span> <span class='ocrx_word' id='word_1_243' title='bbox 567 4451 673 4521; x_wconf 78' lang='grc' dir='ltr'><strong><em>Ἀσίας]</em></strong></span> <span class='ocrx_word' id='word_1_244' title='bbox 702 4469 775 4519; x_wconf 88' lang='lat' dir='ltr'>quae</span> <span class='ocrx_word' id='word_1_245' title='bbox 785 4453 903 4505; x_wconf 84' lang='lat' dir='ltr'>vocatur</span> <span class='ocrx_word' id='word_1_246' title='bbox 911 4449 942 4503; x_wconf 91' lang='lat' dir='ltr'>in</span> <span class='ocrx_word' id='word_1_247' title='bbox 953 4448 1145 4519; x_wconf 87' lang='lat' dir='ltr'>inscriptione.</span> <span class='ocrx_word' id='word_1_248' title='bbox 1154 4451 1277 4503; x_wconf 82' lang='grc' dir='ltr'><strong><em>-πολυ-</em></strong></span> 
     </span>
     <span class='ocr_line' id='line_1_29' title="bbox 96 4532 1277 4612; baseline -0.003 -23"><span class='ocrx_word' id='word_1_249' title='bbox 96 4537 114 4589; x_wconf 92' lang='lat' dir='ltr'>i.</span> <span class='ocrx_word' id='word_1_250' title='bbox 131 4552 153 4589; x_wconf 82' lang='lat' dir='ltr'>e.</span> <span class='ocrx_word' id='word_1_251' title='bbox 174 4536 337 4605; x_wconf 84' lang='lat' dir='ltr'>provinciae</span> <span class='ocrx_word' id='word_1_252' title='bbox 356 4536 509 4599; x_wconf 85' lang='lat' dir='ltr'>Romanae,</span> <span class='ocrx_word' id='word_1_253' title='bbox 528 4553 603 4604; x_wconf 88' lang='lat' dir='ltr'>quae</span> <span class='ocrx_word' id='word_1_254' title='bbox 622 4539 674 4592; x_wconf 89' lang='lat' dir='ltr'>hoc</span> <span class='ocrx_word' id='word_1_255' title='bbox 700 4540 845 4612; x_wconf 76' lang='lat' dir='ltr'>aydnqtcv</span> <span class='ocrx_word' id='word_1_256' title='bbox 862 4535 962 4608; x_wconf 82' lang='grc' dir='ltr'><strong><em>ὄνομα]</em></strong></span> <span class='ocrx_word' id='word_1_257' title='bbox 979 4537 1039 4609; x_wconf 78' lang='lat' dir='ltr'>Igu</span> <span class='ocrx_word' id='word_1_258' title='bbox 1061 4535 1185 4589; x_wconf 89' lang='lat' dir='ltr'>alludere</span> <span class='ocrx_word' id='word_1_259' title='bbox 1202 4532 1277 4586; x_wconf 87' lang='lat' dir='ltr'>vide·</span> 
     </span>
     <span class='ocr_line' id='line_1_30' title="bbox 95 4622 1278 4696; baseline -0.004 -17"><span class='ocrx_word' id='word_1_260' title='bbox 95 4641 199 4679; x_wconf 89' lang='lat' dir='ltr'>nomeu</span> <span class='ocrx_word' id='word_1_261' title='bbox 217 4626 342 4695; x_wconf 75' lang='lat' dir='ltr'>gerebat.</span> <span class='ocrx_word' id='word_1_262' title='bbox 700 4628 747 4680; x_wconf 91' lang='lat' dir='ltr'>tur</span> <span class='ocrx_word' id='word_1_263' title='bbox 765 4624 803 4679; x_wconf 90' lang='lat' dir='ltr'>ad</span> <span class='ocrx_word' id='word_1_264' title='bbox 822 4640 933 4679; x_wconf 84' lang='lat' dir='ltr'>sensum</span> <span class='ocrx_word' id='word_1_265' title='bbox 951 4624 1030 4680; x_wconf 82' lang='lat' dir='ltr'>vocis</span> <span class='ocrx_word' id='word_1_266' title='bbox 1047 4622 1186 4696; x_wconf 77' lang='grc' dir='ltr'>Ἐφέσιοι,</span> <span class='ocrx_word' id='word_1_267' title='bbox 1205 4635 1278 4688; x_wconf 84' lang='lat' dir='ltr'>quae</span> 
     </span>
    </p>
   </div>
   <div class='ocr_carea' id='block_1_7' title="bbox 0 0 1422 5018">
    <p class='ocr_par' dir='ltr' id='par_1_7' title="bbox 0 0 1422 5018">
     <span class='ocr_line' id='line_1_31' title="bbox 0 0 1422 5018; baseline 0 1"><span class='ocrx_word' id='word_1_268' title='bbox 0 0 1422 5018; x_wconf 95' lang='lat' dir='ltr'> </span> 
     </span>
    </p>
   </div>
  </div>
 </body>
</html>
