2834 5018
529 697 595 753 vis.
614 699 660 762 111,
680 699 704 763 a,
726 700 799 756 1—5.
1187 705 1250 769 439

165 870 201 939 3.
227 874 314 952 Quae
336 900 408 941 curn
437 879 626 943 ostendisset
648 880 744 957 mihi,
774 880 876 945 voluit
901 879 1056 944 recedere.
1102 880 1182 944 Dico
1206 880 1250 944 ei:

74 983 223 1059 Domina,
248 982 323 1065 quid
346 982 425 1045 mihi
446 983 577 1065 prodest
600 984 677 1048 haec
700 985 814 1050 vidisse
837 1006 939 1070 neque
963 985 1059 1061 scire,
1085 1006 1165 1069 quae
1188 985 1253 1049 sint

75 1110 125 1152 res
148 1089 254 1152 istae?
290 1086 496 1171 Respondeas
525 1087 604 1150 mihi
635 1088 726 1152 dicit:
762 1087 911 1154 Curiosus
934 1111 967 1154 es
999 1089 1110 1166 homo,
1142 1088 1252 1154 rolens

76 1213 267 1277 cognoscere
289 1213 341 1269 ea,
374 1213 453 1276 quae
477 1192 516 1255 ad
539 1191 652 1255 turrim
674 1192 843 1276 pertinent.
889 1194 1006 1272 Etiam,
1029 1195 1169 1278 inquam,
1194 1194 1251 1258 do-

75 1299 170 1374 mina,
195 1317 383 1380 cognoscere
399 1295 481 1372 volo,
506 1301 541 1359 ut
564 1295 717 1361 fratribus
733 1298 915 1362 annuntiem
938 1303 971 1363 et
993 1298 1158 1362 hilariores
1173 1299 1279 1362 fianta

76 1402 209 1466 ethaeo
233 1402 395 1466 audientes
418 1404 614 1485 cognoscant
630 1401 790 1466 dominum
812 1403 844 1466 in
868 1402 1097 1489 multalgloria.
1144 1405 1173 1466 2.
1191 1401 1253 1468 Illa

75 1529 150 1572 vero
174 1507 268 1571 dixit:
303 1506 444 1571 Audient
467 1506 594 1590 quidem
616 1506 724 1579 multi;
748 1507 911 1572 audientes
934 1512 1040 1572 autem
1064 1507 1192 1593 quidam
1214 1529 1253 1572 ex

76 1613 114 1677 iis
138 1613 339 1696 gaudebunt,
373 1612 502 1694 quidam
524 1610 713 1695 plorabunt;
749 1612 804 1676 sed
826 1617 859 1676 et
880 1612 914 1676 hi
937 1635 1009 1677 cum
1039 1612 1194 1676 audierint
1217 1634 1253 1677 ao

75 1716 304 1801 paenitentiam
327 1716 460 1801 egerint,
484 1721 517 1779 et
539 1716 600 1798 ipsi
616 1715 809 1801 gaudebunt.
856 1716 941 1781 Audi
963 1719 1062 1802 igitur
1082 1716 1253 1801 parabolas

75 1821 189 1895 turris;
212 1842 348 1905 namque
371 1820 519 1885 revelabo
542 1821 603 1886 tibi
626 1821 741 1885 omnia.
787 1820 899 1906 Neque
923 1823 1002 1886 mihi
1026 1822 1129 1887 adhuc
1151 1821 1291 1886 mole-10

76 1926 155 1989 stias
178 1925 296 2008 praebe
320 1925 358 1988 de
381 1924 591 2000 revelatione;
625 1925 833 1990 revelationes
856 1926 940 1991 enim
971 1928 1051 1991 istae
1073 1927 1168 1991 finem
1194 1925 1253 1990 ha·

75 2031 168 2103 bent;
202 2028 318 2093 etenim
341 2029 516 2111 completae
548 2034 631 2093 sunt.
679 2027 740 2094 Sed
762 2051 827 2093 non
856 2030 978 2094 desines
1000 2036 1109 2113 petere
1131 2030 1253 2094 revela·

76 2135 197 2212 tiones,
219 2134 382 2216 improbus
407 2134 548 2197 enimes
595 2135 625 2198 3.
651 2132 769 2209 Turris,
795 2155 888 2216 quam
902 2133 990 2197 vides
1006 2134 1173 2209 aedificari,
1195 2154 1254 2219 ego

76 2260 146 2301 sum
168 2237 321 2314 Ecclesia,
348 2258 427 2322 quae
450 2237 509 2302 tibi
526 2237 661 2321 apparui
683 2242 715 2301 et
736 2238 829 2302 modo
852 2242 884 2301 et
904 2241 1012 2308 antea:
1036 2238 1255 2323 quodcumque

77 2363 153 2425 ergo
176 2340 328 2418 volueris,
362 2343 525 2427 interroga
547 2342 584 2406 de
607 2343 701 2418 turri,
726 2346 759 2405 et
780 2340 928 2405 revelabo
951 2342 1026 2417 tibi,
1058 2345 1093 2405 ut
1115 2341 1254 2426 gaudeas
1268 2368 1293 2405 a

76 2469 149 2511 cum
172 2446 298 2510 sanctis.
344 2448 374 2510 4.
399 2447 479 2510 Dico
502 2447 546 2510 ei:
581 2447 729 2522 Domina,
755 2447 907 2530 quoniam
931 2445 1028 2511 semel
1050 2467 1100 2511 me
1123 2446 1255 2532 dignum

75 2552 206 2636 putasti,
232 2556 268 2615 ut
290 2551 396 2616 omnia
418 2552 497 2615 mihi
519 2551 654 2629 reveles,
685 2551 799 2617 revela.
846 2549 909 2615 Illa
934 2555 1041 2616 autem
1064 2551 1139 2616 dicit
1161 2550 1254 2615 mihi:

78 2655 302 2740 Quodcumque
324 2656 443 2740 poterit
465 2655 526 2720 tibi
548 2656 696 2733 revelari,
722 2657 922 2722 revelabitur.
970 2654 1066 2720 Modo
1090 2676 1143 2720 cor
1165 2659 1256 2720 tuum

77 2761 162 2844 apud
185 2761 279 2826 deum
306 2762 473 2844 sitneque
496 2761 678 2838 addubites,
713 2762 797 2846 quod
827 2760 952 2825 videris.
1004 2761 1033 2824 5.
1058 2758 1257 2845 Interrogavi

77 2887 163 2929 eam:
190 2864 293 2942 Quare
308 2865 406 2929 turris
421 2886 519 2948 supra
541 2887 641 2950 aquas
657 2866 823 2930 aedificata
844 2870 902 2942 est,
923 2865 1071 2930 domina?
1095 2864 1171 2929 Dixi
1186 2865 1254 2943 tibi,
1270 2893 1294 2930 ao

76 2970 190 3055 inquit,
214 2970 333 3034 iamet
357 2975 439 3046 ante,
464 2973 496 3033 et
518 2969 657 3053 exquiris
681 2969 864 3054 diligentem
895 2969 1062 3054 exquirens
1084 2969 1184 3052 igitur
1206 2970 1255 3033 in·

76 3075 163 3138 renis
186 3075 362 3139 veritatem.
409 3072 513 3150 Quare
534 3075 634 3160 igitur
656 3097 752 3159 super
774 3096 874 3158 aquas
898 3074 1062 3138 aedificata
1084 3073 1126 3137 sit
1148 3074 1254 3150 turris,

77 3260 120 3319 tis.
136 3277 209 3328 quae
221 3261 341 3332 Neapoli
354 3265 426 3324 sunt,
446 3261 518 3316 fucis
531 3263 656 3317 colorum
682 3264 814 3332 apparet,
834 3279 868 3317 ea
886 3262 1001 3330 quidem
1020 3265 1105 3324 vetus,
1127 3262 1175 3315 sed
1193 3278 1256 3314 cum

78 3346 209 3418 effigiata
227 3348 359 3404 cernitur.
377 3348 440 3402 Vid.
454 3349 518 3404 Chr.
538 3350 580 3404 Fr.
593 3350 654 3403 Bel·
682 3367 756 3405 nova
773 3352 874 3420 porta,
902 3366 986 3419 super
1005 3365 1060 3416 qua
1077 3347 1162 3402 turris
1182 3346 1257 3400 acdi-

77 3435 219 3489 lermann:
252 3437 334 3492 Ueber
358 3438 402 3492 die
427 3439 538 3492 ditestcn
561 3436 654 3490 clariu-
682 3436 759 3490 ficari
791 3439 899 3491 iussum
930 3439 999 3490 erat.
1047 3433 1088 3488 cf.
1116 3434 1182 3489 Sim.
1210 3433 1257 3496 IX,

76 3523 164 3576 lichen
195 3523 447 3592 Beyruoniruouen
477 3523 536 3578 aad
562 3524 654 3577 becco-
682 3528 706 3580 2.
732 3528 748 3581 3
777 3523 920 3595 (Dressel).
966 3523 1092 3578 Eandem
1119 3521 1258 3591 picturam

76 3611 140 3663 ders
159 3610 203 3665 dic
220 3610 407 3665 Katotombcn
426 3628 461 3665 eu
479 3611 584 3679 Neopel
607 3610 656 3663 mit
683 3630 768 3682 quam
786 3611 965 3667 Bellermann
982 3611 1000 3665 l.
1022 3627 1044 3664 c.
1064 3609 1178 3663 exhibet
1204 3608 1258 3663 Ga-

75 3697 156 3750 ihren
187 3696 416 3767 Wandpemdlden
451 3697 518 3753 1839
550 3715 578 3766 p.
607 3698 655 3759 77;
682 3700 765 3763 rucei,
785 3695 1258 3764 Steviadcllaartcoietiouo(1873

77 3783 149 3837 Tab.
170 3783 210 3845 V,
229 3784 254 3836 2.
299 3783 432 3838 Eiusdem
458 3785 587 3853 picturae
614 3784 654 3837 in·
683 3791 756 3858 sqq.)
774 3788 833 3842 tab.
851 3785 892 3850 96,
906 3787 935 3849 3;
955 3786 990 3839 cf.
1001 3787 1068 3840 tom.
1079 3784 1112 3836 ll.
1122 3783 1141 3845 Ι,
1158 3784 1207 3837 113
1218 3799 1258 3851 sq.

76 3871 159 3939 signe
173 3869 363 3940 fragmentum
375 3872 496 3926 vidimus
514 3871 545 3924 in
557 3875 656 3941 crypta
717 3876 742 3927 4.
762 3873 845 3928 Clam
865 3875 908 3927 Al.
928 3873 1029 3927 Strom.
1040 3870 1074 3931 Π,
1090 3873 1111 3933 1,
1131 3869 1147 3923 3
1167 3887 1193 3939 p.
1207 3868 1259 3924 430

76 3956 204 4026 quadam
225 3959 369 4025 cymeterii
389 3976 411 4011 s.
431 3958 544 4023 calixti,
563 3958 655 4013 loculo
684 3960 711 4028 (a
730 3959 831 4017 ἐὰν-
849 3958 1131 4031 ἀποκαλυφθήσεται).
1156 3988 1191 3997 -
1218 3954 1258 4013 ἐν·

77 4045 152 4100 Sixti
166 4045 294 4113 episcopi
306 4046 406 4108 vicina,
419 4046 493 4102 inter
511 4045 587 4101 viam
601 4046 655 4114 Ap·
683 4047 800 4120 δέχεται]
813 4068 848 4094 =
860 4041 967 4114 ἔξεστιν
986 4045 1020 4099 cf.
1040 4044 1133 4098 nanu
1151 4042 1197 4108 XI,
1212 4044 1258 4105 12;

75 4133 156 4203 piam
185 4135 214 4185 ct
241 4132 426 4186 Ardeatinam
454 4151 472 4186 a
495 4132 529 4186 cl.
555 4132 584 4185 P.
613 4133 655 4186 lo·
684 4136 767 4205 Greg.
786 4134 854 4188 Nar.
873 4132 924 4201 Ep.
944 4133 977 4187 97
996 4133 1042 4185 tin.
1070 4163 1104 4172 -
1128 4134 1259 4203 ἡκαρόία

76 4219 168 4289 sepho
188 4218 313 4274 Marchio
336 4236 425 4289 prope
445 4220 542 4274 urbem
568 4235 656 4289 nuper
682 4220 753 4290 κτλ]
772 4221 790 4273 i.
804 4236 825 4273 e.
845 4218 962 4273 firmiter
981 4219 1062 4273 crede
1080 4218 1258 4272 revelationi·

76 4308 230 4361 detectum.
277 4306 399 4360 Secundi
427 4311 522 4362 autem
552 4304 656 4361 sacculi
685 4309 734 4361 bus
754 4307 813 4361 Dei.

77 4410 133 4461 ego
154 4409 217 4446 cum
235 4393 314 4457 aliis,
334 4392 436 4460 quibus
455 4395 538 4448 huius
556 4393 597 4447 rei
615 4393 656 4447 iu·
720 4396 743 4448 5.
763 4393 805 4449 ef.
825 4409 897 4461 quae
915 4393 974 4447 Vis.
993 4392 1014 4456 I,
1033 4393 1094 4454 3‚4
1121 4391 1155 4448 de
1184 4411 1258 4449 crea

76 4480 185 4534 dicium
198 4481 249 4539 est,
268 4480 298 4534 id
316 4495 376 4533 esse
394 4497 463 4549 opus
482 4479 655 4535 crediderim.
683 4482 761 4537 tione
787 4478 885 4534 mundi
912 4484 941 4535 ct
970 4478 1137 4535 fundatione
1167 4486 1259 4538 terrae

76 4567 111 4621 In
137 4571 253 4636 cryptae
272 4565 415 4621 Romanae
441 4568 553 4636 pictura
570 4567 657 4622 etiam
685 4568 853 4622 dictasunt.
881 4598 915 4607 -
941 4567 986 4624 διὰ
1012 4562 1112 4634 ὕδατος
1131 4565 1185 4638 ἔω]
1205 4569 1259 4624 i.e

77 4652 205 4707 candida
232 4656 260 4708 et
286 4653 386 4723 ingens
410 4655 493 4723 petra
517 4652 658 4720 quadrata
683 4671 735 4724 per
759 4652 940 4722 baptismum.
986 4653 1028 4709 cf.
1054 4653 1120 4708 Sim.
1139 4655 1191 4719 lx,
1212 4655 1258 4718 Ῑθ;
