2834 5018
10 7 254 333 Ι
580 330 689 343 .....,..
718 332 804 345 .,....,,..
867 332 936 345 ,,.,,.
978 336 981 341 .
1017 338 1030 343 ,,
1060 338 1066 343 ,

558 679 627 736 SlM·
647 680 681 745 IL
699 681 777 736 4-8·
1192 684 1255 750 525

81 861 159 938 vite,
190 863 245 925 sed
267 861 373 945 potius
404 861 563 925 maiorem.
610 859 790 938 Quomodo,
823 859 967 944 inquam,
998 859 1131 937 domine,
1155 861 1256 926 maio·

81 969 172 1030 rem?
197 965 362 1042 Quoniam,
385 966 499 1050 inquit,
522 966 596 1029 vitis
618 986 772 1048 suspensa
794 965 835 1029 ad
848 964 969 1028 ulmum
991 965 1153 1047 copiosum
1168 964 1256 1030 fruc·

81 1077 150 1136 tum
172 1075 205 1135 et
227 1072 345 1135 bonum
368 1072 430 1149 dat,
454 1072 560 1136 iacens
583 1074 689 1135 autem
709 1070 743 1134 in
765 1075 851 1135 terra
869 1070 1032 1154 putridum
1054 1073 1086 1133 et
1107 1071 1258 1155 exiguum

82 1175 153 1240 fert.
199 1175 287 1240 Haec
307 1177 407 1261 igitur
421 1174 595 1240 similitudo
618 1176 657 1238 ad
672 1196 778 1240 servos
801 1175 851 1238 dei
865 1174 1012 1259 pertinet,
1030 1174 1070 1238 ad
1083 1196 1257 1258 pauperem

82 1285 114 1344 et
136 1281 273 1345 divitem.
321 1282 349 1344 5.
375 1280 549 1358 Quomodo,
572 1280 713 1363 inquam,
737 1280 870 1357 domine,
894 1280 1022 1342 ostende
1037 1277 1125 1341 mihi.
1160 1277 1283 1357 Audi⁶
1307 1298 1313 1309 ·

79 1386 204 1471 inquit:
229 1387 315 1452 dives
338 1387 455 1451 multas
471 1386 598 1470 quidem
612 1406 690 1470 opes
704 1385 812 1461 habet,
836 1384 921 1468 apud
936 1383 1030 1447 deum
1044 1404 1118 1446 vero
1133 1405 1256 1468 pauper

81 1496 139 1568 est,
164 1491 268 1555 animo
292 1490 408 1555 divitiis
431 1492 496 1554 suis
519 1495 689 1574 occupato,
722 1493 755 1554 et
775 1488 867 1554 valde
889 1488 1037 1571 exiguam
1059 1487 1158 1553 habet
1179 1511 1255 1554 con·

81 1595 251 1661 sessionem
274 1601 306 1660 et
321 1595 493 1660 orationem
517 1596 558 1659 ad
573 1596 744 1671 dominum,
768 1593 843 1657 etsi
865 1614 960 1676 quam
976 1593 1082 1669 habet,
1107 1592 1255 1678 exiguam

81 1704 113 1764 et
142 1700 299 1764 infirmam
331 1705 363 1764 et
393 1723 517 1765 sursum
547 1701 696 1764 virtutem
726 1721 789 1763 non
820 1698 999 1763 habentem.
1050 1697 1127 1763 Cum
1158 1700 1257 1785 igitur

81 1805 167 1868 dives
189 1806 318 1869 accedat
345 1806 384 1868 ad
405 1825 579 1889 pauperem
607 1804 812 1888 porrigatque
835 1802 863 1866 ei
894 1803 1084 1880 necessaria,
1115 1804 1253 1882 credens,
1269 1832 1294 1869 ιο

79 1910 165 1992 quod
187 1908 322 1992 pauperi
343 1911 493 1992 praestet,
517 1908 550 1971 id
571 1908 746 1972 mercedem
769 1907 854 1991 apud
876 1907 970 1970 deum
991 1907 1131 1971 invenire
1150 1929 1253 1991 posse,

82 2015 156 2096 quia
178 2033 301 2096 pauper
324 2013 409 2077 dives
432 2012 535 2076 estin
558 2012 699 2076 oratione
722 2032 759 2075 ac
781 2009 978 2075 confessione
1001 2011 1130 2096 eiusque
1153 2012 1254 2076 oratic

79 2138 229 2201 magram
250 2117 349 2181 habet
363 2117 513 2181 virtutem
536 2117 618 2200 apud
635 2117 745 2180 deum:
767 2116 906 2200 porrigit
924 2136 1000 2200 ergo
1023 2116 1108 2180 dives
1122 2118 1256 2201 pauperi

80 2221 185 2286 omnia
214 2222 281 2286 sine
312 2221 526 2297 dubitatione;
562 2221 591 2285 6.
615 2242 737 2305 pauper
766 2225 913 2285 autema
943 2220 1039 2284 divite
1070 2220 1255 2285 sublevatus

78 2325 263 2409 interpellat
284 2348 342 2411 pro
365 2348 419 2403 eo,
455 2325 657 2410 deogratias
685 2347 783 2410 agens
806 2325 845 2388 de
866 2324 938 2402 illo,
970 2324 1023 2408 qui
1046 2325 1159 2389 tribuit
1180 2325 1251 2410 ipsi.
1268 2348 1293 2385 1⁶

79 2431 123 2495 Et
144 2430 199 2494 ille
222 2430 326 2495 adhuc
347 2431 386 2495 de
415 2452 554 2515 paupere
577 2434 682 2507 curat,
714 2450 754 2493 ne
777 2428 853 2513 quid
876 2429 904 2493 ei
927 2428 1009 2492 desit
1033 2428 1068 2493 in
1088 2430 1155 2493 vita
1178 2451 1254 2504 sua;

79 2535 140 2599 scit
162 2535 263 2611 enim,
296 2536 471 2600 orationem
497 2535 647 2619 pauperis
679 2538 842 2618 acceptam
865 2554 934 2597 esse
963 2537 995 2597 et
1018 2534 1146 2598 divitem
1169 2534 1255 2618 apud

79 2639 180 2703 deum.
228 2641 257 2704 7.
281 2639 423 2722 Uterque
446 2662 522 2725 ergo
545 2661 624 2723 opus
646 2638 783 2723 perficit:
816 2659 939 2722 pauper
961 2642 1111 2721 operatur
1133 2639 1253 2704 oratio-

77 2766 160 2823 nem,
184 2745 217 2808 in
241 2767 304 2829 qua
326 2745 412 2808 dives
435 2747 492 2821 est,
517 2766 612 2828 quam
641 2744 762 2827 accepit
785 2767 805 2808 a
826 2744 970 2817 domin03
1001 2743 1084 2808 hanc
1106 2745 1255 2810 retribuit

77 2847 213 2926 dominc,
247 2848 302 2932 qui
323 2848 437 2913 tribuit
458 2848 529 2932 ipsi.
575 2848 621 2912 Et
642 2847 728 2911 dives
751 2847 896 2911 similiter
919 2848 1061 2926 divitias,
1093 2871 1172 2933 quas
1196 2874 1249 2915 ac·
1266 2866 1291 2905 υ

76 2953 163 3037 oepit
185 2976 204 3017 a
220 2953 355 3029 domino,
379 2953 447 3017 sine
461 2953 671 3018 haesitatione
685 2957 828 3037 praestat
843 2953 985 3037 pauperi.
1031 2954 1075 3018 Et
1096 2953 1252 3039 hocopus

76 3076 229 3141 magnum
252 3060 354 3121 estet
377 3060 541 3139 acceptum
564 3056 648 3139 apud
671 3057 773 3132 deum,
798 3056 873 3139 quia
893 3056 1052 3121 intellexit
1074 3058 1111 3121 de
1135 3059 1252 3124 divitiis

76 3160 142 3225 suis
165 3164 256 3224 etex
279 3161 398 3224 domini
427 3161 516 3225 donis
548 3180 627 3242 opus
659 3158 735 3222 fecit
763 3159 797 3222 in
823 3181 995 3243 pauperem
1026 3165 1058 3225 et
1084 3166 1169 3226 recte
1191 3163 1252 3228 im-

75 3263 178 3348 plevit
199 3264 417 3327 ministerium.
464 3265 493 3328 8.
518 3261 614 3345 Apud
636 3261 779 3325 homines
801 3262 900 3346 igitur
921 3263 1026 3328 ulmus
1041 3286 1105 3329 non
1127 3265 1251 3330 videtur

75 3368 215 3433 fructum
237 3367 328 3445 ferre,
353 3370 385 3432 et
406 3366 551 3432 nesciunt
573 3386 675 3449 neque
697 3364 896 3451 nenegant,
921 3368 1013 3451 quod,
1037 3389 1109 3432 cum
1125 3369 1249 3434 siccitas
1264 3394 1290 3435 aa

76 3471 183 3551 fuerit,
206 3472 311 3536 ulmus
333 3494 449 3556 aquam
470 3471 591 3535 habens
612 3470 714 3534 nutrit
735 3470 833 3534 vitem
856 3475 889 3534 et
910 3472 982 3537 vitis
997 3493 1168 3557 perennem
1189 3472 1248 3537 ha·

75 3576 154 3641 bens
176 3598 293 3660 aquam
315 3576 446 3660 duplum
468 3576 524 3640 dat
544 3575 693 3653 fructum,
728 3578 761 3639 et
781 3596 841 3658 pro
864 3597 898 3639 se
921 3580 954 3640 et
972 3599 1032 3661 pro
1056 3577 1151 3643 ulmo.
1199 3578 1252 3645 Sic

109 3763 135 3816 4.
153 3760 221 3834 αὕτη
244 3757 294 3821 οὖν
312 3764 328 3834 ἡ
345 3769 489 3838 παραβολὴ
510 3763 580 3834 κτλ]
609 3763 859 3848 Βὶ-Ιυίδιάλειπτος]
889 3764 951 3819 Vox
981 3766 1084 3830 raricr;
1115 3767 1150 3820 cf.
1179 3768 1248 3823 ab

75 3849 183 3904 militer
200 3851 294 3905 Mand.
311 3851 358 3915 IV,
379 3854 401 3913 1,
419 3852 444 3907 8.
677 3850 821 3905 Particula
839 3856 968 3907 accurate
986 3853 1059 3907 verti
1083 3857 1191 3924 potest:
1220 3859 1252 3909 ut

110 3938 134 3989 5.
154 3936 195 3991 Cf.
215 3937 302 3991 clem.
330 3936 374 3993 Al
394 3938 461 4003 Quis
489 3938 545 3993 div.
565 3956 586 3993 c
606 3939 647 3994 31.
677 3938 809 4008 (pauper)
828 3939 976 3994 continuus
995 3940 1045 3994 fiat
1063 3940 1092 3994 in
1112 3942 1172 3996 vita
1192 3958 1250 3997 sua

75 4022 108 4076 41
127 4040 154 4092 p.
173 4024 232 4079 953.
255 4025 314 4080 958.
342 4057 376 4065 -
392 4025 604 4100 περισπώμενος
620 4046 648 4081 π.
677 4024 782 4095 Recepi
808 4026 964 4081 versionem
994 4027 1179 4098 interpretum
1206 4045 1252 4084 ve·

74 4129 99 4166 τ.
111 4111 244 4180 πλοῦτον]
259 4112 299 4166 cf.
314 4111 379 4166 Sim.
392 4112 437 4176 IV,
451 4114 476 4167 5.
488 4145 523 4152 -
536 4113 651 4182 δύναμιν
677 4115 776 4176 terum,
796 4112 845 4180 qui
864 4130 976 4168 sensum
993 4117 1070 4169 recte
1088 4117 1174 4184 atque
1195 4115 1251 4170 cla

72 4217 137 4269 μεγ.
154 4198 224 4268 κτλ]
244 4197 287 4252 cf.
307 4199 452 4263 Iac.5,16.
471 4229 507 4239 -
524 4199 649 4256 ἀόιστάκ-
677 4201 736 4254 rius
754 4200 872 4255 reddere
890 4200 1030 4255 videntur.

75 4287 138 4351 τως]
170 4283 212 4338 cf.
237 4303 262 4337 v.
282 4287 311 4347 7;
342 4284 437 4339 Doctr.
466 4289 558 4356 apost.
575 4287 605 4350 4,
625 4287 650 4341 7.
711 4288 736 4341 7.
755 4288 855 4344 dando
879 4306 908 4342 π.
936 4295 976 4361 τῷ
1003 4287 1071 4363 θεῷ]
1100 4287 1142 4342 Cf.
1169 4289 1251 4346 Prov.

76 4370 169 4424 bland
179 4370 225 4434 Ix.
237 4372 252 4424 2
265 4371 492 4427 Hermasvocern
503 4373 539 4427 de
551 4375 650 4428 orante
679 4374 717 4437 16,
731 4375 756 4426 5.
775 4405 810 4414 -
827 4373 997 4448 δωρημάτωυ
1015 4384 1065 4432 τοῦ
1081 4377 1188 4451 κυρίου]
1208 4376 1249 4431 01.

74 4462 201 4528 usurpat.
676 4459 770 4514 Mand.
789 4460 823 4526 ΙΙ,
841 4461 867 4515 4.

109 4545 134 4599 6.
154 4543 322 4620 ἐντυγχάνει]
334 4547 550 4614 oseaeuna
568 4550 648 4605 Rom.
668 4548 671 4553 '
711 4548 736 4602 9.
755 4548 1024 4623 γεγραμμένοςκτλ]
1044 4550 1086 4606 cf.
1097 4549 1194 4614 Pace,
1206 4551 1248 4605 29.

74 4630 100 4696 8,
123 4631 165 4687 27.
193 4635 241 4696 94;
272 4635 312 4700 11,
331 4636 360 4698 2;
388 4635 473 4690 Hebr.
492 4637 584 4700 7,25.
615 4666 650 4676 -
