2834 5018
120 262 244 327 XXXII
567 259 850 315 PROLEGOMENA.

115 440 213 511 erant,
238 458 346 501 omnes
371 460 389 501 a
412 438 517 502 codice
536 437 692 502 Vaticano
715 460 762 522 gr.
781 439 843 503 850
868 438 1042 521 dependere
1066 437 1307 500 demonstrasse

116 540 194 604 mibi
216 541 356 613 videar¹,
381 546 446 606 tres
469 541 544 606 libri
566 543 774 626 manuscripti
797 543 902 626 graeci
925 542 963 606 ad
986 545 1111 605 textum
1134 560 1306 604 recensen-

117 644 191 708 dum
214 645 304 709 nobis
328 646 499 711 adhibendi
522 652 605 723 sunt,
631 645 801 711 Sinaiticus
825 668 906 711 saec.
920 646 967 710 IV
991 643 1194 729 (signaris),
1220 642 1306 708 Con-

115 749 418 833 stantinopolitanus
451 751 502 814 vel
531 751 637 834 potius
662 750 970 834 Hierosolymitanus
1001 772 1028 814 a.
1055 750 1140 813 1056
1167 747 1223 830 (=
1248 746 1306 829 Η),

115 852 290 917 Vaticanus
313 854 376 916 859
399 877 478 919 saec.
495 854 542 919 XI
566 854 620 936 (=
637 854 690 936 Vl.
734 853 855 931 Quibus
884 854 1019 918 testibus
1052 853 1177 918 accedit
1201 852 1306 916 versio

116 956 271 1039 epistulae
292 956 394 1022 latina
416 963 505 1022 vetus
529 957 583 1040 (Ξ
600 957 646 1039 L),
671 978 751 1041 quae
774 957 880 1021 codice
903 954 1093 1033 Corbeiensi‚
1118 961 1189 1020 tum
1212 956 1307 1020 Pari-

116 1061 222 1133 siensi.
246 1083 330 1125 nunc
345 1061 586 1147 Petropolitano
608 1062 753 1137 traditur,
779 1082 936 1144 quamque
959 1060 1255 1125 emendatissimum
1273 1060 1308 1123 in

117 1165 182 1227 suis
205 1164 359 1247 epistulae
388 1167 577 1231 editionibus
607 1165 770 1231 Gebhardt
801 1165 883 1230 1875
915 1164 1027 1247 (1878)
1059 1169 1091 1229 et
1114 1165 1307 1248 Hilgenfeld

120 1269 202 1332 1877
232 1269 482 1351 publicaverunt.
529 1270 639 1334 Testes
669 1290 777 1333 omnes
799 1269 885 1333 vitiis
907 1269 993 1333 haud
1015 1269 1232 1333 mediocribus
1255 1269 1305 1333 la·

119 1372 241 1435 borant.
288 1369 393 1437 Codex
423 1372 593 1439 Sinaiticus
622 1396 695 1439 vero
725 1375 836 1439 ceteris
859 1378 962 1438 aetate
986 1374 1064 1439 adeo
1087 1378 1245 1458 praestat,
1271 1377 1307 1438 ut

119 1477 147 1539 ei
170 1477 203 1539 in
226 1481 316 1540 textu
346 1479 534 1542 recensendo
564 1479 683 1561 primus
714 1478 802 1542 locus
832 1478 1050 1542 attribuendus
1078 1479 1129 1542 sit.
1179 1477 1306 1542 Passim

120 1585 279 1645 correctus
312 1586 369 1657 est,
403 1587 435 1645 et
464 1582 599 1666 primam
630 1604 767 1658 manum,
804 1604 883 1666 quae
915 1583 1081 1666 scriptoris
1110 1582 1215 1667 ipsius
1246 1588 1305 1653 est.

120 1686 244 1769 signari
268 1683 318 1761 8⁴¹,
350 1686 493 1762 alteram,
524 1709 606 1770 quae
636 1685 754 1749 saeculi
777 1685 840 1749 VII
871 1707 938 1750 esse
968 1687 1102 1762 videtur,
1134 1684 1214 1762 S**;
1251 1686 1306 1751 ubi

119 1793 226 1854 autem
250 1811 336 1855 error
358 1790 452 1855 facile
475 1791 624 1875 cognosci
646 1794 753 1873 potest
775 1793 806 1853 et
822 1790 989 1854 discrimen
1007 1812 1070 1854 non
1085 1791 1219 1855 maioris
1234 1812 1306 1855 mo·

119 1895 217 1959 menti
240 1899 297 1970 est,
321 1917 385 1959 non
407 1895 523 1970 notari,
548 1894 624 1977 quid
646 1893 687 1956 sit
710 1889 839 1969 librarii,
864 1894 941 1977 quid
963 1898 1178 1957 correctorum
1194 1889 1219 1957 ³.
1256 1894 1306 1959 De

120 1999 227 2063 codice
250 1999 415 2075 Vaticano,
440 2020 533 2082 quem
556 1998 622 2081 ipse
646 1997 777 2072 excussi,
802 1997 978 2061 accuratius
1001 1996 1105 2062 retuli.

208 2102 366 2180 Virorum,
390 2103 445 2186 qui
469 2103 506 2166 de
522 2102 658 2185 epistula
680 2100 865 2183 explicanda
882 2101 987 2165 meriti
1002 2106 1086 2179 sunt,
1112 2102 1217 2168 maior
1231 2125 1306 2188 pars

120 2207 184 2270 iam
212 2211 457 2271 commemorata
486 2210 543 2270 est.
588 2206 735 2271 Editores
758 2205 842 2267 euim
863 2204 1007 2288 plerique
1030 2212 1062 2269 et
1083 2206 1117 2270 in
1141 2229 1307 2272 commen·

121 2311 202 2374 tario
231 2315 353 2375 textum
381 2308 581 2392 interpretati
612 2314 686 2373 sunt
712 2308 799 2372 etin
821 2308 1059 2393 Prolegomenis
1083 2311 1122 2374 de
1145 2312 1308 2395 epistulae

121 2415 294 2491 authentia,
319 2415 511 2499 integritate,
524 2412 655 2497 origine,
680 2416 815 2486 auctore,
839 2411 1010 2476 lectoribus
1030 2418 1090 2478 etc.
1116 2415 1308 2499 disputare-

121 2524 204 2583 runt.
240 2518 330 2583 Alios
353 2519 489 2594 laudari,
513 2517 569 2580 ubi
591 2516 629 2580 de
644 2516 809 2580 authentia
824 2520 882 2579 etc.
906 2519 1049 2581 tractavi.
1079 2518 1129 2583 De
1145 2520 1310 2604 epistulae

122 2624 315 2688 doctrina
336 2628 463 2707 praeter
485 2622 567 2685 viros
589 2621 622 2683 in
644 2620 769 2684 Notitia
791 2617 933 2702 generali
954 2621 1136 2687 nominatos
1157 2624 1311 2707 inprimis

123 2729 362 2812 disputaverunt
385 2724 533 2800 Hefele³‚
558 2722 682 2788 Franks
694 2724 716 2799 ⁴,
741 2723 766 2787 Ι.
790 2723 914 2805 Kayser
925 2726 946 2798 ⁶,
972 2723 1237 2810 cunninghaw.

351 2983 591 3050 EPISTULAE
615 2983 859 3050 CLEMENTIS
882 2983 1066 3049 ROMANI.

699 3140 723 3203 Ι.

213 3263 290 3340 Quis
312 3263 446 3347 primam
461 3259 631 3326 Clementis
654 3260 823 3345 epistulam
845 3263 1016 3346 scripserit,
1040 3284 1079 3326 ex
1098 3285 1137 3328 ea
1154 3264 1228 3348 ipsa
1244 3288 1314 3331 non

125 3371 266 3452 apparet.
314 3365 413 3429 Missa
440 3370 488 3429 est
511 3365 594 3429 enim
617 3367 657 3429 ab
682 3366 814 3430 ecclesia
836 3366 1050 3431 Romanorum
1073 3369 1114 3431 ad
1138 3369 1314 3435 ecclesiam

196 3506 208 3557 l
232 3501 416 3570 lloeolopiccte
433 3500 642 3570 Qeaortolacbn'ft
662 3499 729 3554 1880
745 3517 773 3568 p.
792 3500 936 3554 eas-637.

195 3593 211 3645 2
230 3589 419 3644 Tischendorl'
435 3588 465 3641 in
483 3586 561 3641 Novo
580 3585 761 3640 Testamento
781 3585 916 3641 Sinaitico
938 3587 1005 3642 1863
1022 3604 1050 3656 p.
1070 3586 1163 3642 XXIV
1190 3591 1257 3661 agit
1276 3594 1314 3647 de

125 3677 338 3737 correctoribus,
358 3673 434 3729 locos
454 3671 593 3742 epistulae
612 3670 759 3726 Barnabae
777 3689 804 3740 p.
823 3670 935 3725 LXXVI
953 3689 1014 3739 sqq.
1033 3672 1180 3729 describit.

194 3766 210 3820 8
228 3765 290 3819 Dos
308 3761 512 3818 Scndscbrerben
529 3759 575 3814 dea
592 3759 646 3827 Ap.
664 3758 810 3812 Bumodus
829 3757 896 3811 1840
914 3775 941 3827 p.
961 3758 1108 3813 ara-262.

194 3850 385 3915 dZeitacdn'ft
397 3848 449 3918 fur
467 3847 561 3903 latter.
584 3844 723 3913 lbeolops'e
745 3843 817 3899 1840.
837 3844 870 3905 II,
889 3844 1000 3900 67-9‘2.

195 3942 211 3994 5
236 3938 320 3993 Ueder
336 3938 385 3992 den
404 3952 456 4005 cop.
477 3931 696 3998 Bamotosbries
713 3927 779 3984 1866
797 3947 823 3998 p.
843 3930 972 3985 85-141.

196 4026 257 4081 611
275 4025 446 4080 duramnus
463 4038 499 4076 oa
516 4021 559 4074 tte
577 4018 631 4086 Ep.
650 4016 683 4086 os
699 4015 726 4069 S.
746 4016 894 4071 Barnabae
912 4035 938 4085 p.
960 4017 1106 4074 105-117.
1135 4052 1171 4061 -
1190 4024 1314 4080 'l'raeta-

124 4118 172 4169 tus
193 4113 301 4169 Studia
325 4127 386 4165 caer
404 4107 650 4169 Bornobocbreoet,
679 4103 804 4169 queml.
824 4102 852 4155 P.
872 4102 951 4174 Bang
977 4104 1007 4158 in
1030 4106 1133 4177 Teotop.
1158 4109 1316 4182 Tr'dssknyc

128 4201 203 4263 1900,
223 4198 255 4257 ΙΙ.
278 4202 299 4254 1.
319 4199 335 4251 2
352 4195 517 4267 publicavit,
535 4192 606 4246 mihi
624 4207 681 4244 non
700 4192 814 4258 praest-o
834 4189 897 4241 fuit.
