2834 5018
506 561 701 617 saansaan
720 563 903 619 aerarum.
1184 573 1293 638 XXXI

117 740 199 811 1672,
228 740 300 805 loh.
326 740 398 805 Fell
423 742 540 819 16851,
565 742 610 807 St.
634 743 676 808 Le
698 743 814 826 Moyne
843 745 926 809 1685
941 742 961 820 ²,
986 745 1010 808 1.
1034 745 1172 811 Clericus·
1200 749 1294 826 1698,

114 847 195 911 Rich.
223 846 342 910 Russel
370 847 466 922 1746,
492 846 635 913 Andreas
660 848 806 914 (lallandi
835 851 928 923 1765,
957 849 990 914 O.
1019 850 1041 914 Ι.
1060 852 1174 917 Hefele
1201 854 1293 929 1839,

116 950 159 1014 Fr.
190 951 229 1015 X.
256 952 451 1034 Reithmayr
483 951 583 1025 1844,
619 952 657 1016 Α.
683 952 824 1018 Grenfell
858 956 958 1031 1844,
992 955 1050 1019 Ed.
1085 957 1122 1019 de
1145 957 1294 1035 Muralto,

115 1057 191 1120 1847
205 1055 228 1133 ³,
262 1056 287 1120 I.
312 1056 348 1120 P.
374 1057 484 1139 Migne
509 1058 608 1134 1857,
641 1057 714 1122 Alb.
740 1057 985 1123 Dresse11857.
1031 1059 1148 1124 Omnes
1173 1065 1295 1125 textum

115 1183 259 1245 graecum
283 1162 436 1226 exhibent
460 1160 616 1237 mutilum,
647 1162 738 1226 initio
761 1161 811 1225 vel
833 1163 991 1245 particula
1017 1165 1294 1239 1-5,7“111111-

114 1272 191 1341 tem,
224 1268 374 1330 nituntur
397 1266 481 1329 enim
504 1265 673 1342 codicibus,
707 1266 739 1329 in
764 1266 878 1349 quibus
901 1266 1068 1332 Barnabae
1091 1269 1228 1352 epistula
1250 1270 1296 1333 ita

118 1392 183 1434 cum
206 1371 380 1454 Polycarpi
404 1369 541 1453 epistula
564 1370 778 1434 contaminata
802 1377 858 1447 est,
886 1377 922 1435 ut
945 1372 1038 1437 huius
1060 1376 1157 1440 verba
1179 1374 1233 1435 καί
1256 1373 1296 1435 δι’

119 1471 194 1552 ἡμᾶς
217 1472 278 1534 aad
303 1474 347 1549 (9,
366 1471 399 1555 2)
424 1472 509 1537 illius
526 1474 623 1537 verba
645 1472 697 1533 τὸν
714 1470 790 1534 λαὸν
806 1473 859 1534 τὸν
874 1473 981 1536 καινόν
1007 1476 1049 1559 (5,
1069 1477 1100 1560 7)
1124 1479 1293 1563 excipiant.

121 1577 273 1643 Lacunam
303 1584 411 1642 autem
443 1577 671 1661 suppleverunt
701 1578 845 1641 versione
874 1584 978 1643 vetere
1002 1581 1111 1658 latina,
1137 1604 1217 1666 quae
1241 1604 1294 1646 eo·

125 1683 189 1748 dem
210 1689 363 1767 tempore,
389 1703 452 1766 quo
474 1688 579 1746 textus
602 1701 734 1764 graecus
758 1683 937 1766 acephalus,
963 1685 1085 1748 detecta
1108 1690 1164 1748 est.

204 1787 338 1852 Textum
363 1807 514 1870 graecum
536 1787 695 1870 integrum
713 1787 888 1852 Simonides
911 1789 975 1851 iam
992 1811 1019 1852 a.
1036 1791 1119 1853 1843
1143 1788 1296 1872 Smyrnae

128 1913 142 1954 e
163 1894 263 1956 codice
285 1892 456 1956 bibliorum
474 1891 625 1956 Sinaitico
641 1893 775 1955 edidisse
791 1893 928 1956 traditur
937 1893 958 1954 ⁴.
1006 1891 1223 1957 Occidentales
1240 1896 1294 1958 de·

130 2019 205 2061 mum
227 2020 297 2062 eum
320 2001 520 2080 acceperunt,
545 2019 617 2061 cum
639 1994 673 2059 0.
698 1996 909 2061 Tischendorf
930 2020 957 2060 1.
974 1996 1058 2060 1868
1082 1999 1220 2061 codicem
1244 1998 1294 2062 81·

131 2102 264 2166 naiticum
287 2107 400 2178 totum,
426 2125 453 2164 1.
473 2102 556 2165 1863
579 2100 706 2164 Novum
720 2100 955 2165 Testamentum
980 2101 1166 2166 Sinaiticum
1189 2103 1294 2185 publi-

135 2214 214 2269 caret.
257 2205 326 2282 Quo
359 2207 442 2269 libro
473 2205 615 2269 adhibito
646 2205 815 2288 epistulam
846 2213 1069 2270 recensuerunt
1092 2205 1130 2270 A.
1155 2206 1293 2283 Dressel,

137 2308 168 2372 G.
187 2310 332 2376 l'olkmar
357 2312 442 2376 1864
455 2310 477 2387 ⁶,
509 2309 568 2375 Ad.
593 2310 778 2393 Hilgenfeld
805 2312 898 2388 1866,
925 2312 949 2374 1.
975 2309 1010 2374 G.
1035 2310 1151 2374 Mulier
1176 2313 1258 2375 1869
1272 2312 1294 2387 ⁰,

139 2411 403 2481 1111111111
428 2416 521 2492 1875,
555 2415 591 2480 G.
618 2415 659 2478 H.
677 2415 812 2479 Rendall
838 2417 920 2480 1877
935 2415 956 2492 ⁷,
982 2414 1012 2480 S.
1035 2415 1155 2498 Sharpe
1181 2414 1293 2480 18801.

208 2519 327 2584 Interea
360 2520 548 2585 Philotheus
579 2520 756 2603 Bryennius
787 2518 1062 2602 Constantinopoli
1094 2521 1126 2583 in
1157 2521 1296 2584 codicem

140 2621 352 2689 celeberrimum
384 2627 547 2703 inciderat,
581 2626 632 2689 cui
662 2622 851 2690 Doctrinam
884 2626 1101 2710 apostolorum
1135 2626 1293 2702 debemus,

141 2728 182 2807 qui
200 2751 266 2794 vem
290 2732 387 2794 etiam
411 2729 577 2793 Barnabae
600 2729 770 2813 epistulam
793 2731 941 2804 continet,
971 2751 1104 2811 cumque
1127 2729 1208 2793 hanc
1231 2752 1295 2793 non

141 2828 192 2911 ipse
217 2836 296 2918 typis
328 2833 476 2917 evulgare
505 2837 621 2916 posset,
651 2832 802 2896 lectiones
832 2832 906 2896 libri
935 2832 1085 2915 Adolpho
1109 2832 1296 2918 Hilgenfeld

142 2939 368 3014 communicavit,
401 2938 455 3021 qui
478 2937 647 3021 epistulam
678 2959 705 3001 1.
732 2937 814 3001 1877
846 2939 947 3002 denuo
978 2939 1072 3002 edens
1099 2960 1151 3002 eas
1174 2939 1296 3022 publici

143 3035 201 3103 iuris
220 3041 302 3119 fecit,
326 3043 374 3105 ita
396 3046 433 3104 ut
455 3041 495 3104 ad
512 3041 698 3123 scripturam
721 3042 942 3105 recensendam
966 3043 1060 3106 etiam
1082 3042 1136 3106 alii
1151 3065 1203 3106 eas
1220 3065 1295 3107 con-

142 3150 236 3209 vertere
258 3153 397 3229 possent,
422 3144 458 3209 O.
485 3147 522 3209 de
538 3144 698 3209 Gebhardt
720 3144 753 3207 in
777 3147 913 3210 editione
936 3148 1036 3230 partis
1059 3146 1090 3210 Il
1113 3147 1256 3211 fasciculi
1280 3148 1296 3211 Ι

143 3242 247 3313 Petrum
271 3256 372 3336 apost.
399 3251 499 3315 altera
524 3252 607 3315 1878
631 3255 662 3313 11
684 3250 717 3312 in
740 3249 876 3314 editione
899 3250 1030 3314 Patmm
1052 3256 1152 3333 apost.
1176 3252 1296 3315 minore

143 3351 221 3430 1877,
253 3377 312 3440 ego
341 3355 375 3419 in
399 3354 534 3418 editione
563 3354 694 3418 Patrum
718 3360 819 3437 apost.
853 3355 957 3438 priore
982 3355 1076 3432 1878,
1111 3354 1294 3439 Lightfoot-

142 3452 370 3524 Η1111111891.

210 3565 284 3630 Cum
308 3567 431 3630 codices
455 3563 632 3647 acephalos,
658 3565 712 3648 qui
734 3563 906 3627 editoribus
921 3564 1080 3647 prioribus
1103 3563 1161 3626 soli
1177 3563 1296 3645 cogniti

148 3685 271 3696 u———-,

196 3737 206 3788 l
224 3737 248 3791 S.
267 3734 414 3790 Barnabae
434 3734 564 3803 Apostoli
583 3734 706 3803 epistola
719 3733 865 3788 Catholica
884 3738 936 3787 etc.
958 3733 1091 3788 Oxoniae.
1129 3731 1227 3786 Editor
1245 3749 1292 3785 no·

138 3835 188 3873 men
204 3842 280 3876 suum
299 3821 384 3876 titulo
403 3839 458 3875 non
479 3820 590 3874 adiecit.

192 3909 206 3961 2
224 3911 309 3963 Varia
327 3909 419 3963 81111.
456 3907 586 3975 Lugduni
605 3907 702 3961 Batav.
723 3909 742 3959 t.
761 3905 781 3957 1.
819 3904 917 3959 Denuo
938 3907 1012 3961 1694.

194 3999 207 4050 3
226 3997 319 4052 Codex
332 3997 405 4051 Novi
420 3995 543 4049 Testam.
558 3992 828 4048 deuteroeanonious
842 3993 900 4046 sive
913 3994 1012 4047 Patres
1026 3997 1116 4063 apost.
1132 3992 1227 4046 Turici
1241 3995 1260 4044 1.
1274 3992 1295 4044 I.

193 4086 208 4135 4
224 4084 253 4138 Ε.
274 4085 303 4139 (3.
323 4082 508 4138 Richardson.
528 4081 759 4150 Bibliopruphicul
778 4081 908 4148 Spaopsis
927 4081 993 4136 1887
1012 4100 1039 4150 p.
1062 4081 1100 4134 16.

195 4172 437 4225 51111111111111
456 4168 606 4223 vetustatis
626 4168 798 4220 christianae
818 4165 965 4221 ineditum.
1003 4166 1096 4220 Turici
1116 4170 1150 4231 (c.
1172 4167 1259 4234 1-5).

192 4258 385 4326 6111111119
403 4258 450 4311 dea
468 4256 718 4323 Burucbuabrieses.
756 4254 875 4323 Lipsiae.

192 4345 206 4395 7
223 4344 316 4399 Editio
336 4344 471 4398 adiuncta
500 4347 543 4397 est
563 4342 755 4395 dissertationi
774 4341 830 4394 iam
855 4340 1003 4402 laudatae,
1032 4356 1116 4406 quam
1136 4341 1204 4392 fecit
1224 4340 1295 4393 Cun-

133 4427 256 4500 ningham
275 4434 321 4499 (cf.
340 4450 367 4502 p.
389 4432 481 4486 XXlV
501 4448 526 4483 n.
546 4432 581 4498 6).

193 4519 252 4574 88.
271 4521 424 4575 Barnubna'
443 4521 536 4588 epr'stle
553 4521 582 4572 in
602 4519 687 4573 Greci·
705 4518 768 4571 111111
787 4518 956 4571 translation.
994 4514 1119 4568 Londini.
