2834 5018
180 324 247 386 312
547 317 573 372 S.
592 316 798 373 POLYCARPI
815 316 992 373 EPISTULA

182 495 313 580 πατέρα
336 497 442 559 αὐτοῦ
464 496 524 559 τὸν
539 495 715 578 ἐγείραντα
737 497 842 560 αὐτὸν
864 496 901 559 ἐκ
917 500 1059 580 νεκρῶν.
1105 496 1136 560 3.
1160 493 1248 578 ὑπὲρ
1274 494 1365 558 πάν-

180 621 251 663 των
266 605 336 663 τῶν
360 601 467 683 ἁγίων
481 598 725 683 προσεύχεσθε.
758 599 993 685 προσεύχεσθε
1015 600 1068 662 καί
1084 599 1170 682 ὑπὲρ
1186 597 1366 682 βασιλέων

182 705 237 766 καί
253 702 400 780 ἐξουσιῶν
422 704 476 766 καί
493 703 653 786 ἀρχόντων
675 704 728 766 καί
744 705 831 790 ὑπὲρ
847 710 918 769 τῶν
933 703 1129 768 διωκόντων
1145 704 1202 767 καί
1216 706 1363 783 μισούν-

180 830 252 873 των
273 813 361 889 ὑμοῖς
384 809 438 872 καί
466 808 543 890 ὑπὲρ
564 815 635 873 τῶν
658 808 795 895 ἐχθρῶν
817 815 877 874 τοῦ
908 816 1073 894 σταυροῦ,
1105 811 1161 873 ἵνα
1185 810 1204 872 ὁ
1227 808 1362 893 καρπὸς

155 917 281 994 τὺμῶν
303 915 450 998 φανερὸς
473 914 495 1000 ᾖ
518 914 556 978 ἐν
579 919 697 994 πᾶσιν,
720 916 776 978 ίνα
799 917 857 998 ᾗτε
881 913 1001 979 τέλειοι
1023 912 1056 975 ἐν
1079 911 1217 998 ἐκείνῳ].

268 1020 355 1084 ΧΠΙ.
380 1017 561 1102 Ἐγροίψατέ
591 1038 642 1100 μοι
664 1019 717 1081 καί
749 1018 834 1101 ὑμεῖς
865 1020 918 1080 καί
942 1016 1102 1102 Ἰγνάτιος,
1134 1019 1205 1096 ἵνα,
1237 1016 1294 1080 ἐάν
1316 1036 1363 1091 τις

181 1121 354 1208 ἀπέρχηται
377 1124 420 1199 εἰς
442 1122 574 1206 Συρίαν,
596 1120 658 1185 ’καί
681 1125 720 1184 τὰ
750 1122 825 1204 παρ’
852 1123 938 1205 ὑμῶν
968 1120 1146 1205 ἀποκομίσγγ
1172 1121 1361 1205 γράμματα·

182 1229 257 1310 ὅπερ
280 1226 418 1310 ποιήσω,
442 1226 497 1290 ἐὰν
520 1225 608 1312 λάβω
631 1228 739 1309 καιρὸν
762 1230 893 1292 εὔθετον
917 1229 977 1290 εἴτε
1001 1226 1077 1310 ἐγώ,
1102 1229 1163 1290 εἶτε
1186 1227 1221 1289 ὃν
1244 1224 1363 1308 πέμψω

184 1331 417 1416 πρεσβεύσαντα
449 1333 502 1394 καί
535 1332 603 1413 περί
637 1331 734 1414 ὑμῶν.
779 1335 809 1397 2.
837 1334 893 1407 τὰς
927 1330 1092 1406 ἐπιστολὰς
1122 1327 1278 1414 Ἰγνατίου
1305 1331 1363 1404 τὰς

144 1458 170 1495 ιο
184 1435 384 1518 πεμφθείσας
412 1435 484 1520 ἡμῖν
507 1435 558 1499 ὑπ’
580 1438 676 1500 αὐτοῦ
698 1439 751 1499 καί
776 1437 891 1517 ἄλλας,
923 1439 999 1512 ὅσας
1028 1439 1152 1519 εἴχομεν
1182 1434 1257 1518 παρ’
1278 1434 1361 1518 ἡμῖν,

185 1539 367 1623 ἐπέμψαμεν
390 1541 478 1624 ὑμῖν,
510 1542 622 1616 καθὼς
645 1541 862 1607 ένετείλασθε·
896 1542 1009 1616 αἵτινες
1031 1539 1280 1624 ὑποτεταγμέναι
1303 1540 1361 1603 εἰσί

181 1654 219 1728 τῇ
243 1644 391 1728 ἐπιστολῇ
413 1646 528 1730 ταύτῃ,
562 1645 594 1723 ἐξ
617 1643 661 1710 ὧν
684 1646 807 1731 μεγαλα
837 1645 1042 1730 ὠφεληθῆναι
1074 1645 1262 1728 δυνήσεσθε.
1307 1666 1362 1707 πε-

182 1750 318 1833 ριέχουσι
340 1753 400 1833 γὰρ
431 1751 533 1815 πίστιν
555 1753 608 1814 καί
640 1752 798 1834 ὑπομονὴν
821 1752 874 1814 καί
904 1760 1008 1813 πᾶσαν
1038 1749 1205 1831 οἰκοδομὴν
1239 1750 1297 1832 τλγν
1319 1748 1362 1824 εἰς

181 1856 235 1917 τὸν
257 1853 363 1936 κύριον
394 1853 482 1938 ἡμῶν
510 1857 698 1940 ἀνήκουσαν.
746 1856 814 1942 [καί
837 1858 905 1938 περὶ
930 1857 1025 1918 αὐτοῦ
1053 1864 1108 1917 τοῦ
1131 1852 1286 1937 Ἰγνατίου
1308 1855 1361 1916 καί

143 1980 168 2017 rs
183 1959 250 2039 περί
274 1966 335 2020 τῶν
360 1960 416 2020 σὺν
439 1960 524 2042 αὐτῷ
547 1961 564 2022 ὃ
587 1961 625 2024 ἂν
648 1959 881 2041 ἀσφαλέστερον
904 1967 1014 2043 γνῶτε,
1038 1956 1229 2043 datdonis}

269 2063 356 2128 xlv.
383 2061 507 2147 [Ταῦτα
530 2065 653 2148 ἔγραψα
676 2064 746 2149 ὑμῖν
769 2065 820 2127 διὰ
844 2064 1053 2148 Κρήσκεντος,
1077 2065 1112 2127 ὃν
1136 2063 1179 2139 εἰς
1203 2064 1240 2125 τὸ
1263 2064 1361 2145 παρὸν

182 2165 358 2250 cossa-pa
388 2167 457 2251 ὑμῖν
479 2171 533 2231 καί
563 2179 617 2233 νῦν
649 2169 819 2253 συνίστημι.
866 2170 1044 2251 ἀνεστρίφη
1078 2170 1139 2252 γὰρ
1166 2168 1242 2251 μεθ’
1274 2167 1360 2251 ἡμῶν

182 2268 366 2352 ἀμέμπτως·
391 2271 527 2334 πιστεύω
550 2272 594 2351 δέ,
618 2275 664 2336 ὅτι
687 2274 740 2335 καί
764 2271 839 2355 μεθ’
861 2272 948 2355 ὑμῶν
972 2272 1095 2354 ὁμοίως.
1140 2275 1198 2355 τὴν
1220 2273 1257 2336 δὲ
1273 2271 1360 2335 ἀδελ-

183 2375 244 2456 φὴν
267 2375 361 2437 αὐτοῦ
385 2373 469 2451 ἕξετε
485 2375 724 2460 συνεσταμένην,
748 2377 822 2438 ὅταν
839 2377 966 2459 ἔρχηται
990 2376 1065 2457 πρὸς
1082 2375 1171 2457 ὑμᾶς.
1218 2376 1360 2457 ἔρρωσθε

143 2500 168 2539 νο
183 2477 216 2541 ἐν
239 2485 282 2561 τῷ
304 2478 401 2562 κυρίῳ
418 2477 522 2563 Ἰησοῦ
538 2479 664 2563 Χριστῷ
688 2480 721 2543 ἐν
744 2480 845 2563 χάριτι
869 2481 948 2562 μετὰ
968 2480 1092 2542 πάντων
1115 2487 1178 2542 τῶν
1194 2478 1358 2562 ὑμετέρων.

182 2581 290 2667 rippa}

217 2719 241 2773 3.
260 2721 369 2790 Fragm.
388 2738 442 2789 syr.
461 2721 604 2791 Zingerle,
633 2723 755 2777 Monum.
782 2722 829 2784 lio,
848 2722 924 2788 quod
943 2722 1049 2790 martyr
1067 2720 1287 2789 Smyrnaeorum
1306 2720 1359 2791 epi·

183 2826 236 2877 syr.
250 2807 262 2860 1
277 2811 290 2863 l
310 2812 356 2875 (-
368 2810 508 2883 σταυροῦ).
528 2839 561 2848 -
580 2807 684 2862 Versus
696 2809 756 2863 fore
784 2827 870 2878 scopo
882 2807 1023 2877 Philippis
1035 2807 1188 2876 scripserit.
1201 2839 1238 2847 —-
1251 2809 1287 2866 td
1299 2806 1360 2879 παρ’

182 2899 259 2951 totus
278 2894 316 2949 ad
334 2896 421 2950 verba
438 2895 464 2950 S.
484 2897 646 2965 Scripturas
657 2897 757 2950 referri
783 2894 862 2966 ὑμῶν
878 2896 949 2965 κτλ]
964 2894 1161 2964 Philippenses
1181 2898 1359 2966 rogaverant

183 2984 285 3052 potest.
304 3014 339 3023 -
356 2983 503 3056 βασιλέων]
521 2983 583 3037 Vox
596 2999 652 3036 non
666 2985 757 3037 solum
784 2987 817 3036 ut
844 2982 1016 3050 Polycarpus
1045 2982 1172 3045 litteras,
1208 2999 1281 3050 quas
1308 2981 1360 3051 ipsi

184 3068 219 3123 de
237 3069 456 3139 imperatoribus
475 3070 624 3133 Romanis,
650 3070 699 3125 sed
723 3070 757 3125 de
785 3068 967 3122 Antiochenis
993 3067 1177 3137 scripserant,
1204 3068 1235 3122 in
1255 3069 1360 3139 Syriam

184 3156 312 3210 omnibus
329 3156 442 3226 regibus
452 3155 646 3227 intellegenda
664 3160 713 3210 est.
783 3157 919 3211 mitteret.
957 3155 1095 3215 Adtende,
1107 3154 1178 3221 quid
1190 3155 1360 3209 diuatinter·

218 3244 291 3297 Xlll.
310 3243 410 3297 Euseb.
430 3242 463 3296 H.
483 3243 514 3297 Ε.
533 3244 580 3307 ΙΙΙ,
600 3245 641 3306 36,
663 3244 757 3298 15.16.
785 3261 849 3314 pres
864 3242 978 3296 latinus.

183 3331 360 3397 Quamquam
369 3332 463 3383 textus
473 3330 556 3384 huius
566 3330 669 3398 capitis
680 3346 757 3399 grae·
820 3332 843 3384 2.
862 3331 1041 3399 πεμφθείσας
1059 3327 1134 3397 ἡμῖν]
1163 3345 1201 3383 so.
1230 3330 1361 3399 episeopo

183 3435 231 3472 eus
245 3420 281 3473 ab
292 3417 415 3472 Eusebio
427 3417 549 3472 traditus
563 3419 613 3480 est
632 3419 758 3471 attamen
786 3419 815 3471 et
842 3414 976 3469 ecelesiae
1004 3414 1229 3482 Smyrnaeorum.
1277 3417 1361 3471 Vetus

185 3522 251 3558 are
269 3504 345 3557 haud
366 3503 489 3556 alienum
508 3504 654 3566 essedum,
673 3504 758 3558 inter·
786 3505 924 3572 interpres
945 3502 979 3555 de
1009 3500 1139 3570 epistulis
1168 3501 1241 3555 dicit
1259 3501 1362 3572 Philip·

182 3590 373 3659 pretationem
397 3590 516 3643 latinam
536 3593 659 3644 veterem
684 3591 757 3646 dure.
786 3588 919 3660 pensibus
939 3589 1021 3642 datis.
1039 3619 1074 3627 -
1093 3582 1267 3660 ἄλλαςκτλ]
1287 3588 1363 3657 Poly·

221 3681 243 3731 1.
262 3676 398 3749 ’ίγνάτιος
415 3677 486 3746 κτλ]
514 3676 583 3730 Cum
610 3678 699 3731 verba
725 3679 760 3736 τὰ
786 3694 887 3746 carpus
905 3691 973 3745 ergo
992 3673 1130 3743 epistulas
1149 3673 1259 3743 ignatii
1284 3675 1362 3730 eolle-

182 3761 249 3836 παρ’
268 3761 348 3833 ὑμῶν
361 3765 513 3836 γράμματα
532 3764 569 3817 ad
586 3763 690 3832 Ignatii
703 3764 759 3834 epi·
786 3763 837 3832 git.
875 3762 1024 3827 Quaeritur
1044 3762 1153 3822 autem,
1180 3778 1251 3815 num
1269 3778 1364 3816 omnes

184 3849 286 3903 stulam
305 3850 340 3903 ad
358 3848 546 3919 Polycarpum
563 3851 599 3920 (8,
621 3854 661 3914 1),
686 3868 759 3919 quae
786 3854 815 3904 et
832 3848 1000 3919 praesertim
1027 3847 1112 3900 etiam
1142 3847 1299 3915 epistulam
1329 3849 1363 3903 ad

184 3937 265 3991 nobis
285 3939 452 3992 conservata
471 3940 526 4000 est,
555 3941 685 3991 accurate
703 3954 760 3991 non
785 3936 926 3990 Romanos
945 3933 1133 4003 descripserit.
1172 3934 1215 3988 Cf.
1231 3936 1363 4006 Prolego·

183 4027 294 4093 possint
311 4024 423 4088 referri,
444 4023 604 4090 quaeritur,
622 4042 689 4077 num
706 4024 760 4077 hoo
786 4039 869 4076 mena
881 4040 904 4076 e.
917 4023 941 4074 2.
959 4053 994 4060 —
1011 4019 1234 4093 ἀσφαλέστερον]
1254 4022 1320 4078 Non
1332 4024 1364 4077 de

184 4109 245 4165 loeo
264 4110 299 4164 de
318 4110 374 4165 ist-a
392 4127 483 4164 sermo
497 4110 534 4164 sit
552 4127 588 4164 an
608 4110 642 4164 de
655 4109 758 4180 episto·
787 4111 890 4179 Ignatii
910 4110 1001 4163 morte
1021 4106 1067 4174 (of.
1082 4124 1104 4160 o.
1118 4107 1154 4175 9),
1175 4107 1227 4161 sed
1246 4111 1283 4165 de
1295 4128 1365 4165 mor·

666 4314 872 4323 ————
