2834 5018
463 629 578 685 nano.
598 630 657 695 an,
676 631 701 694 4,
719 631 796 695 o-s‚
815 632 841 686 2.
1133 660 1136 666 -
1174 638 1237 702 517

57 806 137 871 latis
161 806 288 885 diaboli,
313 830 394 892 quae
416 815 490 875 sunt
512 809 655 876 difficilia
682 813 716 875 et
737 832 845 875 amara
867 814 899 874 et
920 809 990 874 fera
1010 814 1043 874 et
1063 809 1235 890 immunda,

60 916 96 976 et
119 911 218 976 nolite
240 913 352 977 timere
374 913 552 991 diabolum,
583 916 744 999 quianon
773 914 872 980 habet
902 918 1093 998 potestatem
1115 915 1149 980 in
1170 936 1234 980 vos.

59 1016 92 1080 7.
116 1017 188 1100 Ego
212 1018 295 1083 enim
317 1018 481 1084 vobiscum
503 1041 572 1098 ero,
597 1018 729 1102 angelus
752 1019 979 1103 paenitentiae,
1011 1019 1066 1104 qui
1089 1019 1155 1084 eius
1178 1020 1236 1086 do·

57 1121 174 1185 minor.
220 1122 375 1188 Diabolus
397 1125 545 1189 timorem
574 1127 700 1188 tantum
722 1123 816 1202 facit,
846 1124 903 1189 sed
923 1125 1018 1189 timor
1048 1123 1115 1188 eiua
1137 1146 1237 1189 vanus

55 1229 123 1302 est3
146 1227 245 1292 nolite
267 1250 343 1313 ergo
367 1251 438 1293 eum
460 1229 579 1307 timere,
604 1232 637 1293 et
657 1227 762 1312 fugiet
784 1251 803 1293 a
824 1229 924 1293 vohis.
1250 1255 1263 1294 c

150 1430 186 1498 5.
210 1435 292 1500 Dico
315 1436 361 1501 ei:
385 1437 530 1514 Domine,
554 1437 629 1500 audi
651 1457 701 1500 me
723 1458 826 1519 pauca
847 1438 943 1503 verba
967 1438 1129 1503 dicentem.
1165 1437 1235 1515 Dic,

52 1541 181 1624 inquit,
215 1540 377 1625 quodvis.
424 1540 529 1605 Homo
551 1540 694 1624 quidem,
724 1541 870 1625 inquam,
902 1543 1041 1620 domine,
1071 1545 1236 1626 promptus

60 1650 114 1710 est
135 1646 285 1710 mandata
315 1645 364 1710 dei
387 1645 562 1723 custodire,
596 1650 627 1709 et
648 1667 740 1711 nemo
762 1651 825 1723 est,
855 1647 994 1730 quinon
1025 1651 1116 1730 petat
1137 1670 1157 1711 a
1178 1648 1236 1712 do·

55 1750 162 1827 mino,
195 1755 232 1814 nt
260 1751 457 1816 confortetur
485 1750 517 1814 in
540 1750 698 1815 mandatis
730 1750 796 1814 eius
825 1750 928 1834 iisque
959 1752 1146 1828 subiciatun
1182 1752 1237 1818 sed

57 1853 208 1920 diabolus
231 1856 327 1919 durus
349 1859 398 1918 est
420 1876 458 1919 ac
480 1855 660 1919 dominatur
674 1876 792 1919 eorum.
839 1856 868 1919 2.
893 1855 967 1920 Non
982 1860 1098 1941 potest,
1120 1856 1234 1940 inquit,
1251 1882 1275 1920 ιο

55 1961 215 2026 dominari
249 1981 410 2025 servorum
443 1959 503 2037 dei,
539 1960 593 2042 qui
627 1981 666 2023 ex
700 1963 768 2024 toto
803 1960 895 2024 corde
929 1964 1058 2043 sperant
1084 1960 1118 2025 in
1152 1981 1233 2025 eum.

55 2065 171 2130 Potest
194 2064 338 2129 diabolus
360 2064 491 2141 luctari,
519 2064 644 2128 vincere
666 2068 772 2129 autem
799 2086 864 2129 non
889 2068 1005 2148 potest.
1051 2064 1085 2130 Si
1108 2087 1184 2150 ergo
1206 2065 1236 2129 ei

54 2170 224 2246 resistitis,
259 2169 405 2234 victusa
433 2168 524 2233 vobis
553 2168 656 2252 fugiet
683 2168 842 2233 confusus.
890 2167 1085 2253 Quicumque
1117 2173 1233 2248 autem,

54 2274 177 2359 inquit,
201 2274 311 2338 inanes
335 2278 425 2350 sunt,
455 2274 569 2338 timent
591 2272 751 2338 diabolum
781 2273 873 2358 quasi
893 2277 1084 2357 potestatem
1112 2274 1234 2338 haben·

55 2384 132 2444 tem.
179 2379 209 2442 3.
234 2376 313 2442 (lum
335 2378 430 2442 homo
452 2378 622 2462 amphoras
645 2378 827 2461 aptissimas
856 2378 930 2443 vino
952 2379 1035 2443 bono
1057 2378 1275 2462 impleveritis

55 2493 91 2548 et
113 2483 197 2547 inter
218 2482 388 2567 amphoras
416 2482 489 2547 illas
510 2505 631 2567 paucae
660 2483 852 2568 semiplenae
879 2484 1015 2560 fuerint,
1046 2484 1174 2548 veniens
1196 2484 1236 2548 ad

57 2588 231 2671 amphoras
263 2609 327 2652 non
360 2588 559 2672 recognoscit
579 2586 690 2671 plenas
725 2587 798 2670 (scit
821 2588 905 2652 enim
926 2609 980 2653 eas
1009 2587 1120 2672 plenas
1143 2586 1235 2670 esse),

56 2692 115 2757 sed
137 2692 335 2776 recognoscit
357 2691 555 2776 semiplenos,
580 2693 705 2770 timens,
728 2714 769 2757 ne
793 2698 954 2769 aeescant;
977 2693 1041 2758 cito
1061 2693 1145 2758 enim
1167 2715 1235 2758 am·

57 2797 180 2881 phoras
209 2795 402 2880 semiplenae
433 2801 581 2860 acescunt
611 2801 643 2860 et
672 2797 803 2861 dulcedo
836 2797 902 2862 vini
934 2798 1025 2882 perit.
1077 2799 1107 2861 4.
1131 2797 1182 2862 Ita
1204 2801 1237 2862 ct

58 2899 207 2965 diabolus
239 2900 327 2964 venit
349 2901 389 2964 ad
422 2921 530 2964 omnes
553 2921 658 2965 servos
691 2901 741 2964 dei
769 2905 897 2966 tentans
930 2923 992 2966 eos.
1039 2900 1235 2987 Quicumque
1248 2923 1274 2962 so

59 3025 137 3089 ergo
159 3004 246 3088 pleni
269 3009 343 3069 sunt
364 3004 443 3082 fide,
471 3004 622 3068 resistunt
645 3005 674 3069 ei
696 3004 837 3084 fortiter,
862 3011 895 3069 et
915 3004 970 3070 ille
992 3006 1111 3071 recedit
1133 3007 1173 3072 ab
1196 3007 1235 3071 iis

57 3131 124 3174 non
146 3107 266 3173 habens
300 3108 421 3183 locum,
456 3130 518 3192 quo
540 3108 647 3173 intret.
693 3108 792 3173 Vadit
815 3131 889 3194 ergo
911 3113 986 3175 tunc
1011 3111 1051 3174 ad
1072 3111 1181 3174 inanes
1204 3114 1236 3174 et

58 3212 182 3277 habens
205 3213 310 3277 locum
342 3213 443 3276 intrat
463 3212 498 3276 in
520 3232 589 3290 eos,
625 3216 657 3276 et
680 3214 764 3296 quod
793 3213 862 3277 vult
884 3213 917 3277 in
939 3213 979 3277 iis
1012 3219 1178 3297 operatur,
1203 3218 1236 3278 et

57 3317 141 3381 fiunt
163 3317 229 3381 eins
252 3317 343 3381 servi.

147 3626 183 3695 6.
208 3629 281 3715 Ego
297 3636 411 3708 autem,
429 3629 562 3715 angelus
576 3629 798 3713 paenitentiae,
823 3629 893 3694 dico
907 3629 1017 3694 vobis:
1040 3650 1081 3693 ne
1095 3627 1234 3693 timeatis
1247 3650 1273 3690 2⁵

58 3734 232 3800 diabolum.
278 3734 396 3800 Missus
430 3735 513 3799 enim
542 3756 628 3812 sum,
663 3738 700 3798 ut
727 3734 890 3799 vobiscum
917 3734 993 3812 sim,
1029 3733 1144 3818 quiex
1166 3736 1234 3797 toto

56 3840 151 3905 corde
183 3844 289 3903 vestro
325 3838 553 3923 paenitentiam
586 3837 697 3923 agitis,
735 3843 767 3904 et
798 3839 974 3904 confortem
1006 3860 1063 3902 vos
1094 3838 1129 3902 in
1160 3837 1232 3902 fide.

56 3947 87 4009 2.
114 3942 239 4009 Credite
272 3964 349 4029 ergo
378 3965 434 4008 vos
457 3944 531 4021 deo,
568 3944 623 4027 qui
644 3949 776 4028 propter
808 3949 940 4028 peccata
970 3947 1076 4008 vestra
1107 3943 1144 4007 de
1167 3942 1234 4006 vita

130 4150 161 4204 15
179 4148 234 4203 Iac.
253 4148 278 4211 4,
298 4148 321 4201 7.
340 4178 374 4188 —
392 4147 426 4201 22
443 4146 457 4200 I
474 4147 549 4202 Petr.
568 4148 593 4210 5,
610 4147 634 4202 9.

91 4323 117 4386 d,
138 4324 160 4377 1.
179 4321 339 4394 πρόθυμος]
358 4320 401 4376 cf.
419 4320 576 4386 nonnae,
593 4322 647 4391 la}
694 4323 720 4386 d,
739 4322 763 4376 2.
783 4320 969 4394 ἐπιστραφῆτε
986 4323 1057 4392 κτλ]
1076 4322 1118 4378 cf.
1138 4321 1232 4377 Mand.

91 4410 116 4463 2.
135 4408 322 4478 antaeum
339 4409 409 4479 na]
428 4407 469 4463 cs
490 4424 513 4462 ο.
530 4410 554 4474 2,
572 4409 597 4463 4.
644 4394 704 4473 {vu
725 4409 747 4471 1,
767 4408 791 4461 5.
811 4407 868 4463 va.
887 4407 921 4473 u
939 4409 964 4473 2,
984 4409 1014 4471 7;
1033 4411 1058 4473 a,
1077 4412 1101 4465 s.

92 4498 116 4552 8.
135 4494 246 4550 Laudat
260 4495 335 4550 huno
346 4495 440 4549 locum
449 4495 587 4565 Origenes
601 4495 634 4548 In
693 4495 717 4548 3.
736 4502 824 4552 σῶσαι
840 4517 865 4551 κ.
886 4494 945 4565 ἀπ]
964 4495 1084 4550 casim
1094 4495 1141 4562 IX,
1151 4496 1193 4561 28,
1206 4497 1232 4552 4.

55 4583 159 4638 Matth
178 4583 220 4646 24,
238 4582 273 4636 42
298 4581 352 4650 (ed
372 4582 476 4637 Bened.
494 4581 542 4647 ΠΙ,
560 4581 631 4652 877).
