2834 5018
113 273 186 338 LIV
558 268 841 325 Paonsoouuun

114 449 296 514 iudicemur.
343 447 523 532 Diligamus
545 469 622 532 ergo
645 469 703 512 nos
726 449 861 513 invicem
883 454 915 513 et
929 449 1067 514 Domino
1092 451 1201 515 demus
1216 452 1286 516 lau-

116 555 186 618 dem
203 551 258 634 (9).
294 551 530 636 Praeponamus
553 554 670 638 gaudia
693 559 821 621 aeterua
838 555 1057 639 voluptatibus
1073 556 1190 620 saeculi
1208 556 1285 639 (10).

113 657 164 723 Ne
187 658 375 735 dubitemus,
399 660 454 723 sed
475 659 570 723 fidem
593 659 767 724 habeamus
788 661 952 742 promissis
969 658 1042 738 Dei,
1067 666 1099 725 et
1113 662 1287 726 mercedem

114 764 345 848 reportabimus
369 761 447 844 (11).
494 763 643 849 Regnum
658 765 719 829 Dei
743 765 873 829 cottidie
889 771 1117 850 exspectemus,
1139 767 1287 849 quoniam

114 868 285 933 adventum
316 868 446 933 Domini
477 869 662 953 ignoramus
692 868 772 951 (12).
830 869 898 934 Iam
929 871 1028 956 igitur
1059 871 1288 955 paenitentiam

113 995 246 1058 agamus
277 973 361 1057 (13),
394 978 430 1037 ut
459 975 656 1038 voluntatem
687 975 747 1039 Dei
777 975 929 1040 facientes
959 978 1057 1041 simus
1087 999 1127 1041 ex
1156 977 1289 1042 ecclesia

113 1077 274 1162 spirituali
295 1083 327 1142 et
350 1077 542 1161 accipiamus
565 1078 755 1142 bonevitae
778 1085 924 1145 aeternae
948 1080 1025 1163 (14).
1073 1080 1164 1157 Quod
1187 1082 1214 1145 si
1237 1080 1286 1144 ia·

113 1183 227 1257 cimus,
262 1204 326 1246 non
357 1182 533 1265 paenitebit
564 1203 631 1246 nos.
676 1182 814 1266 Magnus
847 1184 970 1250 fructus
1002 1186 1092 1250 nobis
1126 1186 1185 1250 erit
1208 1184 1287 1268 (15).

115 1283 342 1351 Convertamur
363 1287 405 1351 ad
427 1287 545 1364 Deum,
578 1287 632 1371 qui
654 1289 777 1352 vocavit
798 1311 872 1364 nos,
900 1290 991 1355 utin
1015 1291 1064 1355 die
1087 1290 1195 1356 iudicii
1218 1289 1288 1354 Iesu

114 1391 359 1456 misericordiam
381 1413 610 1476 consequamur
633 1390 710 1475 (16).
746 1392 857 1477 Neque
879 1395 982 1458 solum
1004 1417 1096 1473 nunc,
1122 1395 1289 1459 sedetiam

114 1495 243 1559 domum
266 1497 385 1561 dimissi
409 1499 608 1562 attendamus
631 1498 787 1561 mandatis
808 1497 947 1574 Domini,
971 1504 1007 1563 ut
1030 1500 1070 1564 ad
1093 1500 1190 1563 vitam
1213 1521 1286 1583 per·

113 1600 285 1665 veniamus.
332 1602 488 1666 Dominus
511 1601 595 1666 enim
618 1604 789 1666 secundum
812 1625 869 1667 sua
892 1604 1003 1687 cuique
1024 1625 1121 1687 opera
1136 1604 1289 1669 retribuet

115 1703 193 1787 (17).
240 1705 344 1772 Simus
368 1729 444 1793 ergo
467 1728 506 1772 ex
527 1706 635 1783 iustis,
669 1728 733 1770 non
756 1728 795 1771 ex
818 1708 971 1791 improbis
995 1707 1073 1790 (18).
1120 1708 1170 1773 Ne
1194 1730 1288 1794 aegre

114 1808 263 1888 feramus,
287 1833 390 1895 neque
413 1812 440 1876 si
462 1835 481 1876 a
502 1812 694 1896 presbyteris
717 1813 973 1878 commonefimns
994 1836 1096 1898 neque
1111 1814 1139 1877 si
1154 1814 1288 1878 iniustos

115 1914 226 1979 divites
259 1920 291 1980 et
321 1917 421 1980 iustos
455 1920 642 2001 angustatos
672 1916 823 1981 videmus.
869 1916 1052 2002 Praeceptis
1074 1917 1205 1983 Domini
1229 1920 1287 1983 ob·

114 2021 273 2084 oedientes
305 2026 337 2085 et
358 2020 501 2084 miserias
534 2020 627 2084 huius
651 2021 803 2104 temporis
826 2021 984 2104 patienter
1006 2020 1179 2085 tolerantes
1202 2021 1289 2086 beati

114 2127 240 2190 erimus.
286 2125 373 2189 Deus
396 2130 502 2189 autem
533 2146 596 2189 non
619 2125 681 2189 cito
705 2125 760 2187 dat
782 2126 971 2203 mercedem,
1001 2148 1040 2190 ne
1063 2125 1202 2203 lucrum,
1235 2126 1289 2189 sed

114 2231 267 2315 pietatem
290 2235 445 2295 sectemur
468 2226 633 2312 (le—20).

203 2333 345 2398 Humilia
367 2333 433 2399 fere
457 2355 581 2418 semper
602 2356 665 2396 una
688 2354 759 2397 cum
775 2330 946 2396 Clementis
969 2333 1009 2396 ad
1022 2332 1202 2398 Corinthios
1220 2335 1288 2418 epi·

115 2437 199 2502 stula
222 2443 374 2523 tanquam
404 2437 504 2502 altera
528 2437 665 2521 epistula
687 2437 772 2500 edita
799 2441 830 2500 et
853 2459 943 2502 versa
965 2441 1022 2501 est.
1069 2439 1175 2503 Editio
1198 2440 1288 2524 prin·

118 2564 192 2625 ceps
215 2546 247 2606 et
270 2543 423 2607 editiones
446 2544 525 2606 duae
548 2543 715 2626 sequentes
738 2541 771 2604 in
793 2540 887 2604 titulo
912 2541 1038 2624 quidem
1061 2543 1198 2627 priorem
1222 2544 1289 2627 epi·

117 2646 235 2711 stulam
257 2651 382 2711 tantum
403 2646 604 2729 promittunt,
636 2646 790 2729 praebent
821 2649 927 2709 autern
956 2646 1054 2711 etiam
1075 2646 1291 2732 fragmentum

116 2751 246 2816 alterins
270 2751 424 2835 epistulae
447 2755 523 2815 tunc
544 2750 696 2834 temporis
719 2754 839 2814 notum.
886 2748 934 2814 of,
959 2772 1045 2836 ergo,
1072 2772 1152 2834 quae
1168 2753 1206 2817 de
1222 2753 1289 2817 edi-

116 2854 257 2919 tionibus
280 2861 312 2920 et
334 2854 529 2920 versionibus
553 2876 649 2938 supra
672 2877 698 2918 c.
716 2853 762 2918 VI
785 2855 870 2918 dicta
892 2859 975 2919 sunt.

658 3028 744 3094 VIII.

203 3168 473 3234 Circumferuntur
502 3171 636 3254 denique
669 3169 840 3252 (Homilias
870 3168 1082 3234 Clementinas
1113 3170 1291 3252 etreliqua

115 3297 212 3360 opera
245 3297 330 3340 mere
359 3275 476 3339 ficticia
508 3274 633 3339 silentio
662 3273 839 3358 praetereo)
874 3276 933 3339 sub
963 3274 1089 3338 nomine
1119 3273 1290 3339 Clementis

115 3382 218 3445 duae
250 3379 463 3462 epistulae
492 3379 536 3443 ad
564 3379 766 3463 virginee.
813 3378 950 3442 Exstant
972 3379 1005 3442 in
1028 3379 1134 3443 codice
1157 3380 1289 3463 syriaco,

116 3485 171 3569 qui
194 3507 221 3548 a.
248 3484 331 3548 1470
362 3484 559 3567 conscriptus
589 3487 638 3547 est
668 3506 687 3547 a
709 3482 864 3547 monacho
893 3488 924 3547 et
946 3483 1131 3568 presbytero
1156 3483 1291 3568 Kuphar

117 3590 235 3673 quique
257 3611 341 3653 nunc
356 3593 536 3653 asservatur
558 3589 591 3652 in
606 3586 806 3652 Bibliotheca
821 3587 981 3652 seminarii
997 3588 1290 3652 Remonstrantium

116 3693 429 3759 Amstelodamensis.
464 3692 487 3757 Ι.
504 3693 528 3757 Ι.
545 3692 705 3757 Wetstein
726 3692 847 3775 primus
870 3692 1023 3776 epistulas
1044 3692 1164 3774 syriace
1187 3698 1219 3757 et
1241 3693 1290 3757 la·

116 3799 181 3863 tine
212 3820 240 3861 a.
266 3799 349 3863 1752
372 3799 486 3875 edidit,
518 3803 550 3862 et
580 3798 688 3882 plures
720 3818 772 3861 eas
805 3797 958 3882 genuinas
991 3795 1186 3873 habuerunt,
1220 3819 1291 3861 cum

115 3902 259 3987 plerique
288 3904 403 3968 rectius
435 3925 489 3967 eas
512 3901 666 3967 Clementi
698 3902 841 3965 Romano
876 3900 1101 3965 abiudicarent.
1148 3901 1290 3967 Remitto

116 4007 266 4072 lectorem
290 4008 329 4072 ad
351 4009 498 4073 volumen
520 4005 696 4071 HPatrum
719 4005 974 4088 apostolicorum,
999 4005 1032 4068 in
1055 4026 1118 4088 quo
1135 4006 1287 4087 epistulas

116 4110 215 4176 latine
238 4111 321 4176 edidi
348 4118 443 4197 atque
466 4110 631 4176 illustravi.

614 4302 807 4311 —›.....-—-—
