2834 5018
169 304 304 372 XCVIH
611 299 896 356 reomaenses.

170 487 298 566 patrum
329 479 574 564 apostolicorum
604 483 636 543 et
668 478 876 562 epistularum
907 477 1146 562 Ignatianarum
1169 477 1279 562 Steph.
1304 478 1345 543 Le

171 586 287 670 Moyne
310 608 337 649 a.
364 585 468 649 16851
494 588 526 648 et
547 582 591 647 M.
615 583 641 647 Ι.
664 584 774 649 Routh
797 607 824 648 a.
853 581 965 648 18232.
1012 582 1141 648 Codices
1171 585 1272 648 denuo
1295 585 1345 648 in·

172 697 343 776 spexerunt
354 691 509 756 Iacobson
531 693 562 753 et
573 688 702 753 Dressel
715 694 747 753 et
759 689 885 774 quidem
896 688 1088 753 Vaticanum
1101 688 1164 753 859
1178 687 1272 771 (saec.
1286 686 1344 769 XI)

169 802 201 861 et
223 795 628 861 Mediceo·Laurentianum
655 794 735 879 plut.
759 794 822 859 VH
848 817 933 858 num.
960 796 1000 858 21
1033 791 1126 876 (saec.
1151 793 1258 876 XVI),
1291 794 1346 858 ille

169 906 334 986 praeterea
355 900 535 965 Parisinum
549 900 623 975 937,
647 898 724 963 olim
740 896 958 962 Colbertinum
981 896 1074 979 (saec.
1088 898 1190 979 XVI),
1214 900 1266 964 hic
1281 905 1345 963 tres

170 1007 338 1082 Romanos,
363 1004 483 1069 scilicet
505 1003 754 1068 Ottobonianum
777 1004 840 1067 348
865 1000 958 1084 (saec.
976 1002 1076 1084 XVI),
1101 1000 1346 1069 casanatensem

171 1112 206 1177 G.
231 1111 270 1176 V.
297 1113 338 1174 14
361 1107 453 1191 (saec.
478 1106 567 1189 XVI)
600 1112 631 1174 et
661 1108 869 1173 Barberinum
895 1109 913 1170 7
946 1107 1012 1171 sive
1044 1109 1266 1192 apographum
1289 1110 1345 1173 de·

169 1220 331 1299 sumptum
353 1238 372 1278 a
394 1214 479 1278 Luca
508 1213 676 1278 Holstenio
699 1235 716 1277 e
739 1213 845 1278 codice
877 1213 1060 1276 monasterii
1088 1236 1112 1278 s.
1137 1212 1291 1297 Sylvestri
1313 1216 1346 1277 in

171 1318 337 1396 Quirinali,
350 1341 433 1383 nunc
447 1316 835 1382 Alexandrino-Vaticano
850 1317 888 1380 11
899 1315 921 1379 ³.
945 1316 1074 1381 Nostris
1087 1318 1220 1403 denique
1237 1320 1346 1387 diebus

116 1496 121 1505 ¹
171 1422 207 1487 Ο.
233 1424 271 1487 de
293 1422 455 1487 Gebhardt
483 1421 622 1486 animum
645 1422 685 1486 ad
712 1422 851 1486 codicem
875 1421 1091 1486 Borbonicum
1112 1422 1153 1487 II.
1170 1423 1210 1487 A.
1230 1422 1269 1487 17
1302 1421 1347 1504 (iu

169 1527 361 1593 bibliotheca
372 1527 599 1611 Neap0IItana)
614 1528 759 1603 advertIt,
773 1531 805 1590 et
815 1526 907 1591 Zahn
918 1527 951 1591 in
963 1549 1021 1590 sua
1037 1527 1174 1591 editione
1186 1528 1231 1611 (p.
1245 1526 1346 1590 XLIV

169 1638 234 1697 not.
255 1633 288 1714 3)
311 1654 429 1717 paucas
450 1631 602 1697 lectiones
616 1632 774 1697 variantes
796 1631 983 1716 publicavit.
1031 1629 1160 1696 Codices
1183 1654 1291 1696 omnes
1308 1655 1345 1696 ex

169 1760 233 1803 uno
256 1737 428 1821 archetypo
442 1737 570 1803 fluxisse
593 1759 630 1801 eo
646 1742 788 1821 apparet,
813 1738 898 1819 quod
917 1738 950 1801 in
973 1758 1163 1820 unoquoque
1178 1759 1253 1820 pars
1277 1739 1345 1822 epi-

170 1841 272 1905 stulae
293 1842 451 1926 posterior
466 1842 562 1907 deest.
608 1840 689 1905 Cum
704 1846 855 1925 quattuor
877 1841 961 1917 libri,
986 1863 1029 1906 sc.
1046 1842 1228 1919 Vaticanus,
1251 1842 1345 1907 Otto·

169 1948 333 2024 bonianus,
358 1946 568 2023 Florentinus,
592 1946 765 2023 Parisinus,
788 1950 915 2030 praeter
929 1946 1098 2030 Polycarpi
1122 1967 1159 2009 ac
1178 1945 1346 2011 Barnabae

170 2051 324 2134 epistulas
340 2050 575 2134 conglutinatas
597 2050 694 2114 etiam
709 2049 901 2134 Ps.·lgnatii
918 2050 1070 2134 epistulas
1086 2050 1265 2127 exhibeant,
1289 2074 1346 2116 ne·

171 2176 231 2240 que
243 2175 316 2218 vero
327 2153 450 2237 reliqui,
461 2176 504 2217 sc.
518 2152 749 2231 casanatensis,
762 2154 965 2230 Barbarinus,
978 2154 1220 2237 NeapoIItanus,
1234 2154 1345 2219 Alex.-

170 2258 354 2333 Vaticanus,
378 2256 469 2321 Zahn
484 2258 606 2323 codices
628 2259 754 2323 induas
777 2258 915 2324 familias
931 2260 1036 2323 divisit
1059 2263 1090 2322 et
1112 2258 1195 2323 hanc
1210 2258 1268 2322 illa
1291 2260 1345 2324 de·

170 2362 317 2426 teriorem
340 2382 408 2425 esse
425 2363 545 2426 censuit
568 2362 610 2447 (p.
628 2363 750 2446 XLIV).
782 2363 948 2448 Lightfoot
963 2364 1059 2427 etiam
1081 2363 1199 2427 librum
1213 2363 1345 2427 Vatica-

146 2489 246 2534 num
270 2465 391 2530 fontem
421 2466 506 2530 illius
530 2465 669 2529 familiae
697 2488 765 2531 esse
797 2467 959 2551 perspexit
982 2465 1142 2549 (11,901).
1189 2466 1347 2550 Equidem

170 2591 233 2633 non
257 2570 376 2647 dubito,
400 2569 538 2653 reliquos
562 2591 687 2654 quoque
710 2571 832 2635 codices
855 2592 872 2633 e
894 2569 1051 2634 Vaticano
1073 2569 1210 2635 fluxisse.
1258 2570 1347 2646 Quae

171 2678 277 2738 autem
292 2695 400 2738 eorum
424 2675 515 2759 origo
529 2674 600 2751 fult,
625 2679 747 2738 certum
769 2680 817 2739 est
832 2679 927 2759 atque
943 2696 1051 2739 omnes
1067 2675 1276 2752 consentiunt,
1293 2697 1347 2740 eos

171 2779 282 2843 ceteris
310 2779 412 2863 pretio
435 2780 512 2843 adeo
541 2778 705 2843 inferiores
729 2800 815 2856 esse,
838 2783 875 2842 ut
903 2779 970 2841 sine
993 2781 1106 2843 damno
1134 2781 1348 2863 praetermitti

169 2883 301 2966 possint.
347 2883 434 2948 Idem
457 2884 621 2949 dicendum
644 2889 693 2948 est
715 2884 753 2947 de
775 2884 881 2948 codice
903 2882 1034 2958 Andrio,
1060 2884 1097 2947 de
1127 2905 1190 2967 quo
1218 2880 1348 2945 Δελτίον

171 2994 225 3067 τῆς
249 2984 404 3068 ἱστορικῆς
433 2987 487 3048 καί
509 2984 715 3069 theobertum
745 2983 878 3066 ἑταιρίας
908 2994 962 3068 τῆς
986 2982 1138 3058 Ἑλλάδος
1161 2985 1185 3061 I,
1211 2988 1274 3051 209
1298 3011 1345 3072 sq.

172 3087 322 3173 (Athenis
347 3090 443 3173 1883)
466 3091 606 3156 retulit⁴.
652 3092 763 3175 Itaque
792 3092 874 3155 inter
905 3091 1027 3155 codices
1057 3111 1188 3171 graecos
1212 3089 1347 3157 Vatica-

170 3217 248 3258 num
270 3195 373 3259 solum
389 3196 533 3274 adhibe0,
557 3197 625 3261 eius
640 3197 790 3261 lectiones
805 3217 890 3273 ver0,
915 3217 987 3259 cum
1010 3196 1047 3258 de
1065 3195 1137 3259 aliis
1160 3195 1250 3260 libris
1265 3199 1348 3262 ratio

171 3319 236 3361 non
258 3298 301 3363 sit
323 3300 434 3377 danda,
459 3299 642 3384 diligentius
657 3300 809 3376 exscribo,
833 3300 926 3363 modo
948 3299 1061 3363 menda
1083 3299 1123 3362 ad
1145 3304 1293 3365 accentus
1317 3307 1349 3366 et

174 3403 304 3487 spiritus
335 3405 511 3489 spectantia
543 3406 702 3469 omittens.
748 3404 878 3468 Praeter
907 3425 979 3466 eum
1011 3403 1112 3466 versio
1135 3403 1235 3468 latina
1257 3412 1348 3470 vetus

171 3508 368 3592 respicienda
389 3512 453 3586 est,
487 3529 662 3592 quaerero
685 3508 726 3572 ad
753 3511 875 3571 textum
903 3507 1127 3571 recensendum
1154 3509 1349 3590 paucissima

171 3615 296 3677 tantum
312 3612 444 3689 confert,
468 3613 518 3676 cui
533 3612 719 3698 Hilgenfeld
740 3613 774 3676 in
796 3634 854 3676 sua
870 3609 1030 3676 editione⁶
1053 3611 1182 3675 nimiam
1198 3612 1349 3678 fiduciam

246 3820 258 3871 1
279 3819 367 3872 Varia
385 3818 476 3871 saera
495 3816 584 3886 nugs.
604 3817 666 3870 aaa
769 3800 772 3806 '

242 3904 450 3974 ascriptarum
470 3900 725 3957 ecclesiasticorum
744 3901 887 3970 opuscula

243 3989 259 4041 3
278 3990 320 4043 cf,
339 3990 503 4054 Duchesne,
531 3988 573 4042 De
598 3986 742 4042 codicibus
761 4004 825 4040 mss.
851 3987 960 4058 graecis
979 3986 1009 4039 in
1033 3985 1208 4043 bibliotheca
1226 3991 1348 4046 Alexan·

174 4074 404 4130 drino-Vaticano
425 4075 492 4130 1880
509 4092 536 4144 p.
558 4074 598 4128 10.

242 4163 260 4216 4
278 4161 320 4219 Os.
333 4165 489 4230 Zeitschrist
498 4164 547 4230 fur
558 4163 708 4217 ansaenscla
724 4161 861 4230 Iluoloyic
875 4160 942 4216 1886
959 4178 987 4229 p.
1004 4158 1069 4223 1833
1089 4160 1240 4230 Lightfoot
1252 4162 1274 4226 1,
1288 4164 1349 4218 533.

244 4251 260 4303 5
277 4249 385 4304 Ibidem
402 4269 429 4320 p.
451 4249 595 4306 rso-194.
