2834 5018
448 682 498 736 ΑΙ)
518 681 599 736 COR.
618 681 742 744 XXXIX,
760 681 925 745 o-xul,2
1207 688 1269 751 151

95 879 206 924 eorum
231 880 252 924 a
275 864 387 924 salute
402 869 435 925 el
457 869 712 925 contemnantur
726 870 804 925 ante
826 868 946 926 turenae
960 867 1136 942 acinorum,
1159 870 1191 925 et
1205 881 1271 926 reon

96 971 168 1044 erit,
192 970 250 1045 qui
265 970 397 1046 eripiat.
448 967 539 1041 (que
554 972 640 1030 enim
657 969 729 1030 illie
744 976 871 1049 parata
885 975 973 1047 arnt,
988 973 1070 1030 insti
1083 968 1272 1046 comedent;

94 1076 157 1151 iper·
182 1089 261 1133 uero
285 1071 328 1133 de
349 1072 450 1133 multe
471 1089 537 1133 non
560 1073 799 1135 liberabantur.

178 1173 242 1238 XL.
267 1171 347 1236 llum
369 1173 468 1258 igitur
499 1174 578 1239 haec
601 1175 693 1239 nobis
716 1175 781 1239 sint
806 1175 976 1239 manifesta
997 1176 1084 1240 etin
1109 1174 1270 1259 profunde

93 1280 214 1343 divinae
238 1278 430 1363 cognitionis
452 1300 510 1342 uos
533 1279 829 1361 introspexerimus,
855 1285 968 1345 cuncta
989 1281 1096 1345 ordine
1120 1281 1296 1345 debemusc

93 1385 210 1461 facere,
242 1405 324 1468 quae
355 1404 413 1447 nos
436 1383 582 1447 domiuus
613 1385 741 1448 statutis
764 1386 961 1468 temporibus
982 1406 1135 1469 peragere
1166 1385 1266 1449 iussit.

93 1490 119 1552 2.
145 1488 334 1555 Oblationes
357 1488 478 1552 scilicet
501 1491 532 1551 et
555 1487 664 1552 officia
686 1510 776 1552 sacra
798 1489 924 1572 perfici,
954 1511 1056 1573 neque
1078 1493 1195 1554 temere
1218 1487 1269 1553 vel

91 1594 269 1659 inordinate
280 1594 351 1658 fieri
362 1593 533 1677 praecepit,
557 1593 611 1656 sed
628 1593 756 1657 statutis
771 1594 969 1678 temporibus
982 1599 1013 1658 et
1027 1594 1123 1658 horis.
1148 1594 1178 1658 3.
1202 1591 1268 1658 Ubi

92 1699 185 1762 etiam
208 1702 241 1762 et
264 1721 283 1762 a
307 1698 421 1782 quibus
445 1719 498 1761 eas
521 1697 673 1761 celebrari
695 1697 782 1774 vult,
805 1699 874 1781 ipse
897 1699 1110 1763 excelsissima
1132 1721 1189 1763 sua
1211 1718 1267 1761 vo·

91 1802 213 1867 luntate
237 1802 387 1879 definivit,
411 1807 447 1866 ut
462 1801 610 1885 religiose
633 1803 740 1866 omnia
754 1803 926 1867 seeundum
949 1804 1015 1867 eius
1035 1802 1269 1885 beneplacItum
1281 1820 1308 1859 ιο

91 1907 264 1991 adimpleta
287 1911 419 1991 accepta
434 1910 540 1971 essent
561 1905 720 1971 voluntati
735 1908 811 1971 eius.
858 1911 888 1972 4.
914 1906 974 1983 Qui
996 1930 1073 1992 ergo
1093 1905 1268 1990 adsignatis

90 2013 289 2096 temporibus
312 2013 491 2077 oblationes
514 2033 587 2075 suas
610 2011 741 2089 faciunt,
776 2011 898 2095 accepti
921 2015 953 2075 et
974 2012 1060 2076 beati
1082 2014 1176 2084 sunt;
1209 2010 1267 2073 do-

90 2117 166 2180 mini
190 2117 275 2181 enim
290 2117 440 2180 mandata
463 2120 630 2199 sequentes
653 2138 717 2180 non
739 2118 897 2181 aberrant.
943 2117 973 2180 5.
997 2115 1125 2181 Summo
1149 2115 1268 2198 quippe

90 2222 245 2286 sacerdoti
268 2243 327 2284 sua
348 2242 479 2285 munera
500 2221 622 2285 tributa
644 2226 734 2298 sunt,
768 2221 982 2285 sacerdotibus
1005 2219 1093 2283 Iocus
1120 2217 1267 2301 proprius

89 2326 276 2411 adsignatus
307 2329 371 2401 est,
407 2329 439 2388 et
470 2325 574 2389 levitis
613 2347 672 2389 sua
703 2326 879 2390 ministeria
914 2325 1109 2390 incumbunt.
1161 2321 1266 2385 Homo
1281 2341 1306 2381 rc

89 2431 188 2495 laicus
212 2431 391 2514 praeceptis
414 2430 503 2494 laicis
527 2431 765 2514 constringitur.

175 2533 256 2598 XLI.
282 2533 509 2619 Unusquisque
524 2539 676 2613 nostrum,
702 2535 827 2613 fratres,
853 2536 886 2600 in
901 2556 958 2600 suo
974 2534 1082 2599 ordine
1097 2553 1169 2596 cum
1183 2532 1268 2595 bona

89 2638 282 2703 conscientia
311 2639 541 2722 praescriptam
573 2639 741 2704 ministerii
772 2641 821 2705 sui
843 2640 988 2726 regulam
1018 2660 1082 2703 non
1104 2642 1266 2718 transgre-

89 2743 185 2821 diens,
211 2741 344 2806 honeste
372 2744 430 2807 deo
454 2744 574 2828 gratias
599 2749 684 2828 agat.
731 2746 761 2807 2.
786 2745 860 2809 Non
882 2746 915 2810 in
937 2744 1023 2809 omni
1038 2743 1116 2818 loce,
1141 2740 1265 2814 hanes,

88 2847 266 2911 offenmtur
288 2848 443 2913 sacrificia
464 2855 621 2933 perpetua
643 2850 694 2913 vel
716 2851 824 2915 votiva
845 2851 895 2915 vel
917 2873 977 2935 pro
999 2847 1139 2933 peccatis
1163 2850 1195 2910 et
1211 2845 1266 2908 de·
1279 2863 1306 2902 2⁰

87 2951 190 3027 lictis,
223 2950 279 3014 sed
301 2951 530 3036 Hierosolymis
553 2959 695 3028 tantum;
728 2976 830 3039 neque
852 2955 918 3019 illic
940 2955 974 3018 in
997 2952 1108 3037 quovis
1134 2949 1207 3014 loco
1229 2949 1267 3012 fit

87 3055 218 3130 oblatio,
243 3055 297 3119 sed
320 3055 353 3120 in
377 3057 458 3121 atrio
480 3057 593 3141 templi
616 3057 656 3121 ad
679 3057 797 3137 altare,
822 3058 991 3143 diligenter
1012 3057 1100 3142 prius
1122 3055 1266 3137 inspecto

86 3171 239 3225 verisimile
251 3172 291 3235 fit,
310 3170 367 3226 iam
385 3174 565 3243 aprimaevie
579 3174 665 3243 scrip-
728 3175 796 3239 XLI,
817 3176 839 3227 1.
867 3175 948 3228 Hunc
973 3174 1066 3229 locum
1083 3168 1266 3224 Pseudo-Cle

85 3257 197 3312 toribus
218 3258 443 3315 Christianorum
461 3277 559 3314 vocem
571 3261 666 3327 λαϊκὸς
692 3279 771 3316 mene
807 3262 853 3316 vel
888 3265 987 3316 auctor
1023 3255 1267 3314 Constitutionum

87 3344 248 3399 adhibitam
279 3362 340 3400 esse
375 3348 411 3401 ad
448 3346 665 3418 significandum
693 3352 785 3417 apost.
803 3346 875 3412 VIII,
893 3348 929 3402 46
947 3348 984 3401 in
1009 3350 1075 3401 ante
1102 3344 1198 3399 oculos
1217 3341 1265 3395 ha·

88 3449 159 3496 enm,
179 3433 230 3500 qui
242 3450 322 3487 sacro
334 3433 412 3487 nullo
432 3433 589 3489 ministerio
602 3434 664 3487 fun·
691 3436 758 3488 bere
776 3435 895 3488 videtur.

86 3520 206 3590 gebatur
224 3519 381 3591 (Clericus).
401 3521 518 3590 Legitur
528 3522 599 3574 haec
610 3538 664 3576 vox
726 3523 751 3574 2.
769 3521 988 3595 προσφέρονται]
1007 3520 1168 3588 Etempore
1186 3532 1266 3586 prae·

86 3606 175 3660 etiam
193 3604 245 3674 Ep.
260 3607 346 3662 clem.
366 3609 401 3662 ad
415 3608 469 3661 Iac.
490 3625 512 3661 c
527 3610 557 3670 ὃς
577 3608 663 3663 Clem.
691 3608 765 3663 senti
781 3625 839 3662 non
857 3609 991 3675 sequitur,
1010 3607 1149 3676 templum
1167 3604 1266 3658 Hiero·

86 3691 129 3747 AI.
149 3692 254 3749 Strom.
273 3694 320 3755 ΙΙΙ,
342 3695 382 3755 12,
401 3695 435 3749 90
454 3712 481 3763 p.
501 3696 566 3756 5523
586 3694 619 3758 V,
639 3696 663 3758 6,
691 3694 891 3763 solymitanum
920 3696 1046 3764 tempore
1074 3691 1199 3746 auctoris
1218 3690 1266 3742 ad·

86 3778 119 3831 33
146 3797 173 3848 p.
193 3779 261 3841 665;
290 3780 354 3834 Eue.
383 3781 416 3833 Η.
443 3780 473 3835 Ε,
491 3780 529 3843 V,
548 3781 595 3843 28,
617 3783 663 3843 12;
690 3782 746 3835 huc
759 3781 880 3836 stetisse.
918 3782 1045 3837 Clemens
1063 3796 1095 3834 eo
1114 3776 1266 3847 utipotuIt

86 3864 160 3919 Tert.
180 3865 223 3919 De
250 3883 373 3935 praescr.
402 3883 424 3919 c.
443 3870 492 3929 413
521 3867 561 3922 Dc
584 3870 663 3938 bapt.
689 3869 798 3938 templo
816 3868 903 3923 etiam
927 3869 1028 3923 deleto.
1064 3866 1165 3920 Animo
1191 3863 1265 3917 enim

86 3954 177 4013 c.1‘l;
207 3951 248 4006 De
275 3953 343 4023 fuga
363 3971 385 4009 c.
407 3955 452 4013 11;
480 3954 594 4008 Didasc.
619 3955 663 4009 vel
689 3955 768 4010 videt
787 3957 894 4010 cultum
906 3954 1048 4009 iudaicam
1066 3950 1264 4021 adhuovigen·

86 4039 207 4093 Constit.
234 4045 324 4109 apost.
343 4040 377 4104 II,
396 4043 420 4096 6.
441 4044 480 4096 14.
502 4043 534 4096 18
553 4046 605 4096 etc
629 4074 664 4082 —
690 4045 755 4106 tem,
775 4042 944 4103 describens,
963 4044 995 4095 ut
1014 4058 1029 4095 e
1048 4040 1118 4093 aso
1137 4038 1263 4106 apparet,

86 4127 215 4181 Canones
252 4125 436 4181 ecclesiastici
471 4130 663 4198 apostolorum
691 4145 764 4196 quae
785 4127 876 4183 aDeo
894 4131 1049 4197 praecepta
1066 4127 1188 4185 fuerunt,
1207 4139 1265 4177 non

85 4213 127 4277 23,
143 4216 210 4269 1-2
231 4214 370 4267 dicentes:
391 4213 407 4271 ὁ
425 4217 520 4283 λαϊκὸς
531 4225 590 4283 τοῖς
607 4221 662 4273 lat·
691 4232 763 4283 quae
791 4214 884 4268 adhuc
911 4212 1025 4267 fiebant.
1062 4211 1198 4266 Similiter
1224 4209 1264 4264 lo·

84 4309 144 4367 κοῖς
155 4300 300 4374 πράγμασι
313 4300 537 4372 περιπειθέσθω·
556 4345 583 4358 ..
603 4297 662 4359 Ixa-
691 4303 815 4369 quuntur
843 4300 986 4354 Barnabas
1015 4314 1037 4352 c.
1057 4299 1140 4360 1-9,
1167 4299 1265 4350 auctor

85 4408 152 4455 στος
171 4397 211 4462 τῷ
224 4388 283 4462 ἰδίῳ
302 4391 380 4464 τόπῳ
392 4388 534 4461 ἀρεσκέτω
552 4398 591 4464 τῷ
604 4395 663 4464 θεῷ
676 4389 829 4458 ,epistulae
848 4386 883 4439 ad
902 4384 1074 4456 Diognetum
1092 4402 1114 4439 c
1133 4385 1163 4449 3,
1181 4383 1264 4438 Iusti·

85 4474 132 4539 (cf.
152 4474 241 4534 Funk,
261 4473 396 4528 Doctrina
419 4475 502 4528 duod.
522 4475 662 4543 apostolo·
676 4464 741 4533 que
768 4473 880 4542 Dialog.
910 4488 932 4528 c.
964 4474 1031 4538 117,
1060 4471 1196 4541 Iosephus
1223 4470 1264 4525 ΙΙ.

86 4578 146 4614 rum
159 4578 186 4630 p.
200 4559 255 4623 68),
273 4561 349 4614 haud
363 4560 447 4616 dubie
466 4562 540 4615 hunc
552 4578 662 4615 versum
676 4540 785 4628 Inntiq.
805 4559 852 4623 III,
871 4560 964 4615 ‘l—ll.

87 4652 114 4701 et
133 4650 299 4714 sequentem
317 4648 480 4718 respiciunt.
676 4630 679 4665 ¹
