2834 5018
115 321 227 387 CXLII
557 310 839 370 PROLEGOMENA.

116 520 135 561 a
157 495 309 579 scriptore
330 494 416 559 haud
438 490 573 556 feliciter
595 491 762 576 explicari3
785 512 886 575 neque
908 513 983 556 vero
1006 491 1083 557 satis
1106 493 1287 557 considera-

31 591 37 602 ’
114 601 170 676 vit,
193 598 379 684 parabolam
401 598 441 663 ab
464 596 584 661 Herma
613 597 683 680 ipso
706 597 937 682 excogitatam,
970 620 989 662 a
1011 598 1134 662 nemine
1157 599 1186 663 ei
1209 622 1287 683 sup·

115 705 254 789 positam
275 705 382 769 fuisse.

203 808 303 873 Porro
326 807 462 872 Hermas
479 806 630 871 Michaeli
652 807 685 870 in
706 807 834 891 negotio
858 806 970 872 salutis
994 809 1127 873 eundem
1148 808 1214 873 fere
1237 809 1288 873 lo-

115 934 187 976 cum
209 912 356 976 attribuit
377 933 414 976 ac
435 910 502 975 filio
525 909 594 974 Dei.
640 909 782 994 Uterque
803 910 915 994 populi
948 911 1112 977 christiani
1135 914 1290 978 dominari

115 1016 230 1080 dicitur
254 1015 342 1097 (Sim.
361 1015 400 1093 V,
418 1016 447 1093 6,
464 1017 500 1079 4:
525 1013 612 1093 VIII,
630 1016 660 1093 3,
677 1012 730 1096 3);
753 1019 885 1098 uterque
905 1021 1087 1098 peccatores
1109 1019 1207 1082 tradit
1230 1042 1288 1083 an·

115 1121 187 1206 gelo
208 1121 421 1204 paenitentiae
445 1119 535 1205 (sim.
554 1119 640 1199 VIII,
661 1121 692 1197 2,
716 1120 754 1195 5;
785 1121 814 1197 3,
831 1120 869 1183 5:
899 1120 954 1196 IX,
972 1120 1000 1198 7,
1020 1123 1048 1184 1.
1065 1118 1088 1184 2
1108 1122 1147 1186 cf.
1163 1123 1231 1188 Vis.
1248 1124 1288 1202 V,

115 1227 145 1304 2,
163 1223 213 1306 3);
243 1229 375 1310 uterque
396 1225 545 1290 iudicium
568 1227 605 1290 de
627 1224 772 1289 fidelibus
803 1224 883 1289 facit
907 1224 994 1306 (Sim.
1013 1222 1103 1304 VIII,
1120 1229 1150 1304 3,
1168 1229 1206 1291 3:
1230 1228 1287 1305 IX,

117 1331 146 1406 5,
163 1333 192 1394 2.
211 1329 239 1393 6.
258 1331 296 1407 7,
320 1331 350 1408 6,
367 1331 469 1405 3-6;
495 1332 545 1408 10,
562 1327 606 1411 4).
652 1329 744 1395 Unde
759 1329 848 1412 sequi
863 1329 995 1408 videtur,
1020 1329 1172 1395 Hermam
1193 1333 1290 1397 etiam

115 1434 305 1499 Michaelem
327 1435 461 1499 eundem
477 1456 548 1498 cum
570 1433 637 1498 filio
652 1433 713 1497 Dei
729 1433 886 1511 habuisse,
911 1434 1005 1518 idque
1021 1456 1058 1499 eo
1080 1438 1192 1522 magis,
1217 1461 1290 1503 cum

115 1561 178 1604 non
208 1545 329 1623 septem
357 1539 564 1623 archangelos
593 1538 644 1602 vel
676 1539 806 1623 angelos
835 1539 954 1622 primos
983 1545 1143 1619 numeret,
1174 1546 1210 1606 ut
1234 1544 1290 1607 alii

115 1648 236 1708 veteres
260 1643 496 1725 (Tob.12,15;
522 1643 620 1726 Apoc.
640 1645 667 1723 1,
684 1646 723 1719 4;
747 1645 776 1722 8,
794 1642 838 1726 2),
863 1645 917 1709 sed
940 1666 994 1708 sex
1017 1650 1154 1724 tantum,
1185 1648 1231 1712 ita
1253 1653 1290 1712 ut

117 1749 259 1814 conicere
274 1748 377 1828 liceat,
401 1749 571 1833 septimum
592 1753 625 1812 et
646 1748 821 1832 principem
844 1770 953 1813 eorum
968 1749 1157 1815 Michaelem
1179 1752 1288 1817 fuisse.

116 1852 228 1918 Altera
260 1875 299 1918 ex
327 1857 419 1936 parte
451 1854 761 1918 animadvertendum
789 1857 855 1931 est,
889 1853 1077 1919 Michaelem
1110 1854 1184 1920 Sim.
1211 1855 1291 1921 VIII

116 1980 241 2042 semper
263 1958 412 2042 angelum
433 1959 556 2035 vocari,
588 1957 689 2021 filium
713 1957 773 2022 Dei
802 1961 906 2022 autem
930 1957 1005 2022 Sim.
1022 1958 1067 2023 [Χ
1090 1981 1214 2044 semper
1236 1965 1309 2046 aut·

115 2062 176 2127 hcc
198 2063 323 2126 nomine
351 2062 526 2146 nuncupari
548 2066 603 2125 aut
634 2062 793 2126 dominum
815 2062 911 2125 turris
934 2063 1104 2146 appellari;
1136 2064 1291 2129 Hermam

118 2166 193 2231 Sim.
210 2165 255 2230 IX
277 2166 405 2230 minime
433 2166 590 2242 indicare,
621 2165 722 2229 filium
744 2164 805 2230 Dei
834 2167 892 2230 sub
923 2166 986 2231 alio
1015 2169 1141 2232 nomine
1171 2173 1203 2232 et
1226 2170 1291 2234 aha

116 2270 255 2353 imagine
277 2271 360 2334 idem
384 2291 488 2354 agere,
514 2270 597 2354 quod
621 2270 696 2335 Sim.
720 2270 798 2334 VIII
821 2272 859 2334 de
882 2270 1037 2336 Michaele
1058 2273 1208 2352 refertur,
1233 2296 1289 2338 ne·

119 2398 179 2459 que
201 2395 327 2458 sperare
342 2376 493 2458 potuisse,
517 2375 650 2439 lectores
665 2376 792 2440 brevem
813 2376 960 2440 notitiam
976 2375 1195 2442 Similitudinis
1211 2378 1292 2442 VIII

118 2481 158 2543 ad
187 2477 375 2543 Michaelem
407 2483 603 2562 spectantem
634 2480 672 2543 de
702 2479 768 2543 filio
790 2478 851 2543 Dei
873 2480 1086 2544 intellecturos
1115 2503 1201 2558 esse,
1237 2481 1292 2565 qui

118 2582 194 2647 Sim.
212 2582 258 2646 IX
286 2606 442 2668 nusquam
465 2582 603 2647 Michael
631 2589 778 2659 vocatur,
810 2584 893 2647 inter
915 2582 1104 2648 Michaelem
1133 2590 1165 2649 et
1187 2586 1292 2650 filium

118 2686 179 2751 Dei
201 2688 308 2771 potius
330 2688 496 2752 discrimen
517 2687 636 2765 facere,
668 2687 759 2751 illum
781 2693 933 2771 tanquam
955 2688 1135 2752 ministrum
1157 2689 1208 2753 vel
1232 2691 1291 2754 ad·

117 2791 371 2871 ministratorem,
394 2792 477 2856 hunc
499 2797 651 2875 tanquam
678 2792 840 2856 dominum
862 2789 949 2874 (Sim.
968 2791 1007 2867 V,
1025 2793 1054 2870 6,
1070 2794 1107 2867 43
1129 2792 1185 2868 IX,
1204 2795 1233 2870 5,
1253 2793 1290 2868 6;

119 2897 199 2971 7,1;
225 2897 275 2971 18,
292 2893 325 2977 d)
349 2900 594 2980 repraesentare.
641 2895 879 2960 Concedendum
902 2895 1027 2979 quidem
1050 2899 1111 2972 est,
1135 2896 1214 2961 haec
1237 2920 1291 2961 ar·

119 3004 271 3084 gumenta
291 3022 355 3065 non
377 3022 505 3084 prorsus
521 3000 626 3064 valida
649 3022 725 3064 esse.
771 2999 846 3064 Non
861 3000 945 3063 enim
967 3005 1015 3064 est
1031 3000 1291 3080 obliviscendum,

118 3102 271 3167 Hermam
292 3126 356 3168 non
378 3104 409 3168 id
432 3105 543 3189 egisse,
567 3109 603 3168 ut
625 3103 873 3187 Christologiam
896 3104 1073 3168 accuratius
1101 3111 1291 3187 exponeret3

119 3211 151 3270 et
173 3207 353 3272 discrimina
373 3208 432 3271 illa
462 3209 598 3272 fortasse
621 3230 638 3272 e
660 3208 837 3272 discrimine
867 3207 1108 3271 similitudinum
1139 3209 1292 3292 explicari

118 3315 260 3395 possunt.
306 3311 460 3376 Attamen
487 3312 520 3376 id
549 3311 662 3375 saltem
693 3311 811 3395 liquet,
842 3312 1032 3375 contrarium
1062 3311 1190 3375 minime
1222 3333 1293 3378 esse

118 3422 248 3481 certum.
295 3414 442 3493 Accedit,
474 3417 557 3500 quod
579 3416 713 3480 Hermas
737 3415 804 3479 Vis.
824 3414 880 3494 III,
905 3417 935 3493 4,
961 3417 977 3478 l
1009 3416 1127 3499 primos
1157 3417 1292 3501 angelos

118 3522 169 3585 vel
199 3520 405 3606 archangelos
435 3524 555 3584 creatos
585 3520 683 3584 fuisse
718 3520 823 3586 dicens
856 3519 939 3583 haud
973 3520 1067 3584 dubie
1100 3521 1292 3587 Michaelem

118 3625 200 3689 inter
222 3630 384 3689 creaturas
406 3623 527 3700 habuit,
552 3646 623 3688 cum
638 3623 713 3688 Sim.
729 3623 768 3703 V,
786 3625 815 3701 6,
833 3625 852 3687 5
876 3624 1022 3707 spiritum
1037 3630 1181 3689 sanctum
1196 3649 1291 3709 prae-

120 3730 321 3793 exsistentem
344 3733 376 3792 et
398 3727 474 3792 Sim.
499 3725 554 3805 IX,
579 3730 629 3807 12,
653 3731 672 3792 2
701 3729 802 3792 filium
825 3728 885 3792 Dei
914 3728 1000 3792 omni
1030 3732 1175 3792 creatura
1206 3733 1292 3796 anti-

121 3832 261 3914 quiorem
293 3831 445 3915 designet.
491 3831 603 3916 Itaque
634 3832 701 3895 iure
733 3831 964 3909 concludimus,
995 3852 1067 3895 eum
1097 3832 1197 3897 filium
1230 3834 1293 3900 Dei

120 3934 218 3999 alium
241 3958 277 3999 ac
298 3936 487 4001 Michaelem
509 3939 605 4019 atque
628 3933 688 3997 hoc
709 3934 902 4016 superiorem
924 3935 1082 3999 habuisse.

207 4033 286 4103 (lum
302 4039 439 4105 Michael
455 4038 529 4104 Sim.
546 4037 630 4113 VIlI,
647 4038 677 4114 3,
694 4039 713 4101 3
736 4036 866 4116 angelus
884 4037 1040 4122 gloriosus
1055 4044 1193 4118 vocetur,
1218 4062 1292 4106 eum

121 4142 254 4206 eundem
276 4163 344 4206 esse
367 4143 590 4207 coniecerimus
613 4163 683 4205 cum
705 4140 761 4204 illo
784 4141 898 4224 angelo
922 4142 1078 4227 gloriose,
1103 4167 1122 4207 a
1146 4168 1207 4229 quo
1232 4170 1291 4211 an·

121 4245 211 4330 gelus
226 4246 436 4328 paenitentiae
459 4247 498 4310 ad
514 4247 665 4311 Hermam
680 4245 793 4309 missus
809 4249 866 4310 est.
911 4245 1010 4310 Plura
1029 4252 1136 4313 autem
1150 4249 1290 4330 obstant,
