2834 5018
566 337 572 345 ι

328 384 337 391 a

479 640 505 694 S.
525 638 731 694 POLYCARPI
749 638 934 694 EPISTULA.
1221 645 1293 711 XCI

120 817 216 881 fictam
236 839 295 882 nec
320 818 412 882 aliud
435 841 531 903 quam
553 818 640 883 velut
663 818 860 901 prooemium
883 818 1091 901 epistularum
1107 816 1292 902 Ignatiana-

120 945 181 987 rum
203 927 301 989 esse¹.
352 923 442 1001 Quae
466 926 500 1001 7,
526 927 543 988 1
574 925 658 989 dicta
683 918 810 1000 essent,
844 923 1039 987 haereticum
1066 923 1172 988 lesum
1200 924 1293 989 (lhri-

119 1033 194 1092 stum
215 1030 250 1093 in
273 1051 370 1094 carne
392 1030 515 1093 venisse
536 1033 708 1112 negantem
730 1029 976 1113 primogenitum
1000 1049 1068 1092 esse
1085 1027 1231 1106 Satanae,
1256 1051 1294 1094 ea

118 1132 333 1217 aPolycarpo
356 1154 422 1197 non
445 1137 518 1198 ante
549 1134 688 1197 medium
711 1133 873 1198 saeculum
895 1132 927 1197 Π
949 1134 1114 1197 enuntiata
1145 1155 1214 1198 esse
1235 1156 1294 1198 uec

117 1238 270 1302 enuntiari
293 1239 446 1320 potuisse,
470 1238 655 1322 priusquam
678 1236 821 1301 Marcion
843 1234 1063 1302 Docetismum
1086 1260 1178 1302 suum
1201 1260 1292 1320 spar-

116 1342 213 1419 sisset,
239 1342 322 1407 etsi
345 1341 568 1426 Philippenses
592 1340 656 1423 (12,
673 1339 707 1423 3)
732 1343 989 1418 admonerentur,
1020 1347 1058 1407 ut
1080 1346 1205 1407 orarent
1227 1362 1293 1424 pro

115 1449 266 1526 tepidus,
300 1452 462 1511 auctorem
483 1450 558 1530 post
580 1468 698 1510 annum
723 1446 782 1509 161
807 1446 858 1509 vel
883 1444 964 1511 137⁹
988 1448 1149 1531 scripsisse
1177 1451 1292 1530 putan-

116 1550 186 1614 dum
209 1572 298 1628 esse,
333 1551 409 1635 quia
431 1556 505 1615 ante
527 1550 611 1614 hunc
635 1543 752 1614 annum
774 1572 855 1614 unus
877 1550 1051 1634 imperator
1072 1556 1104 1615 et
1127 1550 1293 1634 Augustus

116 1655 234 1720 fuisset
282 1655 345 1721 Sed
369 1660 535 1720 contextus
556 1656 686 1719 minime
708 1654 872 1739 prohibet,
903 1655 1070 1737 quominus
1092 1654 1153 1718 hoc
1175 1656 1294 1719 dictum

116 1760 153 1822 ad
174 1781 268 1845 reges
293 1782 404 1825 omnes
426 1761 511 1825 intra
534 1766 566 1825 et
589 1765 677 1825 extra
699 1761 777 1825 fines
799 1760 925 1843 imperii
947 1759 1084 1824 Romani
1111 1759 1292 1836 referamus,

117 1887 150 1928 ac
172 1869 340 1949 praeterea
362 1865 459 1930 etiam
482 1865 597 1930 Matth.
625 1865 676 1941 17,
701 1867 753 1940 25,
778 1863 849 1928 Act.
867 1864 897 1941 9,
915 1865 966 1940 25,
992 1862 1216 1948 Apoc.6,15;
1242 1865 1292 1941 16,

118 1969 164 2041 14,
189 1991 268 2054 quas
285 1970 459 2054 scripturas
482 1973 554 2033 aute
578 1992 696 2033 annum
713 1970 774 2033 161
799 1968 960 2033 confectas
985 1989 1052 2032 esse
1074 1991 1166 2033 nemo
1186 1971 1292 2052 negat,

116 2072 220 2156 plures
243 2095 335 2158 reges
351 2079 645 2138 commemorantur.
692 2072 784 2150 Quod
806 2079 913 2137 autem
927 2073 967 2137 ad
989 2073 1068 2136 illud
1092 2073 1214 2149 attinet,
1239 2095 1295 2137 cur

116 2199 176 2241 uon
198 2183 339 2242 statuere
362 2179 475 2257 liceat,
507 2178 721 2262 Polycarpum
743 2178 828 2242 idem
850 2179 977 2263 saepius
1001 2179 1125 2254 dixisse,
1149 2199 1293 2261 praeser-

117 2282 172 2345 tim
202 2306 276 2348 cum
304 2283 454 2348 lrenaeua
476 2284 564 2362 (Eus.
590 2283 631 2347 H.
655 2284 693 2348 E.
717 2280 756 2358 V,
781 2285 832 2355 20,
858 2281 890 2364 7)
922 2287 1071 2359 testetur,
1103 2305 1174 2346 eum
1197 2305 1293 2365 quas-

120 2386 186 2451 dam
208 2389 360 2453 veritates
382 2388 555 2452 identidem
571 2388 776 2451 enuntiasse?
805 2387 971 2452 Irenaeum
986 2388 1122 2471 quidem,
1148 2388 1202 2473 qui
1225 2387 1293 2470 epi·

119 2491 231 2556 atulam
255 2498 340 2557 certe
363 2492 453 2577 legit,
477 2492 566 2556 locus
589 2491 644 2555 ille
666 2513 727 2555 non
753 2492 894 2556 offendit.
941 2492 997 2557 Sin
1020 2498 1126 2558 autem
1148 2514 1185 2556 ex
1208 2493 1238 2568 2,
1264 2489 1293 2570 1,

119 2596 168 2659 ubi
198 2596 335 2660 lectores
365 2596 590 2671 admonentur,
624 2600 660 2660 ut
689 2596 744 2676 τὴν
773 2597 867 2677 κενὴν
899 2579 1121 2680 ματαιολογίαν
1153 2596 1208 2658 καὶ
1238 2596 1294 2676 τὴν

119 2707 190 2761 τῶν
222 2697 395 2762 πολλῶν
426 2696 548 2782 πλάνην
579 2701 742 2778 deserant,
774 2699 944 2784 epistulam
966 2724 1031 2766 non
1054 2703 1205 2785 scriptam
1227 2723 1295 2765 esse

120 2805 317 2880 concludunt,
342 2803 533 2888 priusquam
547 2802 690 2869 Gnostici
712 2804 830 2868 multos
853 2805 886 2867 in
902 2827 975 2868 suas
997 2809 1104 2887 partes
1119 2808 1293 2882 traxenmt,

118 2909 259 2985 videant,
296 2931 337 2972 an
369 2908 475 2972 locum
505 2912 589 2972 recte
622 2909 823 2991 interpretati
856 2909 928 2972 sint.
986 2909 1034 2973 cf.
1057 2914 1122 2973 not.
1153 2909 1247 2973 adh.
1272 2909 1293 2971 l.

119 3011 198 3078 Utut
221 3017 328 3077 autem
350 3013 403 3077 hic
426 3014 515 3077 locus
538 3012 771 3097 intellegendus
795 3017 859 3077 est:
884 3012 1054 3096 epistulam
1077 3037 1096 3077 a
1117 3014 1295 3097 Polycarpo

119 3123 277 3182 exaratam
300 3139 369 3181 esse
392 3122 489 3183 testes
512 3117 752 3200 locupletissimi
775 3118 946 3194 affirmant,
977 3119 1092 3201 quibua
1114 3117 1209 3181 fidem
1230 3139 1295 3181 non

119 3221 232 3287 habere
254 3243 319 3286 non
341 3223 509 3305 possimus.

202 3327 362 3403 Irenaeus,
386 3326 556 3410 Polycarpi
579 3324 768 3408 discipulus,
792 3325 966 3390 Eleuthero
990 3324 1189 3408 (174—189)
1213 3347 1294 3410 pon-

118 3432 198 3496 tifice
221 3431 302 3496 haec
326 3431 437 3496 scribit
459 3431 540 3496 Adv.
565 3432 650 3495 haer.
675 3430 731 3507 Ill,
757 3433 786 3507 3,
810 3434 848 3495 4:
872 3428 995 3491 ἔστιδὲ
1019 3427 1165 3511 ἐπιστολὴ
1189 3427 1294 3492 Πολυ-

118 3536 238 3616 αάρπου
261 3535 338 3615 πρὸς
362 3532 590 3618 Φιλιππησίους
612 3533 810 3617 γεγραμμένη
835 3533 1026 3615 ἱκανωτάτη,
1050 3530 1083 3609 ἐξ
1106 3530 1142 3616 ἧς
1165 3535 1219 3596 καί
1242 3535 1296 3596 τὸν

118 3647 301 3721 χαρακτῆρα
322 3647 388 3721 τῆς
410 3637 543 3712 πίστεως
575 3638 670 3699 αὐτοῦ
694 3639 807 3700 καὶτὸ
836 3637 981 3721 κήρυγμα
1012 3646 1066 3720 τῆς
1090 3636 1244 3721 ἀληθείας
1268 3637 1296 3699 οἱ

120 3739 300 3826 βουλόμενοι
315 3743 369 3804 καί
394 3741 605 3824 φροντίζοντες
622 3751 676 3824 τῆς
699 3741 818 3807 ἑαυτῶν
835 3741 988 3825 σωτηρίας
1004 3741 1148 3805 δύνανται
1169 3744 1294 3825 μαθεῖν.

120 3846 301 3932 Epistulam
329 3853 451 3926 autem,
484 3871 579 3934 quam
607 3847 717 3912 laudat
744 3849 909 3926 lranaeua,
944 3849 1074 3912 eandem
1103 3869 1170 3912 esse
1200 3852 1296 3931 atque

120 3974 196 4030 eam,
222 3974 304 4037 quae
327 3954 507 4018 etiamnunc
530 3956 651 4030 exstat,
682 3952 998 4032 ostendittllusebius
1027 3953 1133 4036 capita
1155 3953 1175 4014 9
1199 3956 1230 4014 et
1255 3950 1295 4014 12

120 4056 253 4121 fideliter
274 4059 503 4122 transscribens
527 4056 581 4139 (H.
598 4057 635 4121 Ε.
661 4057 717 4135 ΠΙ,
742 4058 794 4131 36,
813 4054 953 4137 14-16)
978 4079 1015 4120 ao
1038 4077 1295 4132 commemorans,

122 4165 280 4225 auctorem
302 4162 349 4225 uti
372 4162 561 4246 quibusdam
583 4162 772 4226 testimoniis
794 4183 810 4224 e
832 4160 937 4243 priore
960 4158 1048 4223 Petri
1080 4158 1218 4242 epistula
1241 4160 1295 4223 de·

190 4330 405 4402 lllilgenfeld,
432 4332 618 4400 Apostoliacte
650 4332 731 4386 thcr
755 4348 783 4399 p.
807 4328 953 4383 271-274.
999 4328 1174 4399 Schwegler,
1204 4330 1296 4384 Noct-

124 4419 311 4484 upoatoliactes
328 4419 457 4472 Zeitclter
474 4417 508 4480 Il,
530 4418 675 4472 154-156.

190 4506 206 4558 2
225 4502 267 4558 De
278 4504 332 4558 hoe
351 4521 425 4557 anno
437 4503 602 4573 Hilgenfeld
620 4503 694 4558 dixit
710 4504 740 4557 in
752 4503 909 4568 Zeitsetatft
924 4505 974 4569 sato
989 4504 1062 4557 wisa.
1078 4501 1297 4571 lluolopie1874

125 4605 151 4656 p.
168 4591 225 4646 318.
