2834 5018
186 317 250 382 530
619 306 774 363 ΗΕΒΜΑΕ
792 306 935 362 PASTOR

185 487 346 572 Νηστεύω,
371 486 459 570 φημί,
482 485 579 567 κύριε.
624 482 763 568 Νηστεία
785 480 830 561 δέ,
853 481 945 566 φησί,
968 481 998 544 τί
1021 481 1110 547 ἐστιν
1134 487 1244 569 αὕτη,
1274 488 1377 571 ηυντ,-

187 593 330 671 στεύετε,
354 590 409 665 Ὡς
432 589 566 669 είύθειν,
591 589 678 673 φημί,
701 589 798 670 κύριε,
823 591 904 651 ούτω
920 588 1075 671 νηστεύω.
1111 593 1144 656 3.
1170 589 1251 655 Οὐκ
1273 594 1376 661 office,

188 697 277 782 φησί,
306 696 463 780 νηστεύειν
495 702 539 777 τῷ
562 693 669 777 κυρίῳ,
693 692 766 756 ούδέ
790 691 872 754 ἐστιν
895 692 1023 776 νηστεία
1046 695 1132 778 αὕτη
1157 694 1183 777 ἡ
1207 697 1376 780 ἀνωφελής,

186 802 224 885 ήν
247 800 411 885 νηστεύετε
434 801 528 881 αύτῷ.
574 797 672 875 Διατί,
697 797 784 881 φημί,
809 796 905 878 κύριε,
929 806 1022 859 τοῦτο
1045 796 1181 881 λέγεις;
1206 800 1306 885 Λέγω
1327 824 1376 865 σοι

159 906 297 990 υφησίν,
328 907 374 968 ότι
397 905 456 967 ούκ
479 905 561 966 ἔστιν
591 905 668 986 αύτη
692 902 838 985 νηστεία,
866 902 904 984 ήν
928 902 1051 965 δοκεῖτε
1075 905 1271 987 νηστεύειν·
1315 906 1376 970 ἀλλ’

187 1010 250 1096 ἐγώ
285 1032 320 1073 σε
350 1009 482 1087 διδάξω,
517 1008 545 1071 τί
574 1007 638 1070 ἐστι
669 1007 795 1092 νηστεία
828 1006 946 1090 πλήρης
979 1008 1034 1069 καί
1064 1008 1170 1092 δεκτή
1206 1020 1257 1095 τῷ
1280 1011 1374 1094 κυρία

190 1118 306 1193 άκουε,
337 1113 439 1198 φησίν.
498 1116 529 1179 4.
560 1112 577 1174 ό
610 1114 686 1187 θεός
716 1113 753 1174 ού
784 1110 927 1196 βούλεται
956 1111 1107 1196 τοιαύτην
1141 1115 1301 1199 νηστείαν
1327 1137 1374 1198 με

188 1217 293 1281 ταίαν·
332 1220 413 1279 ούτω
435 1218 496 1299 γὰρ
518 1216 675 1300 νηστεύων
699 1223 743 1298 τῷ
768 1218 835 1297 θεῷ
859 1215 948 1278 οὐδὲν
972 1214 1094 1299 ἐργάσῃ
1119 1226 1160 1300 τῇ
1188 1219 1373 1302 δικαιοσύνη

189 1321 357 1402 νήστευσον
380 1321 414 1384 δὲ
436 1329 480 1404 τῷ
504 1323 572 1404 θεῷ
595 1322 738 1406 νηστείαν
760 1319 922 1403 τοιαύτην·
969 1323 998 1384 5.
1023 1321 1125 1403 μηδὲν
1149 1323 1373 1407 πονηρεύσηέι

151 1453 176 1489 ιο
190 1435 228 1508 τή
252 1426 318 1507 ζωή
341 1446 398 1488 σου
420 1427 474 1487 καί
498 1424 666 1488 δούλευσον
681 1434 725 1508 τῷ
749 1426 846 1510 κυρίῳ
863 1426 895 1488 ἐν
910 1427 1042 1509 καθαρᾷ
1064 1427 1210 1512 καρδίᾳ·
1237 1434 1374 1515 τήρησον

188 1531 248 1610 τὰς
272 1529 411 1610 ἐντολὰς
434 1533 539 1594 αὐτοῦ
562 1530 767 1612 πορευόμενος
795 1530 827 1594 ἐν
850 1539 913 1605 τοῖς
935 1531 1185 1614 προστάγμασιν
1211 1535 1313 1597 αὐτοῦ
1331 1535 1373 1596 καί

191 1633 325 1717 μηδεμία
348 1631 499 1716 ἐπιθυμία
531 1637 651 1717 πονηρὰ
675 1634 820 1720 ἀναβήτω
844 1634 877 1697 ἐν
899 1643 936 1716 πή
957 1634 1073 1717 καρδίᾳ
1098 1657 1183 1699 σου·
1219 1639 1373 1702 πίστευσον

188 1738 223 1802 δὲ
245 1746 289 1821 τῷ
314 1740 391 1821 θεῷ,
416 1741 472 1816 ότι,
497 1737 551 1801 ἐάν
574 1749 673 1802 ταύτα
696 1739 813 1823 ἐργάση
834 1741 887 1801 καὶ
904 1738 1051 1823 φοβηθῇς
1067 1741 1173 1804 αὐτόν
1190 1746 1251 1806 καί
1276 1744 1373 1828 ἐγνρτ·

187 1843 283 1926 τεύση
306 1844 368 1906 ἀπό
390 1845 505 1917 παντός
528 1854 665 1927 πονηροῦ
687 1845 877 1928 πράγματος,
902 1842 981 1926 ζήση
1005 1850 1049 1925 τῷ
1074 1846 1167 1927 θεῷ·
1208 1849 1267 1910 καί
1290 1858 1373 1911 τούτο

151 1971 175 2008 υ
190 1947 244 2010 ἐάν
268 1946 396 2031 ἐργάσῃ,
420 1946 558 2031 μεγάλην
581 1948 724 2032 νηστείαν
748 1948 886 2032 ποιήσεις
908 1949 960 2010 καί
984 1948 1101 2031 δεκτήν
1126 1959 1175 2034 τῷ
1204 1956 1288 2037 θεῷ.

277 2048 314 2117 2.
338 2050 457 2114 Ἀκουε
479 2054 534 2134 τήν
557 2052 750 2138 παραβολήν,
773 2055 811 2136 ήν
835 2052 940 2136 μέλλω
964 2074 1013 2116 σοι
1036 2053 1163 2138 λέγειν,
1202 2059 1372 2144 ἀνήκουσαν

189 2166 227 2240 τή
249 2156 384 2240 νηστείᾳ.
431 2161 460 2223 2.
485 2156 550 2239 είχέ
582 2179 626 2232 τις
656 2159 751 2241 ἀγρόν
781 2160 834 2221 καί
864 2157 994 2232 δούλους
1022 2159 1169 2238 πολλοὺς
1208 2168 1269 2228 καί
1297 2164 1373 2248 μέρος

189 2282 218 2322 τι
240 2271 295 2323 τοῦ
319 2261 415 2342 ἀγροῦ
439 2259 607 2342 ἐφύτευσεν
631 2261 817 2344 ἀμπελῶνα·
859 2264 913 2325 καί
936 2260 1150 2346 ἐκλεξάμενος
1175 2268 1298 2333 δοῦλόν
1318 2290 1373 2332 ma

190 2366 297 2427 πιστόν
330 2368 383 2427 καί
416 2365 581 2447 εὐάρεστον
604 2365 745 2447 ἔντιμον,
780 2363 1037 2447 προσεκαλέσατο
1071 2369 1176 2432 αὐτόν
1215 2376 1273 2436 καί
1303 2373 1372 2455 λέγε

151 2492 176 2529 ιο
190 2471 293 2551 αύτῷ·
318 2469 404 2554 Λάβε
427 2472 479 2533 τόν
502 2469 673 2552 ἀμπελῶνα
696 2480 815 2550 τοῦτον,
839 2471 873 2533 όν
897 2470 1070 2552 ἐφύτευσα,
1104 2476 1163 2536 καί
1189 2480 1372 2560 χαράκωσον

190 2573 294 2652 αὐτόν,
317 2575 376 2648 ἕως
399 2575 539 2656 ἔρχομαι,
564 2577 617 2637 καί
640 2576 744 2657 ἕτερον
768 2576 801 2638 δέ
825 2578 866 2658 μή
890 2574 1021 2658 ποιήσης
1044 2583 1091 2659 τῷ
1118 2580 1309 2662 ἀμπελῶνι·
1329 2583 1372 2644 κοί

190 2677 304 2762 ταύτην
328 2699 387 2760 μου
409 2681 464 2761 τήν
488 2679 615 2762 ἐντολὴν
640 2678 794 2761 φύλαξον,
824 2682 877 2743 καί
908 2679 1076 2762 ἐλεύθερος
1109 2683 1172 2769 έση
1206 2687 1287 2772 παρ’
1306 2686 1371 2771 ἐμοί.

190 2781 306 2866 ἐξήλθε
329 2783 364 2846 δὲ
394 2784 410 2846 ό
443 2784 595 2867 δεσπότης
623 2793 677 2846 τοῦ
709 2783 822 2847 δούλου
845 2785 888 2859 εἰς
917 2787 971 2866 τήν
995 2785 1195 2870 ἀποδημίαν.
1247 2797 1278 2859 3.
1302 2792 1372 2869 ἐξελ·

190 2887 303 2962 θόντος
326 2888 360 2950 δὲ
384 2890 479 2951 αὐτοῦ
502 2886 613 2972 ἐλαβεν
637 2887 654 2949 ό
676 2887 787 2961 δοῦλος
809 2889 862 2950 καί
886 2887 1073 2968 ἐχαράκωσε
1105 2893 1165 2955 τόν
1198 2895 1371 2978 ἀμπελῶνα

151 3015 176 3053 οι
190 2993 243 3054 καί
277 2991 406 3067 τελέσας
439 2995 494 3076 τήν
524 2993 705 3074 χαράκωσιν
735 3001 789 3054 τοῦ
819 2991 1002 3074 ἀμπελῶνος
1030 2990 1095 3055 είδε
1126 2998 1185 3059 τόν
1210 3000 1372 3083 ἀμπελῶνα

190 3095 329 3180 βοτανῶν
352 3097 454 3182 πλήρη
477 3100 560 3162 ὄντα.
608 3101 637 3163 4.
664 3096 696 3159 ἐν
719 3095 819 3178 ἑαυτῷ
843 3094 897 3160 σύν
926 3094 1093 3178 ἐλογίσατο
1119 3099 1254 3186 λέγων·
1300 3104 1371 3168 Ταύ-

189 3225 244 3287 την
268 3207 323 3286 τήν
346 3204 474 3287 ἐντολήν
496 3215 550 3268 τού
581 3204 689 3287 κυρίου
712 3203 873 3267 τετέλεκα·
920 3201 1035 3283 σκάψω
1059 3201 1178 3269 λοιπόν
1203 3211 1263 3273 τὸν
1286 3211 1372 3292 ἀμπε-

190 3305 276 3370 λῶνα
299 3319 425 3387 τοῦτον,
448 3311 501 3371 καί
529 3310 615 3372 ἐσται
639 3307 880 3391 εὐπρεπέστερος
904 3306 1123 3388 ἐσκαμμένος,
1157 3315 1217 3375 καί
1253 3314 1373 3400 βοτάνας

190 3413 231 3492 μὴ
255 3412 337 3493 ἔχων
361 3411 453 3475 δύσει
476 3415 596 3494 καρπόν
620 3413 758 3491 πλείονα,
783 3415 824 3495 μή
841 3412 1024 3496 πνιγόμενος
1047 3411 1112 3474 ύπὸ
1139 3426 1208 3481 τῶν
1235 3419 1373 3505 βοτανῶν.

261 3577 274 3628 l
294 3575 414 3644 ιηοτεύω
433 3574 516 3629 GL'A
530 3575 682 3627 :ieiunium
701 3575 734 3626 L¹
752 3575 756 3644 Ι
774 3575 815 3639 1Ι2
834 3576 867 3645 ήν
879 3571 1025 3644 νηστεύετε
1039 3573 1117 3643 ij
1132 3596 1139 3629 :
1154 3582 1192 3645 >
1212 3581 1374 3655 ΙιΙθκνρίρ

191 3661 240 3715 GA
253 3680 259 3713 ι
274 3662 325 3714 deo
344 3663 365 3714 L
381 3663 384 3731 Ι
401 3666 511 3732 νηστεία
530 3679 573 3715 em
593 3662 628 3715 cf.
649 3662 708 3714 L¹A
721 3666 757 3733 ιή
775 3682 848 3732 νηστ.
871 3662 895 3715 G
911 3662 947 3731 Ι4
966 3660 1041 3732 λέγω
1059 3682 1106 3720 σοι
1126 3668 1166 3732 >
1185 3667 1252 3724 ΙιἈ
1268 3676 1273 3735 Ι
1288 3672 1304 3725 6
1320 3673 1374 3738 πλή

190 3769 257 3818 ρης.
272 3754 371 3818 ,δεκτή
390 3748 522 3802 Lsz
539 3752 542 3820 Ι
558 3755 642 3824 κυρίῳ
653 3751 736 3805 GL¹A
748 3769 755 3802 :
768 3752 802 3821 Ι
816 3755 844 3805 et
862 3749 921 3803 dixi
939 3749 965 3802 ei
978 3767 984 3800 :
999 3749 1129 3807 Felicem
1149 3773 1198 3810 me
1219 3760 1319 3823 facies,
1334 3758 1373 3810 de

191 3834 272 3897 mine,
293 3835 316 3887 si
334 3835 429 3897 sciero,
450 3837 525 3903 quod
543 3836 678 3890 ieiunium
697 3840 843 3907 acceptum
863 3839 900 3891 sit
918 3836 1032 3892 domino
1059 3840 1094 3893 L²
1123 3845 1219 3912 (quae
1243 3847 1329 3902 verba
1344 3845 1374 3899 ob

191 3920 329 3974 homoeot.
348 3924 474 3976 excidere
491 3928 653 3992 potuerunt)
670 3927 674 3996 Ι
690 3927 707 3980 8
726 3935 764 4001 τῷ
778 3933 837 4001 θεῷ
856 3927 947 3993 G:>
959 3924 1004 3978 LA
1023 3927 1027 3995 Ι
1043 3927 1062 3979 9
1081 3937 1125 4004 τῷ
1146 3938 1212 4008 θεῷ
1232 3936 1372 3991 &verum

192 4008 231 4069 L¹,
251 4013 284 4074 >
303 4009 381 4077 L²A1
408 4012 920 4084 12114πίσιευσον-πράγματος>
938 4015 961 4066 A
986 4013 991 4082 Ι
1019 4012 1053 4068 13
1073 4012 1120 4072 ίίτι
1142 4019 1166 4072 L
1187 4023 1239 4089 (of.
1261 4023 1318 4077 Vis„
1333 4018 1373 4075 III.

191 4093 215 4155 8,
228 4099 258 4155 4;
278 4098 370 4150 Mand.
390 4097 435 4159 xl,
449 4099 464 4151 7
478 4101 542 4168 etc.)
557 4117 562 4150 :
575 4105 621 4156 καὶ
640 4100 664 4154 G
680 4102 684 4170 Ι
702 4102 734 4153 15
752 4105 876 4170 ποιήσεις
894 4117 937 4153 em
952 4098 987 4152 cf.
1008 4099 1031 4152 L
1051 4102 1312 4173 (ουιιευιωωούίεΙε
1324 4128 1372 4164 ποι·

191 4189 229 4246 οῖς
248 4181 271 4235 G
288 4187 292 4252 Ι
310 4184 342 4238 18
360 4183 510 4252 ἀμπελῶνα
524 4187 576 4257 ε-Ι-
597 4185 697 4240 deinde
719 4203 838 4256 peregre
861 4189 1004 4256 profectus
1024 4188 1057 4241 L¹
1078 4191 1171 4261 (ΙιἈ)
1189 4198 1194 4268 Ι
1211 4198 1315 4269 25Ι1ρ
1330 4195 1373 4251 5ae

190 4271 236 4322 καί
249 4275 303 4325 τελ.
317 4269 509 4338 -άιιπελῶνα
527 4276 561 4338 >
578 4273 602 4326 Α
618 4274 623 4343 Ι
