2834 5018
467 566 491 620 S.
511 567 652 623 IGNA'I'II
670 567 878 624 EPISTULAE.
1125 576 1260 642 LXXXI

81 747 178 807 tatem
201 745 371 810 adhortari
395 741 451 828 (3).
498 746 749 812 Consentaneum
773 755 805 813 et
826 704 905 813 irtile
928 771 1004 828 esse,
1028 772 1082 815 eos
1103 773 1173 815 cum
1190 752 1258 835 epi·

83 869 173 932 scopo
203 851 290 914 uniri
323 850 381 933 (4).
429 850 489 928 Qui
518 873 582 916 non
604 852 688 916 intra
711 854 810 917 altare
833 853 894 917 Dei
918 855 968 930 sit,
1001 876 1074 919 eum
1095 877 1177 938 pane
1199 855 1261 920 Dei

83 954 197 1034 privari
221 954 280 1038 (5).
329 957 525 1040 Episcopum
548 957 777 1039 respiciendum
810 980 878 1022 esse
900 963 936 1022 ut
959 958 1128 1023 Christum.
1175 960 1260 1025 One·

82 1061 195 1124 simum
226 1082 280 1124 eos
310 1061 450 1138 laudare,
481 1062 566 1146 quod
597 1062 687 1126 nulla
716 1062 855 1127 haeresis
883 1063 916 1126 in
939 1063 978 1126 iis
1001 1064 1180 1130 inveniatur
1203 1066 1258 1149 (6).

85 1165 270 1230 Haereticos
294 1170 436 1230 caveant.
472 1163 632 1230 Christum
653 1166 757 1231 Deum
780 1172 812 1232 et
833 1167 993 1232 hominem
1016 1189 1083 1232 esse
1107 1167 1163 1253 (7).
1210 1170 1261 1235 Ne

83 1271 282 1347 seducantur,
316 1270 371 1333 sed
399 1272 570 1334 secundum
593 1270 696 1334 Deum
718 1270 827 1334 vivant
850 1270 907 1354 (8).
954 1271 994 1336 Se
1016 1295 1080 1337 non
1102 1275 1258 1358 ignorare,

83 1397 132 1440 eos
155 1375 250 1439 falsis
274 1373 457 1438 doctoribus
481 1395 572 1437 aures
595 1375 805 1453 obstruxisse,
838 1380 871 1440 et
893 1377 1047 1460 gratulari
1070 1378 1146 1456 sibi,
1177 1380 1261 1462 quod

84 1503 152 1544 curn
176 1479 256 1563 ipsis
280 1478 420 1561 colloqui
442 1480 553 1562 possit,
580 1479 634 1562 qui
656 1479 761 1542 Deum
783 1480 886 1544 solum
909 1481 1046 1567 diligant
1069 1480 1125 1564 (9).
1162 1482 1261 1548 Orent

85 1606 208 1668 quoque
238 1606 297 1668 pro
328 1583 518 1667 gentilibus,
550 1587 586 1647 ut
618 1584 657 1647 ad
679 1583 786 1647 Deum
808 1591 1032 1650 convertantur
1064 1585 1142 1669 (10).
1189 1588 1260 1652 Νο-

83 1690 211 1753 vissima
243 1694 391 1771 tempora
423 1709 500 1751 esse.
547 1687 738 1764 Attendant,
773 1693 809 1752 ut
838 1689 873 1753 in
906 1688 1033 1754 Christo
1066 1690 1139 1755 lesu
1173 1692 1259 1756 inre·

82 1794 224 1871 niantur,
250 1798 281 1857 et
303 1815 363 1876 pro
386 1792 457 1876 ipso
480 1796 571 1856 orent
594 1788 672 1875 (11).
719 1792 814 1856 Haud
836 1814 904 1857 sese
926 1794 1046 1879 fugere,
1079 1797 1260 1880 symmystis

84 1898 176 1962 Pauli
206 1897 345 1981 apostoli
375 1919 408 1961 se
435 1897 571 1961 scribere
602 1896 680 1979 (12).
726 1895 838 1980 Itaque
866 1899 968 1963 crebri
998 1900 1032 1962 in
1063 1922 1160 1963 uuum
1184 1923 1259 1965 oon·

84 2004 220 2067 veniant.
259 2001 447 2065 ¹Mercedem
475 2001 617 2064 futuram
646 2023 714 2065 esse
745 2023 857 2084 pacem
889 2023 925 2065 ac
954 2005 1152 2068 concordiam
1181 2003 1258 2087 (13).

86 2108 174 2184 Quod
196 2108 245 2172 ita
266 2128 335 2171 esse
359 2107 446 2190 ipsos
467 2105 663 2190 intellegere,
688 2106 715 2170 si
737 2105 831 2169 fidem
850 2105 1025 2188 perfectam
1048 2112 1080 2171 et
1094 2130 1132 2173 ca
1151 2109 1260 2174 'tatem

86 2213 224 2277 habeant
247 2210 327 2293 (14).
374 2209 449 2275 Non
471 2209 637 2293 loquentes
660 2209 772 2286 solum,
797 2210 971 2275 sedetiam
994 2210 1123 2277 silentes
1146 2212 1259 2277 Domi-

85 2340 157 2381 num
179 2317 399 2401 profiteantur.
446 2314 551 2379 Deum
573 2314 653 2378 nihil
675 2313 774 2378 latere
798 2313 876 2396 (15).
912 2313 962 2380 Ne
983 2321 1096 2380 errent.
1138 2316 1259 2381 Haere-

86 2422 161 2486 tioos
189 2422 355 2506 inignem
387 2424 547 2484 aeternum
581 2419 681 2483 ituros
704 2440 772 2482 esse
796 2418 874 2501 (16).
923 2419 1062 2505 Fugiant
1086 2423 1261 2486 doctrinam

87 2526 236 2609 principis
259 2526 355 2589 huius
378 2524 506 2600 saeculi,
536 2544 575 2586 ne
598 2523 681 2587 vitae
704 2524 886 2605 propositae
909 2529 1054 2607 expertes
1076 2525 1156 2591 fiant
1180 2525 1258 2609 (17).

86 2629 157 2695 Sese
181 2630 313 2714 gloriari
335 2629 369 2692 in
393 2650 492 2705 cruce,
518 2649 599 2711 quae
620 2627 767 2691 fidelibus
790 2628 832 2690 sit
854 2627 939 2692 salus
956 2627 1033 2710 (18).
1080 2629 1261 2713 Principem

86 2736 193 2799 mundi
225 2735 353 2819 quidem
381 2732 532 2815 mysteria
562 2732 674 2795 salutis
703 2732 850 2808 latuisse,
881 2733 1016 2796 saeculis
1048 2739 1155 2798 autem
1177 2736 1258 2800 miro

84 2840 176 2903 modo
200 2861 238 2903 ea
260 2837 448 2902 annuntiata
470 2840 566 2920 atque
589 2857 714 2900 omnem
729 2836 886 2899 malitiam
909 2841 941 2900 et
954 2836 1168 2920 ignorantiam
1184 2841 1259 2905 abo·

84 2944 174 3008 litam
198 2965 265 3008 esse
289 2941 368 3025 (19).
415 2941 450 3006 si
472 2940 559 3005 Iesus
582 2941 667 3017 velit,
691 2941 785 3023 plura
807 2942 845 3004 de
868 2962 905 3005 eo
928 2963 961 3004 se
978 2943 1170 3025 scripturum
1193 2965 1260 3007 esse

86 3047 161 3131 (20).
208 3046 315 3130 Ipsius
338 3046 539 3110 meminerint
561 3050 714 3129 orentque
737 3066 796 3129 pro
819 3045 952 3110 ecclesia
975 3045 1084 3130 Syriae
1108 3045 1186 3130 (21).

170 3152 206 3216 Μ
219 3173 303 3237 agn
316 3174 333 3215 e
345 3174 360 3214 s
372 3152 382 3214 i
394 3151 428 3214 is
452 3151 577 3215 scribit:
602 3151 640 3214 dc
663 3171 772 3214 eorum
795 3151 927 3215 caritate
950 3152 1115 3215 certiorem
1139 3152 1260 3216 factum

85 3279 117 3322 se
145 3257 321 3322 decrevisse
352 3277 406 3319 eos
435 3255 557 3339 alloqui
589 3257 644 3334 (l).
692 3253 813 3318 Gaudio
837 3277 869 3319 se
893 3254 980 3319 affici
1002 3256 1169 3334 videntem,
1195 3257 1259 3322 ole-

84 3364 164 3428 ricos
196 3363 231 3426 in
261 3382 340 3445 pace
372 3365 404 3424 et
435 3361 602 3425 concordia
634 3381 702 3423 esse
732 3358 787 3441 (2).
833 3359 900 3443 Ipsi
929 3382 968 3424 ne
992 3366 1095 3424 aetate
1119 3361 1261 3445 episcopi

86 3469 258 3533 abutantur
281 3463 328 3548 (3)
359 3486 461 3548 neque
484 3464 657 3528 Christiani
685 3466 846 3540 vocentur,
882 3463 937 3527 sed
959 3465 1067 3547 potius
1091 3464 1163 3541 sint,
1194 3465 1261 3528 sine

85 3572 233 3655 episcopo
255 3570 337 3634 nihil
359 3570 513 3633 facientes
537 3568 592 3651 (4),
616 3589 656 3632 ne
678 3572 819 3651 pereant,
844 3570 899 3632 sed
913 3568 1012 3632 vitam
1028 3572 1261 3652 consequantur

86 3674 140 3757 (5).
188 3673 269 3739 Cum
291 3675 390 3758 igitur
414 3675 448 3737 in
469 3674 584 3757 legatis
606 3677 709 3737 totam
732 3694 841 3737 eorum
864 3672 1028 3737 ecclesiam
1051 3673 1259 3756 conspexerit,

86 3801 152 3844 sese
182 3779 346 3844 adhortari
376 3800 444 3855 eos,
477 3783 514 3841 ut
535 3781 665 3841 teneant
687 3777 886 3841 concordiam
910 3774 969 3857 (6),
1002 3798 1041 3840 ne
1066 3777 1140 3860 quid
1164 3780 1262 3860 agant

86 3885 151 3949 sine
174 3883 326 3966 episcopo
349 3887 381 3946 et
402 3884 597 3968 presbyteris
621 3880 667 3964 (7)
696 3903 798 3965 neque
821 3882 1011 3946 seducantur
1034 3881 1184 3945 doctrinis
1206 3880 1260 3944 lu-

87 3989 278 4053 daizantium
302 3986 357 4069 (8).
404 3986 584 4071 Prophetas
607 3988 639 4050 in
655 3986 817 4050 Christum
842 4007 1001 4069 sperasse:
1027 3986 1182 4069 quomodo
1198 3985 1261 4068 ipsi

87 4093 151 4157 sine
182 4091 311 4156 Christo
343 4092 478 4155 salutem
509 4090 660 4172 consequi
690 4089 813 4172 possint
847 4088 918 4171 (9)?
962 4089 1081 4153 Vivant
1110 4110 1187 4173 ergo
1209 4111 1261 4152 se·

88 4198 223 4261 cundum
239 4194 515 4259 Christianismum
532 4192 610 4276 (10).
650 4193 691 4258 Se
706 4193 842 4256 scribere
865 4193 953 4270 haec,
977 4215 1041 4257 non
1063 4196 1100 4256 ut
1115 4193 1259 4277 castiget,

88 4302 142 4364 sed
163 4307 199 4364 ut
222 4301 423 4385 praemuniat
446 4321 499 4363 eos
523 4297 606 4380 (ll),
639 4298 753 4380 quibus
783 4298 852 4380 ipse
880 4298 1008 4360 nonsit
1031 4299 1261 4380 comparandus

90 4404 164 4486 (12).
212 4404 445 4470 Confirmentur
471 4405 580 4488 itaque
603 4403 636 4467 in
658 4404 720 4467 fide
743 4406 775 4466 et
797 4402 912 4465 unione
936 4399 1004 4485 (13)
1027 4407 1180 4485 orentque
1203 4421 1261 4484 pro

137 4525 157 4564 l?
165 4537 181 4565 a
190 4537 206 4565 n
215 4526 244 4574 k,
258 4526 340 4565 Patre·
355 4530 429 4572 apost.
449 4524 484 4564 ed.
497 4524 530 4562 11.
1039 4504 1057 4569 f
