2834 5018
334 693 511 750 EPISTULA
529 694 579 749 AD
598 694 818 751 DIOCNII'I'UM
836 695 881 760 IV,
902 695 984 760 l—V,
1003 698 1028 751 2.
1206 699 1270 764 397

93 875 321 938 memoratione
344 873 456 956 digna,
488 895 552 938 non
575 874 712 938 arbitror
734 879 766 939 te
792 897 919 940 necesse
950 874 1067 940 habere
1091 897 1109 938 a
1132 895 1182 937 me
1205 872 1270 937 dis·

94 1000 173 1042 cere.
220 981 250 1042 2.
275 979 403 1043 Etenim
426 999 548 1054 sorum,
582 1000 662 1063 quae
686 1001 705 1043 a
728 980 785 1042 deo
807 979 840 1041 in
863 1000 955 1042 usum
977 978 1143 1042 hominum
1165 982 1272 1043 creata

92 1088 176 1161 sunt,
202 1083 266 1147 alia
290 1084 417 1167 quidem
439 1089 604 1168 tamquam
625 1085 706 1148 bene
729 1088 837 1148 creata
859 1084 1018 1168 accipere,
1053 1083 1116 1147 alia
1137 1105 1213 1147 vero
1235 1088 1271 1146 ut

92 1188 219 1252 inutilia
230 1194 263 1252 et
274 1210 508 1273 supervacanea
520 1209 672 1267 recusare,
685 1189 843 1273 quomodo
854 1193 976 1254 nonest
988 1187 1101 1252 nefas?
1124 1189 1154 1251 3.
1171 1186 1270 1251 Porro

93 1294 131 1357 de
155 1294 213 1356 deo
236 1293 377 1370 mentiri,
409 1299 515 1359 vetare
538 1316 610 1359 eum
637 1296 712 1360 boni
736 1296 856 1380 aliquid
878 1297 929 1360 die
952 1297 1078 1361 sabbati
1108 1314 1297 1380 perageres

93 1400 252 1482 quomodo
274 1420 339 1463 non
362 1405 409 1463 est
423 1401 580 1483 impium?
603 1404 633 1464 4.
658 1398 742 1465 Tum
757 1402 853 1465 etiam
874 1402 912 1464 de
935 1402 1037 1465 carnis
1053 1399 1271 1465 imminutione

92 1508 257 1587 tamquam
288 1503 450 1570 electionis
480 1507 661 1570 testimonio
691 1506 836 1590 gloriari,
872 1506 962 1589 quasi
992 1507 1126 1571 obeam
1158 1504 1271 1568 eximie

94 1607 202 1671 dr'lecti
224 1609 288 1672 sint
311 1610 412 1686 adeo,
438 1612 598 1692 quomodo
622 1611 777 1675 derisione
793 1631 857 1674 non
879 1614 928 1673 est
944 1610 1099 1694 dignum?
1124 1611 1153 1674 5.
1171 1608 1270 1673 Deni-

93 1734 155 1795 que
178 1734 240 1787 eos,
265 1713 445 1778 adsidentes
467 1714 569 1779 stellis
592 1721 624 1779 et
646 1716 758 1793 lunae,
788 1715 1040 1780 observationem
1061 1716 1217 1780 mensium
1239 1718 1272 1778 et

93 1818 215 1882 dierum
238 1817 404 1881 instituere
426 1825 458 1882 et
473 1820 685 1884 ordinationes
709 1821 759 1885 dei
782 1843 819 1884 ac
841 1824 1021 1902 temporum
1040 1818 1270 1883 vicissitudines
1286 1836 1310 1872 1⁰

92 1943 150 2004 pro
173 1943 231 1985 suo
256 1922 410 1986 arbitratu
433 1924 629 2001 distribuere,
655 1925 735 1988 alias
758 1925 798 1988 ad
821 1924 919 1988 festos
943 1925 1018 2000 dies,
1043 1924 1123 1988 alias
1146 1924 1186 1986 ad
1201 1922 1270 1987 luc-

92 2032 171 2101 tum,
196 2027 267 2108 quis
289 2026 350 2090 hoc
373 2027 477 2091 cultus
500 2029 597 2092 divini
620 2033 652 2093 et
674 2050 737 2093 non
761 2029 936 2093 dementiae
964 2027 1064 2091 multo
1087 2027 1191 2110 magis
1214 2048 1270 2090 ex·

91 2131 213 2195 istimet
236 2136 482 2215 argumentum?
513 2134 541 2196 6.
567 2131 732 2197 Communi
755 2133 854 2216 igitur
874 2132 1015 2195 vanitate
1038 2136 1069 2195 et
1092 2152 1196 2194 errore
1219 2135 1270 2194 at·

93 2257 155 2319 que
187 2236 376 2300 Iudaeorum
408 2237 590 2302 curiositate
624 2242 656 2302 et
684 2238 838 2302 iactantia
871 2240 956 2300 recte
989 2233 1184 2299 Christianos
1213 2235 1270 2298 ab·

93 2341 225 2417 stinere,
261 2342 385 2405 abunde
406 2346 439 2406 te
473 2343 616 2407 didicisse
650 2344 814 2417 existimo;
849 2343 904 2406 sed
938 2341 1035 2405 divim
1069 2339 1173 2404 cultus
1206 2338 1271 2403 illis
1286 2356 1311 2395 ¹⁵

93 2444 216 2528 proprii
238 2445 426 2527 mysterium
447 2468 486 2510 ne
509 2451 541 2511 te
565 2449 604 2512 ab
628 2448 754 2512 homine
776 2446 843 2510 ullo
867 2445 971 2510 doceri
993 2466 1087 2528 posse
1109 2464 1225 2528 speres.

182 2548 221 2612 V.
256 2548 429 2615 Christiani
459 2552 541 2615 enim
571 2574 675 2637 neque
702 2553 831 2638 regione
863 2573 965 2635 neque
996 2571 1139 2614 sermone
1169 2568 1271 2632 neque

92 2653 177 2717 vitae
200 2654 355 2718 institutis
379 2655 518 2720 distincti
542 2680 561 2720 a
583 2658 696 2721 ceteris
720 2662 794 2721 sunt
817 2656 1006 2720 hominibus.
1053 2656 1082 2717 2.
1107 2651 1191 2717 Nam
1213 2674 1271 2717 ne·

93 2779 154 2841 que
179 2758 322 2822 civitates
345 2761 489 2843 proprias
516 2760 659 2825 incolunt
680 2782 783 2845 neque
806 2782 948 2825 sermone
980 2763 1113 2824 utuntur
1135 2757 1271 2842 quodam

91 2915 198 2980 καιρῶν
220 2902 342 2981 ἄλλαγάς
367 2910 470 2976 (Bohl).
497 2942 533 2950 —
558 2909 667 2985 ἑορτάς]
695 2911 765 2979 ἰδίας
780 2912 851 2981 κτλ.]
870 2911 887 2965 'a
907 2928 929 2965 e.
950 2929 1007 2966 non
1024 2911 1117 2965 verbis
1140 2910 1270 2973 hominis,

92 2995 156 3048 Huc
175 2995 322 3049 referenda
341 3001 404 3050 sunt
415 2998 581 3051 Iudaeorum
594 2998 683 3052 festa:
697 2997 766 3065 quid
785 2999 823 3052 sit
841 2998 913 3052 illud
924 3000 1095 3068 mysterium,
1115 2998 1271 3068 cognoscis,

92 3083 219 3145 maiora,
248 3083 411 3147 Panchaeis,
439 3087 621 3140 Pentecosten
640 3056 746 3139 etlsed
773 3085 868 3155 gratia
891 3084 945 3139 Dei
971 3086 1060 3140 vitam
1087 3084 1271 3139 christianam

92 3168 356 3234 Tabernaculorum,
376 3188 449 3239 quae
461 3173 491 3226 in
507 3173 584 3242 ipsas
598 3177 667 3226 tem·
681 3166 683 3241 i
695 3171 800 3225 vivens.
815 3202 848 3211 -
859 3177 938 3230 deco.
947 3172 1109 3245 μυστήριον]
1123 3171 1166 3225 of.
1176 3173 1189 3225 I
1199 3171 1270 3224 Tim.

91 3259 236 3324 pestutum
277 3260 449 3314 mutationes
489 3256 719 3329 incidebant;l3‚
742 3259 780 3312 lo.

92 3342 195 3410 quibus
223 3344 291 3398 addi
317 3350 412 3416 potest
430 3346 490 3400 dies
516 3348 607 3401 festus
626 3347 667 3401 in·
730 3344 762 3397 V.
782 3346 823 3399 cf.
844 3345 928 3399 Arist.
947 3344 1028 3413 Apol.
1050 3345 1089 3397 15.

92 3431 185 3484 euntis
205 3432 272 3486 anni
288 3433 390 3503 (Hohl).
418 3465 453 3474 —
479 3433 581 3505 πένθη]
600 3433 667 3489 Dies
732 3434 753 3487 1.
773 3433 966 3487 Tertullianus
990 3430 1072 3500 Apol.
1091 3448 1113 3484 c.
1131 3431 1180 3483 42:
1210 3430 1271 3496 Quo

90 3519 263 3586 expiationis
286 3520 361 3588 (Lev.
380 3519 420 3583 23,
440 3519 554 3591 27-32)
581 3520 666 3586 luctu,
694 3524 779 3588 pacto
797 3521 845 3590 (so
859 3518 1029 3574 infructuosi
1047 3517 1212 3588 innegotiis
1232 3517 1272 3572 di·

90 3606 213 3659 maxime
231 3606 336 3661 ieiunio
356 3606 474 3678 agendo,
494 3608 666 3671 celebratur;
695 3610 807 3669 cuntur)
819 3607 946 3661 homines
964 3604 1110 3660 vobiscum
1129 3603 1271 3674 degentes,

91 3693 166 3746 unde
191 3691 299 3746 factum
322 3698 380 3757 est,
409 3697 442 3748 ut
465 3694 605 3749 diceretur
623 3716 666 3766 vq-
695 3694 819 3747 eiusdem
837 3693 937 3756 victus,
956 3692 1083 3755 habit-us,
1109 3692 1271 3756 instructus,

89 3782 181 3842 στεία,
202 3778 338 3833 ieiunium
359 3798 494 3851 magnum
513 3781 614 3851 (Bohl).
632 3813 667 3821 —
695 3781 821 3835 eiusdem
839 3781 982 3836 advitam
1000 3779 1204 3834 necessitatis?
1228 3778 1270 3835 cf.

90 3869 133 3933 τίς
150 3862 185 3922 ἂν
202 3867 272 3936 κτλ]
292 3867 334 3921 CI.
354 3867 377 3931 3,
397 3868 420 3920 3.
695 3867 793 3922 Celsus
811 3869 886 3938 apud
905 3867 981 3935 Orig.
1003 3867 1032 3921 C.
1052 3866 1124 3920 Cels.
1143 3865 1216 3929 VIII,
1229 3867 1271 3922 28.

126 3954 150 4006 6.
174 3966 268 4022 κοινῆς
293 3953 342 4010 ela.
366 3976 391 4011 κ.
416 3953 533 4025 ἀπάτης]
560 3955 736 4023 Auctor,55.
772 3955 871 4010 Altera
883 3971 917 4008 ex
929 3959 1011 4024 parte
1020 3952 1142 4008 Basilius
1152 3952 1190 4006 M.
1200 3953 1270 4022 Reg.

89 4040 208 4108 respicit
226 4042 261 4094 ad
286 4041 382 4110 capita
399 4041 516 4104 Il-III‚
545 4041 594 4095 ubi
622 4059 667 4096 ex·
694 4040 747 4093 fus.
767 4045 849 4096 tract.
868 4041 910 4104 22,
929 4043 960 4096 3:
979 4036 1129 4098 electura
1146 4043 1192 4096 καὶ
1206 4044 1272 4112 Χρι-

89 4127 202 4196 posuit‚
227 4127 287 4183 Deo
312 4128 357 4182 vel
383 4129 436 4182 diis
461 4128 600 4183 sacrificia
617 4137 809 4198 peracturos>
829 4127 951 4199 ἰδιότητα
969 4131 1015 4185 καὶ
1038 4125 1094 4185 ἀπὸ
1117 4140 1166 4198 τῆς
1189 4124 1272 4197 ἐσθῆ-

90 4215 260 4282 sanguinem
279 4218 308 4268 et
319 4214 445 4268 nidorem
460 4218 489 4269 et
501 4215 668 4270 holocausta
695 4236 743 4282 τος
755 4214 890 4290 εὐπρεπὲς
901 4220 948 4272 καὶ
959 4215 1127 4273 ἀκόλουθον.
1135 4244 1172 4252 -
1180 4208 1269 4284 ἔθεσι]

89 4301 243 4356 offerentes
261 4302 379 4356 Iudaeos
399 4304 429 4355 et
442 4302 573 4357 Hellenes
593 4303 667 4357 simi·
695 4302 756 4357 Hoc
767 4301 904 4357 vocabulo
917 4319 973 4356 non
990 4303 1109 4355 virtutes
1123 4299 1271 4370 designan-

89 4388 157 4442 liter
186 4404 287 4442 errare.
324 4419 357 4427 -
387 4390 748 4531 πολυπραγμοσύνηςψιιτ,
777 4387 826 4442 sed
853 4391 986 4444 instituta
1014 4388 1051 4441 ad
1077 4387 1208 4441 habitum
1226 4387 1271 4441 vel

90 4474 219 4543 Respicit
238 4480 336 4530 auctor
355 4476 391 4529 ad
410 4475 551 4530 curiosum
569 4477 667 4533 Iudae·
695 4476 926 4530 consuetudinem
962 4475 1053 4530 victus
1088 4474 1270 4544 pertinentia.

90 4580 171 4616 orum
190 4561 314 4615 studium
332 4562 413 4616 varia
437 4561 474 4616 ad
492 4562 545 4617 Dei
563 4563 669 4619 cultum
697 4563 739 4618 Cf.
759 4582 785 4617 v.
803 4564 828 4616 4.

89 4649 267 4718 pertinentia
284 4650 477 4704 coacervandi
495 4680 532 4689 -
549 4651 582 4709 τὸ
600 4651 630 4709 δὲ
642 4673 666 4708 r.
731 4652 755 4706 2
774 4650 828 4705 Hic
845 4666 941 4705 versus
966 4649 1182 4719 praecedentem
1200 4650 1272 4703 bene
