2834 5018
505 653 573 708 SIM.
593 653 639 717 IX,
659 654 700 716 26,
719 653 812 717 2-27,
826 656 849 708 2.
1200 660 1263 724 623

82 832 162 916 ipsis
184 830 308 896 lucrum
330 830 474 896 fecerunt
496 853 534 896 ex
549 831 733 908 ministerio,
758 833 842 916 quod
865 836 1053 917 acceperunt
1067 831 1262 910 ministrare;

83 938 112 1002 si
133 937 234 1022 igitur
255 936 485 1021 permanserint
506 936 540 1000 in
562 937 671 1000 eadem
687 935 870 1020 cupiditate,
892 937 1009 1001 mortui
1024 943 1099 1002 sunt
1119 959 1178 1003 nec
1197 938 1264 1004 ulla

82 1062 156 1126 spes
180 1046 228 1106 est
249 1041 289 1106 iis
311 1041 415 1116 vitae;
439 1040 488 1105 sin
511 1061 584 1104 vero
607 1040 749 1104 conversi
771 1040 892 1105 fuerint
913 1045 946 1105 et
967 1045 1053 1105 caste
1074 1042 1264 1125 perfecerint

81 1146 292 1211 ministerium
315 1169 415 1225 suum,
439 1149 590 1229 poterunt
611 1145 723 1209 vivere.
769 1144 799 1208 3.
824 1143 972 1210 Scabrosi
994 1149 1108 1223 autern,
1132 1146 1167 1210 hi
1190 1152 1264 1211 sunt

83 1250 139 1334 qui
170 1251 408 1334 abnegaverunt
439 1270 496 1315 nec
527 1249 668 1314 conversi
699 1252 773 1313 sunt
803 1248 844 1312 ad
873 1249 1035 1314 dominum
1065 1272 1172 1328 suum,
1207 1251 1287 1315 seda

82 1358 224 1439 agrestes
246 1358 413 1419 evaserunt
444 1376 481 1419 ac
503 1353 634 1430 deserti,
664 1374 729 1418 non
759 1353 966 1418 adhaerentes
987 1354 1086 1418 servis
1109 1354 1175 1432 dei,
1208 1354 1264 1419 sed

81 1458 144 1523 sibi
165 1457 226 1522 soli
247 1458 388 1523 viventes
410 1460 549 1543 perdunt
572 1457 694 1522 animas
716 1480 799 1522 suas.
845 1460 875 1522 4.
901 1457 990 1523 Sicut
1012 1459 1096 1523 enim
1117 1459 1206 1536 vitis,
1229 1460 1263 1523 in

82 1583 176 1646 saepe
200 1561 307 1648 aliqua
329 1562 489 1640 derelicta,
514 1562 656 1627 culturae
671 1582 782 1645 expers
805 1563 936 1647 disperit
959 1566 991 1626 et
1007 1563 1047 1627 ab
1070 1563 1176 1628 herbis
1192 1562 1261 1627 suf·

80 1665 207 1731 focatur
230 1672 262 1731 et
283 1670 426 1751 tempore
442 1666 579 1750 agrestis
600 1666 638 1730 fit
652 1667 829 1751 desinitque
852 1666 979 1731 domino
999 1689 1056 1731 suo
1078 1666 1167 1731 utilis
1183 1689 1260 1745 esse,

81 1770 175 1836 sicet
196 1771 340 1836 homines
355 1771 537 1836 huiusmodi
554 1770 591 1835 de
607 1775 706 1835 semet
719 1771 799 1855 ipsis
815 1771 1059 1855 desperaverunt
1074 1775 1106 1836 et
1121 1777 1261 1857 agrestes
1277 1793 1302 1829 10

82 1874 186 1938 effecti
208 1874 338 1939 inutiles
361 1878 436 1939 sunt
459 1874 585 1940 domino
609 1895 676 1938 suo.
722 1877 752 1938 5.
776 1873 838 1939 His
859 1876 960 1960 igitur
986 1876 1181 1959 paenitentia
1203 1880 1261 1953 est,

80 1978 195 2043 sinon
218 2000 256 2043 ex
271 1979 464 2064 praecordiis
486 1980 606 2044 inventi
620 1979 740 2043 fuerint
755 1980 943 2064 denegasse;
967 1981 995 2044 si
1016 2001 1091 2044 vero
1106 2001 1145 2044 ex
1167 2003 1260 2066 prae·

81 2083 195 2147 cordiis
217 2082 365 2148 inventus
392 2084 463 2168 quis
485 2083 584 2148 fuerit
606 2074 786 2168 denegasse,
809 2084 932 2159 nescio,
958 2107 999 2148 an
1022 2085 1125 2169 possit
1146 2086 1259 2150 vivere.

81 2190 111 2252 6.
135 2189 178 2253 Et
199 2188 261 2253 hoc
292 2210 356 2254 uon
379 2189 449 2254 dico
471 2189 576 2254 inhia
608 2189 735 2267 diebus,
767 2191 805 2251 ut
828 2186 957 2272 aliquis,
992 2209 1065 2252 cum
1087 2190 1259 2273 negaverit,

78 2293 310 2377 paenitentiam
338 2294 494 2377 accipiat;
528 2293 724 2377 impossibile
755 2297 804 2357 est
835 2293 919 2356 enim
948 2314 1019 2356 eum
1042 2293 1174 2371 salvari,
1205 2295 1260 2378 qui
1275 2312 1299 2350 1⁶

78 2420 164 2462 nunc
186 2398 348 2462 domiuum
376 2421 468 2463 suum
489 2402 663 2482 negaturus
690 2403 755 2472 est;
789 2396 844 2461 sed
865 2397 948 2474 illis,
984 2397 1038 2481 qui
1061 2397 1138 2461 olim
1159 2419 1259 2483 nega·

77 2506 202 2578 verunt,
226 2502 390 2585 proposita
412 2523 481 2566 esse
502 2501 627 2567 videtur
648 2500 853 2586 paenitentia.
900 2499 935 2565 si
959 2501 1029 2583 quis
1052 2522 1128 2586 ergo
1147 2501 1259 2586 paeni-

77 2608 214 2672 tentiam
237 2610 365 2671 acturus
388 2611 452 2683 est,
483 2606 651 2682 acceleret,
680 2606 867 2690 priusquam
888 2605 985 2669 turris
1008 2610 1259 2680 consummatum

78 2711 130 2775 sin
152 2712 272 2789 minus,
297 2733 316 2774 a
337 2710 523 2776 mulieribus
553 2712 704 2796 perdetur
726 2710 767 2774 ad
794 2714 938 2774 mortem.
985 2711 1014 2775 7.
1038 2710 1082 2775 Et
1104 2711 1201 2788 curti,
1225 2710 1260 2774 hi

78 2818 155 2879 sunt
177 2814 280 2880 dolosi
304 2819 336 2879 et
358 2816 567 2889 detractorem
592 2820 624 2880 et
645 2816 790 2898 pecudes,
815 2836 893 2899 quas
908 2813 1015 2879 vidisti
1036 2815 1070 2879 in
1085 2819 1201 2891 monte,
1225 2814 1260 2878 hi
1274 2830 1299 2867 2⁰

78 2924 163 2984 sunt.
218 2918 309 2985 Sicut
339 2919 423 2983 enim
454 2919 591 3003 pecudes
626 2941 746 2984 veneno
778 2940 836 2983 suo
866 2918 1026 2983 hominem
1056 2919 1193 3003 perdunt
1222 2940 1259 2983 ac

76 3023 253 3106 perimunt,
284 3024 330 3088 sic
353 3027 385 3088 et
413 3024 511 3088 verba
533 3023 697 3088 hominum
727 3023 908 3087 huiusmodi
929 3023 1066 3107 perdunt
1097 3022 1256 3088 hominem

79 3147 118 3190 ac
139 3127 307 3212 perimunt
355 3129 385 3192 8.
409 3127 454 3192 Hi
483 3127 584 3211 igitur
605 3129 686 3192 curti
716 3127 845 3192 suntin
866 3127 928 3192 fide
950 3149 1008 3191 sua
1034 3132 1165 3211 propter
1186 3127 1254 3192 fac·

76 3233 157 3306 tum,
181 3230 264 3314 quod
287 3230 407 3295 habent
428 3231 462 3294 in
484 3233 584 3294 semet
605 3230 700 3314 ipsis3
725 3231 825 3315 aliqui
846 3252 920 3295 vero
942 3231 1168 3315 paenitentiam
1184 3252 1258 3315 ege·

77 3339 154 3398 runt
185 3339 217 3398 et
248 3334 382 3399 salutern
412 3334 548 3399 assecuti
577 3338 660 3398 sunt.
713 3335 758 3400 Et
786 3333 901 3418 reliqui
928 3334 1071 3399 homines
1105 3334 1258 3398 eiusmodi
1273 3356 1298 3395 ss

76 3443 213 3520 possunt
234 3439 359 3517 salvari,
383 3439 411 3503 si
433 3439 661 3524 paenitentiam
684 3440 822 3523 egerint;
853 3439 880 3502 si
901 3460 976 3503 vero
997 3460 1060 3503 non
1083 3438 1213 3524 egerint,
1238 3461 1258 3503 a

76 3542 264 3608 mulieribus
287 3541 362 3619 illis,
388 3564 521 3627 quarum
543 3544 608 3608 vim
629 3545 801 3627 possident,
825 3543 1060 3608 interficientur.

167 3643 230 3712 27.
254 3647 304 3712 De
319 3651 427 3712 monte
448 3670 523 3712 vero
538 3648 668 3727 decimo,
691 3649 746 3714 ubi
770 3654 860 3713 erant
876 3650 1004 3714 arbores
1025 3652 1170 3733 tegentes
1185 3668 1258 3711 oves

78 3749 212 3834 aliquas,
238 3751 293 3835 qui
315 3752 528 3829 crediderunt,
552 3753 731 3818 huiusmodi
752 3757 844 3817 sunt:
875 3755 905 3818 2.
929 3753 1070 3837 episcopi
1092 3756 1124 3816 et
1146 3751 1258 3835 hospi-

77 3854 168 3934 tales,
193 3855 248 3939 qui
270 3877 376 3920 servos
400 3857 449 3921 dei
480 3878 605 3942 semper
626 3857 761 3923 libenter
781 3858 815 3921 in
838 3858 949 3922 domos
975 3879 1049 3921 suas
1071 3859 1258 3940 receperunt
1271 3881 1297 3918 ao

148 3989 165 4044 8
183 3991 284 4045 Matth.
306 3990 347 4055 10,
366 3992 413 4055 39;
432 3992 497 4047 Luc.
514 3994 538 4057 9,
558 3995 606 4055 24;
627 3993 666 4058 17,
685 3996 733 4057 33;
750 3993 846 4048 loann.
867 3994 907 4058 12,
926 3993 968 4048 25.

77 4096 191 4148 tantum
209 4096 334 4157 coaetus,
353 4112 410 4150 non
423 4113 457 4151 ex
475 4098 559 4153 corde
571 4098 656 4153 fidem
667 4100 670 4183 Ι
682 4100 712 4163 3;
731 4100 824 4154 Mand.
843 4099 876 4153 II.

78 4180 247 4251 abnegavit,
270 4184 307 4237 ad
325 4184 532 4253 paenitentiam
556 4187 655 4242 admit·
717 4189 741 4242 8.
759 4190 872 4255 κολοβοί
889 4182 958 4243 εἰσιν
980 4182 1038 4240 ἀπὸ
1057 4194 1105 4253 τῆς
1126 4180 1256 4251 πίστεως]

76 4271 156 4323 tatur
174 4269 307 4340 (Helela).
682 4274 699 4328 i.
719 4290 741 4327 e.
760 4290 816 4327 non
835 4271 942 4326 habent
965 4270 1050 4324 fidem
1068 4269 1182 4338 plenam
1208 4284 1257 4322 seu

114 4358 138 4411 6.
157 4379 182 4414 κ.
202 4355 430 4428 coercebant]
444 4358 486 4412 Cf.
499 4358 593 4412 bland.
607 4359 654 4424 IV,
680 4358 843 4429 perfectam.
870 4389 903 4399 -
928 4358 1038 4432 πρᾶξιν]
1058 4375 1095 4411 sc.
1113 4357 1210 4410 dolum
1229 4357 1258 4409 et

79 4447 102 4508 1,
124 4448 170 4509 11;
198 4448 223 4511 3,
242 4447 265 4500 3.
293 4474 328 4483 -
354 4444 456 4513 ταύτας
480 4466 503 4502 τ.
527 4446 582 4517 tic]
612 4446 653 4500 Cf.
681 4444 894 4499 detractionem.

77 4530 136 4586 Via.
156 4531 190 4594 II,
209 4532 233 4594 2,
252 4530 278 4582 4.
296 4531 321 4584 5.
437 4568 447 4581 .
717 4532 762 4595 27,
781 4529 806 4583 2.
825 4531 975 4602 φιλόξενοι]
1004 4529 1045 4585 of.
1066 4528 1159 4583 Mand.
1181 4529 1255 4595 VIII,

113 4621 138 4674 7.
156 4616 316 4687 κατάλαλοι]
342 4615 384 4671 cf.
408 4614 472 4670 Sim.
493 4616 566 4682 vm,
586 4619 652 4684 Η.
683 4618 730 4682 10;
759 4616 861 4670 lTim.
880 4618 903 4682 3,
922 4619 953 4682 23
980 4616 1034 4673 Tit.
1056 4619 1078 4683 1,
1097 4617 1127 4680 83
1151 4615 1255 4671 IPetr.
