2834 5018
326 689 555 746 MARTYRIUM
574 691 599 746 S.
620 690 825 747 POLYGARPI
842 690 889 756 IX,
912 691 986 748 1-3.
1180 695 1244 760 325

66 868 163 951 tigit:
197 871 310 934 Fortis
335 877 425 950 esta,
447 869 640 953 Polycarpe,
671 879 705 934 el
727 873 872 934 attritior
896 890 966 950 ape.
1013 870 1149 935 Etcum
1173 872 1244 955 qui·

69 973 149 1050 dem,
176 974 228 1057 qui
252 995 360 1038 vocem
384 975 498 1052 emisit,
522 997 614 1039 nemo
637 975 732 1050 vidit,
763 996 872 1038 vocem
895 979 999 1039 autem
1022 976 1046 1039 ii
1068 976 1243 1053 audierunt,

67 1077 123 1158 qui
146 1099 185 1141 ex
200 1079 316 1142 nostris
331 1083 514 1161 praesentes
530 1084 629 1143 erant.
676 1078 823 1143 Ceterum
837 1079 1017 1144 introducto
1037 1078 1094 1143 illo
1109 1101 1245 1165 magnus

65 1186 135 1245 erat
158 1182 313 1246 tumultus
337 1205 462 1261 eorum,
495 1184 551 1268 qui
572 1183 786 1267 Polycarpum
814 1183 1073 1267 comprehensum
1096 1205 1164 1248 esse
1187 1208 1243 1248 au·

67 1286 201 1349 dierunt.
248 1290 277 1351 2.
303 1285 381 1351 Cum
404 1289 505 1372 igitur
527 1289 680 1352 adductus
704 1292 804 1364 esset,
834 1288 1043 1371 interrogavit
1074 1310 1146 1352 eum
1168 1309 1272 1372 pro-⁶

67 1391 187 1467 consul,
212 1415 252 1456 an
267 1393 336 1475 ipse
359 1398 442 1457 esset
458 1393 663 1477 Polycarpus.
711 1391 852 1476 Cumque
873 1397 1034 1469 annueret,
1057 1392 1247 1458 hortabatur

63 1494 139 1567 ille,
175 1501 209 1560 ut
232 1503 381 1581 negaret,
415 1498 537 1563 diceus:
572 1499 728 1563 Reverere
751 1503 887 1563 aetatem
909 1502 1014 1574 tuam,
1047 1497 1173 1582 aliaque
1195 1498 1246 1563 his

69 1604 290 1679 consentanea,
316 1625 396 1686 quae
420 1604 474 1668 isti
496 1604 640 1688 proferre
663 1602 781 1667 solent:
805 1601 880 1666 Iura
902 1623 960 1685 per
982 1602 1143 1666 fortunam
1165 1600 1244 1666 an-

66 1705 155 1781 saris,
179 1707 339 1790 resipisce,
358 1708 539 1772 conclama:
562 1707 654 1772 Tolle
668 1708 792 1791 impios.
839 1706 929 1771 Tunc
945 1706 1141 1790 Polycarpus
1157 1707 1246 1792 gravi

67 1832 103 1873 ac
128 1832 236 1875 severo
258 1812 350 1876 vultu
372 1814 551 1877 universam
574 1812 741 1897 gentilium
757 1810 982 1875 sceleratorum
1003 1812 1139 1887 turbam,
1165 1834 1246 1896 quae
1261 1831 1285 1867 1⁰

64 1915 98 1977 in
123 1915 225 1979 stadio
249 1921 332 1991 erat,
364 1921 517 1983 contuens
540 1939 731 2002 manumque
753 1917 787 1980 in
810 1938 864 1980 eos
886 1917 1065 1999 porrigenS,
1090 1917 1246 2002 simulque

66 2040 197 2101 gemens
221 2042 258 2083 ac
281 2021 404 2085 caelum
436 2023 610 2105 suspiciens
634 2021 731 2086 dixit:
764 2020 854 2084 Tolle
877 2020 1001 2103 impios.
1047 2023 1076 2085 3.
1103 2021 1247 2106 Urgente

64 2144 140 2185 vero
169 2125 357 2206 proconsule
388 2130 483 2209 atque
514 2126 653 2190 dicente:
687 2124 777 2201 Iura,
811 2129 843 2189 et
873 2123 998 2187 dimitto
1029 2129 1080 2202 te,
1112 2126 1247 2191 maledic

68 2227 211 2305 Christo,
245 2229 442 2314 Polycarpus
472 2230 651 2314 respondit:
688 2229 859 2315 Octoginta
882 2234 915 2293 et
936 2249 991 2292 sex
1023 2251 1121 2293 annos
1144 2230 1247 2294 servio

144 2410 155 2460 1
176 2407 229 2462 Ios.
251 2408 274 2472 1,
293 2409 317 2462 6.
337 2411 360 2463 Ι.
380 2410 397 2462 9
416 2410 450 2462 cf.
470 2408 551 2463 Deut
572 2411 613 2475 31,
631 2410 654 2464 6.
675 2413 699 2465 7.
719 2410 765 2473 23;
785 2408 830 2462 Ps.
849 2409 890 2472 26,
912 2408 957 2470 14;
976 2407 1017 2471 30,
1036 2409 1077 2462 25.

66 2571 131 2623 pres
149 2554 256 2607 latinus
274 2554 367 2609 locum
376 2557 507 2626 Martyrii
525 2559 567 2612 lta
584 2557 842 2613 red-lsententiam
872 2556 985 2611 accessi.
1030 2556 1141 2610 Interea
1171 2556 1248 2609 Zahn

68 2642 125 2704 dit,
154 2646 186 2696 ut
204 2642 379 2712 Polycarpus
399 2661 488 2698 annos
507 2645 646 2699 LXXXVI
673 2646 786 2712 quidem
817 2645 898 2699 illam
925 2643 1080 2699 identidem
1111 2647 1140 2698 et
1165 2644 1247 2698 novis

66 2734 150 2782 natus
170 2732 200 2783 et
217 2731 337 2785 totidem
356 2732 462 2786 Christi
487 2750 584 2787 servus
602 2734 644 2787 fu·
673 2731 1248 2803 argumentisdelenditOEorschunpeulV,

67 2816 121 2869 isso
148 2818 290 2886 putandus
317 2820 371 2883 sit,
403 2820 533 2887 idemque
560 2820 644 2876 lectio
672 2821 825 2881 ata-asa
852 2819 906 2883 VI,
933 2821 1065 2888 94-97),
1094 2818 1164 2873 mihi
1191 2836 1248 2873 non

67 2898 121 2974 ἔχω
146 2905 285 2961 δουλεύων
308 2906 352 2959 vel
378 2907 506 2961 codicum
525 2925 544 2977 g
561 2909 645 2963 deno·
672 2924 787 2976 prorsus
811 2906 960 2977 persuasit.
997 2905 1060 2960 Non
1079 2905 1153 2959 enim
1177 2904 1248 2958 mihi

70 2992 131 3043 tare
157 2992 276 3045 videtur.
314 2992 472 3046 Sccundum
494 2994 645 3048 lectionem
673 2996 880 3050 demonstrasse
892 2993 1010 3057 videtur,
1030 2994 1106 3060 quod
1118 2993 1173 3062 ipsi
1185 3010 1247 3062 pro-

67 3095 198 3147 graccam
223 3080 343 3134 alteram
367 3084 396 3135 et
415 3097 432 3134 a
450 3081 532 3136 nobis
550 3098 645 3151 recep·
672 3083 797 3152 positum
824 3083 901 3143 erat,
932 3080 1119 3148 Polycarpum
1146 3097 1203 3134 non
1231 3097 1249 3133 a

66 3169 127 3219 tam
145 3166 317 3236 Polycarpus
342 3185 371 3222 se
399 3185 487 3222 annos
506 3167 646 3223 LXXXVI
672 3168 836 3239 parentibus
855 3166 1028 3230 christianis,
1054 3166 1104 3220 sed
1123 3184 1140 3220 a
1158 3167 1248 3237 genti·

67 3254 180 3308 Christo
208 3256 338 3309 serviisse
366 3256 453 3318 dicit,
483 3259 512 3309 et
530 3255 646 3309 Halloix
673 3255 746 3309 libus
773 3258 865 3310 ortum
897 3260 926 3311 et
956 3270 1075 3324 puerum
1111 3269 1248 3306 annorum

66 3342 181 3410 (Illustr.
202 3343 299 3396 eccles.
320 3343 419 3397 orient.
440 3343 536 3411 script.
557 3341 604 3396 vit.
624 3341 644 3404 Ι,
673 3341 786 3396 circiter
798 3340 1024 3409 quattuordecim
1037 3340 1073 3393 ad
1087 3338 1170 3392 fidem
1183 3356 1247 3394 cou-

67 3430 144 3497 587),
174 3429 266 3483 Usher
294 3430 364 3500 (ign.
385 3434 414 3484 et
441 3428 534 3497 Polyc.
561 3428 644 3482 Mart.
673 3445 784 3482 versum
796 3445 870 3490 esse;
888 3434 974 3495 atque
993 3426 1190 3480 difficillimum
1204 3429 1248 3481 est

66 3516 159 3569 Praei.
180 3517 209 3569 et
234 3533 261 3585 p.
281 3516 314 3569 61
343 3519 402 3570 not.
422 3517 483 3587 34),
515 3516 591 3570 Zahn
609 3515 646 3569 ad
674 3516 711 3569 ad
730 3515 915 3577 credendum,
942 3518 1071 3584 patrem,
1094 3512 1143 3579 qui
1161 3514 1247 3582 paulo

66 3599 94 3652 h.
106 3601 122 3652 l.
143 3606 172 3655 et
185 3601 236 3654 alii
249 3617 313 3655 eum
326 3604 392 3656 ante
406 3620 495 3657 annos
505 3602 646 3656 LXXXVI
673 3607 739 3656 aute
751 3606 877 3666 mortem,
897 3618 970 3655 anno
983 3601 1039 3663 154,
1054 3600 1172 3654 Romam
1184 3617 1248 3669 pro-

66 3686 104 3739 ad
122 3686 206 3741 fidem
231 3705 396 3744 conversum
422 3689 509 3743 fuisse
534 3705 645 3743 censue·
673 3690 764 3743 fectus
783 3692 839 3751 est,
867 3689 920 3743 hoc
939 3686 1054 3756 longum
1078 3686 1133 3740 iter
1152 3703 1248 3740 senem

66 3778 150 3836 runt,
179 3791 243 3828 cum
269 3777 393 3830 Pearson
422 3775 528 3845 (Opera
551 3776 644 3845 posth.
673 3793 809 3831 annorum
827 3776 887 3830 fere
910 3777 1023 3829 centum
1051 3774 1159 3828 fecisse.
1195 3777 1248 3829 Ao-

67 3860 191 3915 chronol.
211 3880 238 3930 p.
257 3862 333 3931 283),
362 3861 558 3933 Waddington
576 3864 645 3932 (Ma
673 3862 757 3927 cedit,
777 3864 860 3930 quod,
880 3863 904 3917 si
922 3862 995 3916 hanc
1019 3878 1154 3915 summam
1173 3863 1248 3915 aeta-

68 3950 167 4003 mor'rea
185 3950 217 4003 de
230 3951 335 4004 l’Acucl.
355 3951 401 4003 des
420 3951 605 4018 Inscriptions
622 3957 647 4005 et
672 3953 730 4004 tem
748 3952 892 4004 assecutus
918 3951 1006 4011 esset,
1034 3951 1198 4018 exspectare
1215 3947 1247 4001 li·

67 4036 274 4090 Bellen-Lethes
294 4036 361 4090 1867
381 4035 480 4097 XXVI,
494 4036 563 4107 239),
583 4037 646 4105 Lip·
673 4037 756 4101 cerat,
776 4037 826 4089 aut
845 4037 939 4104 ipsum
958 4039 1008 4089 aut
1021 4035 1186 4105 smyrnaeos
1204 4032 1249 4088 vel

67 4120 125 4174 sius
159 4122 328 4191 (Zeitschrr'st
358 4124 408 4189 frtr
442 4124 645 4190 smssmachuftl.
673 4127 816 4177 auctorem
845 4121 975 4189 Martyrii
1002 4139 1064 4176 cam
1082 4136 1248 4176 commemo·

69 4209 157 4263 Tlteol.
173 4209 240 4262 1874
258 4226 286 4276 p.
299 4208 370 4278 208),
388 4208 551 4279 Hilgenfeld
565 4209 645 4275 (ibid
673 4226 743 4263 rare.
762 4208 891 4275 Denique
905 4207 1185 4263 animadvertendum
1197 4210 1248 4274 est,

66 4312 93 4364 p.
108 4296 179 4364 317),
199 4294 348 4363 Lightfoot
366 4297 398 4364 (Ι,
411 4295 471 4349 421.
486 4296 557 4363 963),
576 4297 647 4350 Har·
673 4294 889 4363 nunctemporis
897 4293 1092 4360 quaestionem
1101 4296 1249 4364 nonplane

66 4384 140 4437 nack
167 4383 336 4451 (Geachichte
360 4385 408 4438 der
425 4384 566 4438 altclrristl.
586 4383 646 4437 Lit-
674 4384 791 4437 eandem
809 4396 869 4434 esse
889 4383 975 4446 atque
999 4380 1073 4434 olim.
1110 4381 1249 4446 Quamdiu

66 4477 171 4524 teratur
189 4469 226 4532 11,
246 4471 272 4532 Ι,
292 4470 442 4538 249-244)
468 4469 525 4522 illis
554 4470 646 4524 verbis
674 4468 845 4537 Polycarpus
855 4470 951 4523 Marco
963 4468 1078 4523 Aurelio
1091 4469 1249 4537 imperante

67 4557 156 4610 etiam
184 4573 273 4610 annos
300 4557 375 4611 vitac
402 4554 557 4626 significari
575 4556 646 4610 iudi·
673 4557 834 4627 (161-180)
862 4554 906 4609 vel
933 4571 1007 4609 anno
1039 4556 1088 4610 167
1121 4558 1247 4609 mortuus

67 4645 175 4697 carent.
213 4642 353 4709 Equidem
370 4642 508 4697 ianrolim
526 4642 648 4696 adhunc
675 4659 735 4696 esse
754 4642 926 4712 putabatur,
952 4660 1009 4697 non
1027 4659 1113 4699 senex
1137 4646 1249 4698 centum
