2834 5018
114 275 265 344 LXXXII
551 271 836 328 PROLEGOMENA.

114 453 184 538 ipso
218 456 249 516 et
272 451 404 516 ecclesia
426 449 535 534 Syriae
558 449 636 533 (14).
683 450 839 533 Ephesios
863 473 899 515 ac
922 456 1042 516 ceteras
1064 453 1212 517 ecclesias
1236 474 1289 516 eos

114 558 255 621 salutare
279 554 356 640 (15).

201 660 440 725 Trallianis
456 660 581 724 scribit:
606 659 800 744 glorificasse
816 681 850 723 se
864 658 978 736 Deum,
995 665 1165 746 postquam
1181 684 1288 726 eorum

113 768 184 833 laus
213 788 270 849 per
296 764 467 848 Polybium
498 766 683 849 episcopum
715 764 776 829 sibi
798 764 972 828 innotuerit
996 762 1059 846 (1),
1092 765 1210 850 quippe
1233 767 1296 852 qui

115 871 285 937 secundum
307 869 410 934 lesum
426 868 587 933 Christum
610 870 718 933 vivant
739 890 797 931 nec
821 868 994 952 quidquam
1017 874 1115 953 agant
1138 872 1205 936 sine
1221 872 1289 955 epi·

114 997 210 1058 scopo
241 979 273 1038 et
302 974 497 1057 presbyteris
530 972 593 1055 (2),
624 973 692 1036 sine
725 973 841 1056 quibus
871 972 961 1036 nulla
991 973 1123 1038 ecclesia
1156 975 1198 1039 sit
1231 973 1287 1056 (3).

114 1081 233 1165 Magna
265 1101 298 1142 se
328 1100 455 1161 sapere,
491 1078 545 1142 sed
576 1077 705 1140 modum
735 1075 948 1140 adhibendum
972 1098 1053 1151 esse;
1085 1101 1223 1163 namque
1247 1081 1288 1143 ti·

114 1184 263 1249 mendum
294 1203 371 1258 esse,
403 1204 443 1246 ne
465 1181 631 1267 gloriando
662 1185 773 1263 pereat
796 1177 842 1263 (4)
876 1185 931 1244 aut
953 1181 1015 1264 ipsi
1038 1184 1187 1248 caelestia
1211 1185 1288 1248 scri·

114 1291 242 1355 benteffl
269 1309 332 1351 non
359 1287 489 1370 capiant
518 1284 575 1367 (5).
623 1283 804 1350 Christiano
826 1291 951 1351 tantum
972 1292 1103 1353 utantur
1126 1291 1287 1365 alimento,

116 1395 296 1458 abstineant
319 1393 359 1456 ab
381 1390 504 1454 haeresi
528 1390 649 1471 (6—7).
697 1390 771 1455 Sese
793 1412 857 1455 non
879 1392 1004 1455 novisse
1027 1393 1092 1456 tale
1116 1395 1194 1479 quid
1208 1396 1290 1459 inter

115 1520 179 1575 eos,
204 1498 258 1561 sed
282 1517 386 1560 amore
410 1496 538 1559 ductum
562 1516 595 1558 se
618 1495 817 1578 praemunire
841 1516 904 1558 eos.
947 1495 1107 1562 Virtutem
1129 1503 1290 1563 sectentur

116 1601 177 1684 (8),
210 1622 312 1685 neque
341 1621 395 1663 eos
418 1598 563 1674 audiant,
593 1598 650 1681 qui
673 1597 834 1662 Christum
863 1620 935 1663 vere
958 1604 1119 1665 mortuum
1141 1624 1209 1667 esse
1233 1627 1288 1668 ne·

115 1710 191 1790 gent
221 1703 278 1786 (9).
333 1702 420 1767 Num
451 1701 576 1765 vincula
607 1702 728 1766 frustra
758 1703 841 1766 ferat
871 1702 962 1786 (10)?
1007 1705 1147 1789 Fugiunt
1180 1709 1289 1793 itaque

115 1811 296 1876 mortiforas
328 1808 485 1872 doctrinas
515 1805 595 1889 (ll).
642 1806 794 1872 Maneant
823 1808 857 1871 in
888 1809 1012 1873 unitate
1045 1817 1199 1896 orentque
1231 1835 1289 1896 pro

115 1916 183 1999 ipso
214 1919 246 1978 et
279 1912 411 1977 ecclesia
444 1911 563 1993 Syriae.
611 1910 686 1976 Sese
709 1917 741 1976 et
765 1912 954 1996 Smyrnaeos
976 1920 1008 1979 et
1031 1915 1189 1998 Ephesios
1212 1919 1289 2002 ipsis

116 2020 253 2083 salutem
276 2018 376 2081 dicere
400 2014 565 2097 (12-13).

202 2121 392 2186 Romanis
415 2120 540 2185 scribit:
565 2121 670 2205 gratia
692 2121 753 2184 Dei
777 2143 810 2186 se
834 2123 966 2208 dignum
988 2123 1109 2189 factum
1132 2147 1210 2196 esse,
1236 2126 1290 2209 qui

115 2249 169 2291 eos
192 2226 321 2303 videret,
346 2229 377 2288 et
399 2245 534 2307 sperare,
559 2247 591 2289 se
615 2225 654 2288 ad
670 2224 774 2289 Deum
795 2232 1021 2309 perventurum
1043 2250 1119 2306 esse,
1143 2229 1205 2293 nisi
1229 2229 1290 2314 ipsi

114 2331 217 2396 nolint
240 2328 296 2412 (1).
341 2329 392 2395 Nc
414 2330 565 2412 martyrio
592 2330 697 2413 ipsum
720 2329 854 2413 eripiant
877 2328 941 2412 (2),
975 2332 1031 2395 sed
1051 2333 1159 2415 potius
1189 2339 1289 2409 orent,

115 2441 151 2500 ut
172 2456 244 2499 vere
260 2433 456 2498 Christianus
478 2434 656 2498 inveniatur
679 2432 735 2515 (3).
780 2433 955 2499 Lubentem
976 2457 1009 2499 se
1025 2436 1164 2500 feramm
1185 2439 1292 2502 cibum

115 2541 184 2604 fieri
207 2538 263 2621 (4).
310 2538 377 2603 Iam
399 2540 433 2603 in
455 2539 567 2603 itinere
589 2560 622 2602 se
646 2561 717 2602 cum
745 2539 856 2603 bestiis
878 2560 1023 2623 pugnare
1046 2546 1077 2605 et
1100 2542 1163 2606 cito
1186 2542 1291 2606 lesum

115 2645 242 2728 assequi
264 2664 378 2727 cupere
402 2641 457 2725 (5).
503 2643 541 2707 ln
556 2641 683 2707 Christo
702 2643 783 2706 mori
799 2643 913 2707 melius
936 2665 1116 2728 essequam
1138 2647 1291 2709 mundum

115 2750 232 2815 lucrari
261 2746 318 2831 (6).
369 2749 504 2812 Etiamsi
536 2751 648 2830 postea
676 2747 758 2811 forte
789 2769 899 2812 eorum
929 2749 1081 2813 auxilium
1112 2754 1219 2833 petat,
1251 2774 1292 2815 ne

115 2854 261 2940 precibus
292 2853 488 2937 indulgeant.
535 2850 575 2915 Se
606 2873 720 2935 panem
742 2851 804 2916 Dei
835 2874 890 2916 seu
922 2875 1048 2917 carnem
1070 2853 1188 2919 Christi
1210 2855 1292 2920 velle

116 2960 174 3043 (7).
220 2960 361 3025 Faveant
383 2959 454 3043 ipsi.
499 2958 550 3021 Ex
573 2979 680 3022 eorum
697 2957 859 3021 voluntate
882 2958 979 3021 vitam
1003 2958 1054 3021 rel
1073 2964 1207 3024 mortem
1230 2962 1292 3045 ipsi

115 3065 251 3150 pendere
275 3062 330 3145 (8).
376 3063 413 3127 In
444 3060 591 3146 precibus
621 3061 819 3126 meminerint
851 3061 1002 3126 ecclesiae
1025 3062 1134 3145 Syriae
1165 3087 1291 3148 eosque,

118 3169 171 3252 qui
193 3167 364 3232 Antiochia
379 3167 514 3230 Romam
536 3166 772 3250 praecesserint,
797 3166 876 3229 bene
900 3167 1075 3250 suscipiant
1099 3166 1245 3249 (9-10).

204 3270 577 3353 Philadelphenses
612 3269 815 3344 adhortatur,
852 3273 887 3332 ut
918 3291 989 3334 cum
1021 3272 1189 3357 episcopm
1225 3275 1292 3337 viro

115 3376 386 3461 praestantissimo
411 3374 474 3456 (1),
503 3378 633 3439 teneant
655 3375 817 3450 unionem,
850 3373 974 3457 fugiant
995 3398 1109 3458 pravas
1133 3376 1292 3442 doctrinas

117 3478 173 3562 (2),
198 3485 329 3544 caveant
347 3479 563 3543 schismaticos
587 3477 649 3561 (3),
682 3502 746 3543 una
768 3483 898 3542 utantur
928 3479 1118 3544 eucharistia
1141 3478 1204 3562 (4),
1228 3505 1292 3546 non

117 3584 220 3649 solum
242 3584 414 3668 apostolos,
439 3584 494 3647 sed
517 3584 613 3648 etiam
627 3583 799 3666 prophetas
823 3582 958 3665 diligant
974 3581 1031 3664 (5),
1054 3582 1292 3652 Iudaizantibus

115 3711 189 3754 vero
221 3712 311 3754 aures
341 3690 516 3753 obstruant.
564 3687 604 3752 Se
627 3689 696 3753 Deo
728 3688 847 3772 gratias
880 3709 990 3771 agere,
1024 3689 1108 3771 quod
1134 3693 1293 3756 neminem

116 3815 224 3857 eorum
246 3793 425 3878 gravaverit
447 3792 503 3875 (6).
549 3791 618 3856 Iam
640 3814 677 3856 eo
700 3797 857 3874 tempore.
883 3812 945 3874 quo
967 3792 1049 3855 inter
1071 3815 1124 3856 eos
1148 3801 1292 3860 versatus

117 3896 222 3973 fuerit,
247 3918 280 3960 se
303 3918 356 3961 eos
372 3897 580 3975 admonuisse,
604 3903 640 3961 ut
655 3897 803 3980 episcopo
828 3896 997 3960 oboediant
1012 3896 1202 3984 fugiantque
1227 3901 1291 3965 dis·

117 3999 197 4063 sidia
220 3996 276 4081 (7).
322 4000 426 4064 Deum
454 3999 558 4063 odisse
586 3999 785 4073 divisionem,
818 4000 992 4082 propitium
1024 4022 1092 4065 esse
1123 4005 1291 4086 paeniten-

116 4103 210 4167 tibus.
257 4102 349 4168 Nihil
382 4104 575 4167 contentiose
609 4106 716 4186 agant.
767 4101 921 4178 Archiva‚
958 4106 998 4168 ad
1032 4128 1113 4188 quae
1147 4110 1291 4174 nonnulli

116 4209 364 4290 provocaverint,
382 4207 443 4271 sibi
466 4228 533 4271 esse
549 4206 709 4270 Christum
724 4207 829 4289 ipsum
846 4206 901 4288 (8).
948 4209 1049 4273 Vetus
1065 4215 1292 4277 testamentum
