2834 5018
461 650 638 706 sussum
656 650 730 714 mv,
749 651 859 715 5-xv‚
878 652 903 704 4.
1229 659 1271 723 83

93 839 127 896 ut
149 832 218 916 ipse
241 833 276 895 in
299 831 391 896 tern's
415 853 589 914 apparens,
620 831 805 915 praecordis
826 834 935 894 nostre
965 830 1029 894 iam
1053 854 1072 895 s
1093 835 1195 897 morte
1219 853 1270 896 ss·

93 942 195 1001 sumta
219 942 252 1001 et
280 937 398 1001 tradita
427 935 540 999 erroris
571 935 733 1018 iniquitati
763 935 918 998 redimens
948 935 1142 1013 etenebris,
1176 938 1272 1001 verbo

93 1064 147 1104 suo
172 1041 356 1124 disponeret
377 1041 410 1103 in
432 1041 523 1104 uobis
545 1045 779 1105 testamentum.
826 1042 855 1103 6.
880 1038 1040 1123 Scriptum
1070 1042 1188 1125 quippe
1212 1046 1270 1119 est,

93 1147 250 1230 ‹promodo
273 1151 365 1229 peter
387 1146 434 1209 illi
457 1146 670 1222 mandaverit,
701 1150 738 1208 ut
760 1166 817 1209 nos
841 1167 860 1208 a
881 1144 1021 1209 tenebris
1051 1146 1271 1228 redempturus

92 1255 220 1334 pararet
243 1250 304 1313 sibi
327 1249 482 1333 populum
504 1255 656 1314 sanctum.
705 1251 732 1314 7.
757 1249 845 1314 Dicit
867 1249 967 1333 igitur
989 1250 1162 1334 propheto:
1199 1253 1269 1331 Epo
1297 1268 1311 1307 ⁶

93 1358 264 1434 dominus,
296 1358 378 1418 risus
401 1364 496 1436 iners,
529 1362 641 1419 vocari
664 1364 696 1418 ie
718 1362 753 1418 in
783 1360 915 1418 irrsiiiie
937 1363 969 1418 ei
992 1358 1106 1419 reneio
1137 1375 1270 1421 neonem

93 1469 182 1524 trram
208 1469 242 1524 ei
264 1462 486 1523 corroborabo
510 1469 553 1540 ie,
576 1469 609 1523 ei
624 1462 700 1524 dedi
723 1470 755 1523 ie
770 1466 805 1522 in
829 1467 1061 1523 testamentum
1074 1467 1220 1541 perieris,
1236 1467 1271 1524 io

94 1567 197 1627 iucem
220 1571 380 1644 pontium,
403 1574 440 1628 rei
454 1572 590 1646 operias
612 1568 727 1628 oculos
741 1584 915 1628 coecorum
938 1574 971 1627 ei
993 1567 1115 1629 edricus
1139 1568 1180 1629 de
1202 1571 1270 1629 ein·

92 1673 175 1732 nelis
191 1672 344 1748 iliioaios
367 1678 400 1732 ei
415 1670 566 1732 dedomo
582 1675 730 1732 carceris
745 1671 898 1733 sedenies
913 1674 948 1732 iri
961 1673 1116 1735 tenebris.
1141 1669 1270 1754 Agnos-

92 1773 148 1836 cite
179 1794 274 1857 erge,
307 1774 389 1837 unde
421 1773 518 1836 simus
551 1774 714 1856 redempti.
770 1775 799 1837 8.
832 1772 952 1837 lterum
984 1774 1143 1858 propheta
1176 1776 1269 1839 dicit:
1284 1788 1310 1825 ¹⁰

92 1880 183 1957 Eece,
203 1884 304 1959 posui
327 1886 359 1941 ie
381 1885 416 1940 io
439 1881 544 1941 decern
564 1885 724 1957 pestium,
746 1886 783 1941 ui
805 1884 855 1941 sis
877 1884 911 1941 iu
935 1882 1078 1943 solertem
1100 1900 1204 1961 resque
1227 1882 1273 1944 ad

93 1993 277 2047 eoirerurrm
307 1992 440 2062 terroe;
471 1985 552 2047 lroec
584 1986 665 2047 dicii
692 1985 844 2046 dominus
874 1985 1042 2048 redemtor
1071 1991 1147 2047 ieros
1177 1986 1268 2048 eleos.

92 2087 118 2150 9.
137 2087 261 2151 Rursus
274 2087 433 2171 propheta
446 2087 535 2150 dicit:
554 2090 703 2169 Spiritus
714 2089 840 2150 domini
850 2105 951 2167 siper
962 2106 1024 2165 me,
1031 2095 1172 2167 propiet
1184 2089 1272 2167 errori

94 2198 191 2255 eeneii
207 2211 259 2255 rrte
270 2195 500 2271 eroriqelizore
514 2194 694 2256 taurilibus
703 2197 868 2271 oration&
890 2196 983 2255 ruisii
995 2210 1046 2254 me
1057 2211 1182 2254 sonore
1193 2210 1268 2254 con·

94 2303 189 2359 tritos
213 2297 323 2376 corde,
341 2298 542 2377 praedicere
564 2302 704 2378 eapiiris
719 2303 949 2361 remissionem
973 2305 1006 2360 ei
1028 2302 1136 2360 caeeis
1152 2302 1268 2375 einero,
1282 2309 1308 2347 1⁵

93 2407 246 2463 nitidiore
269 2420 391 2464 anirum
413 2402 538 2465 rioorirri
567 2411 734 2483 asserium
752 2410 792 2465 -ei
819 2403 905 2465 diem
928 2402 1170 2482 retributionis,
1193 2420 1267 2464 corr·

93 2508 197 2568 soleri
220 2524 334 2568 ornnes
357 2508 513 2584 inernies.

177 2608 248 2672 XV.
283 2607 397 2674 Adhuc
427 2609 527 2693 igitur
550 2615 582 2674 et
614 2611 651 2673 de
675 2610 808 2674 sabbato
840 2611 993 2694 scriptum
1023 2615 1072 2674 est
1104 2611 1269 2675 indecem

93 2715 200 2790 verbis,
225 2714 258 2777 in
283 2713 396 2797 quibus
420 2715 563 2778 dominus
587 2715 619 2778 iu
642 2719 749 2778 monte
773 2714 848 2779 Sina
871 2715 997 2780 locutus
1022 2717 1132 2780 estad
1156 2716 1268 2779 Mosen

92 2839 124 2881 cs
146 2819 187 2882 sd
209 2841 262 2882 os:
295 2821 338 2882 Ei
360 2822 565 2898 sonctificate
596 2822 770 2884 sabbarum
799 2823 925 2885 domini
955 2822 1108 2884 itionibus
1135 2823 1268 2884 rnuridis
1281 2831 1307 2870 2⁰

92 2932 122 2984 ei
138 2943 225 3005 puro
241 2926 350 2988 corde.
396 2925 425 2986 2.
450 2924 493 2987 Et
515 2924 591 2988 alibi
608 2925 699 2988 dicit:
725 2927 763 2988 Si
785 2926 1005 2988 custodierint
1017 2926 1083 3002 filii
1106 2931 1172 2988 roei
1186 2927 1266 2988 seb-

92 3030 211 3109 inirem,
236 3038 313 3092 tune
330 3048 454 3111 porrum
469 3031 734 3094 misericordiam
750 3049 857 3092 mecon
880 3048 981 3109 seper
1002 3030 1090 3091 iilos.
1136 3029 1165 3090 3.
1184 3027 1265 3092 Sab-

90 3131 153 3196 bati
176 3133 321 3197 meminit
342 3133 375 3196 in
398 3133 553 3217 principio
578 3133 763 3197 creationis:
789 3135 942 3213 Feciione
957 3134 1038 3195 deus
1061 3139 1095 3195 iri
1111 3152 1174 3196 ses
1197 3135 1264 3195 die·

91 3239 148 3300 tus
163 3258 266 3319 opero
290 3257 445 3302 niensium
460 3257 608 3318 suorrrrn,
632 3247 664 3302 ei
678 3244 915 3303 consrrrrrrnorii
938 3258 977 3301 eo
993 3239 1047 3300 riie
1068 3243 1209 3318 septimo
1233 3245 1266 3300 ei

91 3361 127 3404 eo
150 3347 312 3422 requierit
327 3349 360 3405 ei
374 3343 592 3419 sanctificarit
608 3362 690 3405 eaor.
737 3344 766 3404 4.
791 3341 965 3416 Attendite,
982 3340 1050 3417 filii,
1068 3339 1145 3424 quid
1161 3341 1263 3404 dicat:
1279 3361 1305 3399 ss

92 3448 337 3510 Coosurrrmerii
359 3452 394 3510 iu
416 3466 479 3509 seo:
501 3449 625 3510 diebos.
672 3445 709 3509 Id
731 3446 791 3510 ait:
826 3445 931 3510 omnia
954 3445 1185 3509 consummabit
1207 3444 1263 3507 do·

89 3551 191 3614 minus
214 3550 247 3613 in
271 3571 325 3614 sex
347 3549 476 3615 milibus
500 3573 671 3619 annorum:
695 3574 768 3615 nam
791 3551 876 3633 apud
897 3549 989 3613 illum
1012 3548 1080 3612 dies
1104 3549 1265 3633 significat

155 3703 241 3759 61es.
263 3705 305 3766 42,
325 3705 349 3757 6.
370 3704 394 3756 7.
421 3735 456 3742 -
485 3705 515 3758 11
535 3703 584 3756 les.
604 3704 646 3767 49,
666 3703 689 3757 6.
711 3705 734 3758 7.
763 3733 795 3742 -
826 3702 858 3755 14
875 3702 926 3755 Ies.
946 3702 987 3763 61,
1011 3704 1069 3756 1.2
1096 3703 1131 3756 of.
1154 3703 1219 3758 Luc.
1237 3703 1261 3765 4,

90 3790 126 3843 18.
147 3792 187 3846 19.
207 3822 241 3830 -
261 3792 292 3844 21
312 3790 398 3844 Exod.
417 3790 459 3852 20,
478 3790 507 3853 8;
527 3789 607 3844 Deut.
627 3792 650 3852 5,
673 3791 704 3844 12
723 3790 757 3843 cf.
779 3787 821 3841 Ps.
842 3791 883 3852 23,
901 3791 926 3843 4.
945 3818 980 3828 -
998 3790 1032 3842 22
1050 3788 1148 3843 Ierem.
1166 3792 1206 3852 17,
1220 3789 1262 3846 24.

87 3880 118 3931 25
138 3878 174 3931 ef.
192 3877 280 3932 Exod
300 3877 341 3939 31,
363 3877 471 3932 13-17.
490 3907 525 3915 -
543 3879 576 3930 24
596 3876 664 3930 Gen.
683 3876 707 3939 2,
727 3878 750 3930 2.
771 3908 805 3915 -
823 3877 856 3931 27
876 3876 942 3930 Gen.
963 3875 987 3939 2,
1006 3878 1029 3930 2.

119 4001 141 4054 6.
163 4001 205 4055 cf.
225 4000 288 4054 Luc.
311 4000 332 4063 1,
352 3999 393 4053 68.
414 4002 454 4054 79.
687 3999 896 4070 5‚12)sddidit,
916 4002 948 4053 ut
960 3999 1170 4062 demonstraret,
1193 3999 1262 4066 quid

119 4091 141 4143 7.
162 4089 240 4142 Haec
259 4091 289 4141 et
307 4087 454 4154 sequentia
471 4105 522 4157 per
540 4090 660 4157 prophe·
688 4091 763 4141 esset
781 4088 814 4144 τὸ
838 4084 958 4159 ἁγιάζειν
977 4087 1010 4142 τὸ
1038 4087 1195 4159 σάββατον,
1224 4102 1260 4140 sc.

87 4178 141 4227 tum
162 4174 238 4229 Deus
259 4179 342 4244 pater
366 4174 401 4228 sd
420 4173 509 4227 filium
526 4176 658 4243 loquitur.
688 4183 738 4231 τοῦ
754 4179 793 4245 μὴ
805 4181 895 4230 ποιεῖν
911 4180 968 4229 πᾶν
980 4167 1063 4246 ἔργον
1081 4172 1143 4244 (Ier.
1157 4176 1197 4235 17,
1208 4175 1261 4243 24),

118 4263 141 4316 9.
169 4262 247 4316 Haec
275 4262 401 4329 loquitur
429 4261 502 4315 filius
529 4279 580 4331 per
597 4281 660 4332 pro·
687 4261 716 4315 id
741 4261 816 4327 quod
841 4258 1017 4329 significatur
1037 4265 1133 4334 χερσὶν
1150 4284 1175 4319 κ.
1212 4263 1260 4316 (ie-

87 4348 206 4416 phetam
687 4352 778 4404 terum
796 4348 831 4401 cf.
851 4347 1017 4401 Gitdemann
1033 4347 1051 4401 1.
1074 4365 1096 4402 c.
1115 4367 1143 4418 p.
1165 4350 1220 4404 126.

119 4436 177 4499 XV,
199 4436 221 4490 1.
251 4436 347 4490 Verbs
367 4441 462 4508 χερσὶν
478 4444 538 4494 κτλ.
557 4438 659 4491 Barna·
722 4437 745 4489 3.
758 4434 1001 4490 Barnabsslocum
1011 4435 1145 4490 biblicum
1155 4437 1262 4507 allegat

87 4521 150 4586 bas,
180 4525 302 4577 fortasse
329 4524 483 4593 respiciens
511 4525 554 4579 Ps.
575 4525 615 4587 23,
634 4526 659 4587 4,
687 4522 953 4577 secundumtextum
961 4523 1131 4589 hebraicum,
1139 4542 1195 4580 non
1203 4525 1260 4579 iux·

87 4612 236 4680 praecepto
256 4608 352 4664 divino
366 4609 463 4680 (Exod.
475 4610 557 4675 20‚8;
577 4609 658 4665 Deut.
686 4608 1259 4686 11121111,ᾳυίρτοὲβδόμῃὴαϋθιήὲκτῃ.

1013 4701 1058 4768 Q*
