2834 5018
451 666 501 721 AD
522 666 705 732 COR.XXX,
725 666 930 731 7-111114.
1215 671 1276 738 139

103 843 258 908 bonorum
280 848 458 908 nostrorum
483 865 615 926 operum
637 844 676 908 ab
693 843 765 908 aliis
787 845 879 909 nobis
895 845 1089 923 exhibeatur,
1113 847 1195 911 sicut
1216 870 1275 931 pa·

103 949 203 1012 tribus
233 949 367 1027 nostris,
400 949 455 1032 qui
482 948 558 1010 iusti
587 952 694 1025 erant,
726 947 902 1012 exhibitum
933 954 989 1013 est.
1036 951 1066 1015 8.
1091 951 1276 1026 Temeritas,

104 1053 287 1136 arrogantia
308 1058 340 1117 et
363 1053 495 1117 audacia
518 1054 602 1135 apud
624 1074 687 1127 eos,
712 1053 766 1135 qui
789 1052 948 1117 maledicti
971 1059 1088 1119 sunta
1113 1055 1186 1131 de03
1210 1078 1278 1120 mo·

104 1158 223 1222 deratio
256 1180 347 1235 vero,
379 1157 543 1221 humilitas
572 1162 604 1220 et
625 1158 834 1221 mansuetudo
866 1159 951 1241 apud
979 1159 1067 1236 illos,
1100 1160 1154 1244 qui
1177 1183 1196 1224 a
1218 1161 1277 1224 deo

103 1264 259 1328 benedicti
281 1268 365 1328 sunt.
1291 1292 1303 1331 a

188 1369 307 1433 XXXI.
332 1369 410 1433 Eius
440 1369 539 1453 igitur
567 1367 779 1432 benedictioni
810 1368 944 1432 firmiter
974 1369 1215 1446 adhaereamus,
1247 1374 1279 1434 et

106 1497 260 1558 quaenam
282 1475 347 1539 sint
376 1475 605 1540 benedictionis
631 1476 700 1538 viae
730 1475 901 1539 videamus.
948 1472 1064 1537 Animo
1087 1478 1276 1557 repetamus,

106 1601 183 1662 quae
199 1581 240 1644 ab
264 1580 356 1644 initio
371 1580 457 1644 facta
472 1585 554 1643 sunt.
601 1582 630 1644 2.
656 1579 752 1644 Cuius
768 1580 873 1665 gratia
887 1579 1052 1643 Abraham
1066 1584 1280 1663 paternoster

105 1683 286 1749 benedictus
308 1685 395 1749 fuit?
428 1684 558 1761 Nonne,
590 1686 665 1770 quia
688 1685 841 1749 iustitiam
865 1689 897 1749 et
919 1684 1085 1748 veritatem
1107 1706 1164 1767 per
1185 1685 1280 1748 fidem

106 1793 253 1870 operatus
282 1794 351 1854 est?
389 1791 418 1854 3.
443 1791 534 1854 Isaac
567 1812 638 1854 cum
670 1790 873 1859 confidentia,
907 1789 1048 1853 futurum
1076 1809 1277 1873 cognoscens,
1294 1814 1319 1851 10

106 1890 237 1957 libenter
260 1894 386 1958 oblatus
410 1900 458 1958 est
481 1894 678 1959 sacrificium.
725 1894 754 1956 4.
778 1892 873 1956 Iacob
896 1893 928 1955 111
951 1892 1132 1956 humilitate
1155 1894 1196 1958 ob
1212 1893 1280 1957 fra·

106 2000 183 2061 trem
208 1999 344 2071 seoessit,
362 2020 378 2062 e
401 2003 486 2063 terra
509 2022 567 2063 sua
590 2003 622 2063 et
637 1998 800 2082 profectus
823 2001 871 2061 est
893 1998 932 2060 ad
948 1997 1055 2063 haban
1078 2002 1110 2062 et
1132 1998 1279 2076 servivit,

106 2105 135 2163 et
158 2101 234 2165 data
256 2107 330 2166 sunt
353 2104 383 2167 ei
406 2104 570 2168 duodecim
593 2106 718 2185 sceptra
739 2100 846 2165 lsrael.

191 2206 326 2270 XXXII.
351 2205 442 2282 Quod
466 2208 580 2292 siquis
604 2208 707 2271 animo
724 2206 844 2270 sincero
867 2205 1052 2289 singulatim
1067 2206 1277 2290 perpenderit,

108 2311 259 2374 donorum
292 2334 372 2395 quae
404 2313 444 2376 ab
474 2334 511 2376 eo
544 2313 664 2376 tributa
695 2315 769 2376 sunt
802 2311 1070 2395 magnificentiam
1103 2311 1279 2396 intelleget.
1295 2335 1320 2373 11

108 2415 134 2477 2.
159 2415 212 2479 Ab
235 2415 293 2480 illo
309 2417 392 2481 enim
415 2418 477 2481 orti
493 2423 568 2481 sunt
589 2417 766 2482 sacerdotes
782 2438 889 2481 omnes
913 2420 945 2480 et
967 2415 1091 2494 levitae,
1116 2416 1170 2500 qui
1187 2415 1282 2480 altari

109 2518 156 2582 dei
177 2519 371 2595 inserviunt;
407 2522 447 2586 ab
479 2521 536 2585 illo
566 2521 711 2585 dominus
740 2521 829 2585 lesus
858 2520 1030 2584 secundum
1062 2541 1203 2593 carnem;
1241 2521 1281 2585 ab

107 2623 160 2688 illo
183 2645 286 2708 reges,
310 2626 468 2709 principes
492 2630 523 2689 et
539 2626 632 2690 duces
657 2648 715 2709 per
737 2625 892 2689 familiam
907 2625 1013 2689 Iudae.
1059 2624 1128 2688 Nec
1142 2624 1281 2706 reliquae

107 2729 171 2792 eius
195 2730 299 2794 tribus
320 2731 354 2794 in
376 2752 474 2814 parvo
497 2730 618 2794 honore
641 2735 732 2806 sunt,
767 2730 970 2814 promittente
993 2729 1114 2793 scilicet
1138 2729 1280 2792 domino:

107 2835 181 2897 Err't
213 2854 326 2898 annea
360 2843 451 2898 taum
475 2846 642 2916 turaquum
671 2840 793 2900 atellae
820 2839 915 2900 caeli.
961 2835 991 2898 3.
1016 2832 1044 2897 Ii
1066 2854 1143 2916 ergo
1173 2855 1321 2897 omnesne

108 2937 242 3020 gloriam
271 2942 303 3001 et
333 2939 574 3022 amplitudinem
606 2940 766 3004 consecuti
795 2944 869 3003 sunt
896 2960 960 3002 non
990 2959 1048 3021 per
1077 2938 1198 3020 seipsos
1228 2941 1284 3001 aut

108 3061 203 3125 opera
226 3065 283 3106 sua
306 3048 362 3107 aut
384 3044 484 3107 iustas
506 3044 663 3121 actiones,
688 3066 767 3128 quas
790 3044 950 3120 fecerunt,
979 3043 1035 3107 sed
1056 3062 1113 3125 per
1134 3041 1282 3106 volunta·

109 3150 171 3209 tem
194 3148 271 3211 eius.
318 3151 348 3212 4.
373 3149 417 3212 Et
438 3170 496 3212 nos
518 3149 634 3232 igitur,
668 3170 706 3211 ex
728 3148 892 3211 voluntate
915 3147 982 3210 eius
1004 3146 1037 3208 in
1061 3143 1187 3209 Christo
1210 3146 1284 3210 Iesu

108 3251 226 3328 vocati,
263 3274 328 3316 non
350 3275 408 3336 per
442 3275 500 3316 nos
532 3253 619 3337 ipsos
648 3253 855 3316 iustificamur
884 3272 986 3334 neque
1015 3272 1073 3335 per
1095 3250 1284 3333 sapientiam

107 3359 247 3419 nostram
279 3362 336 3422 aut
366 3356 620 3440 intellegentiam
652 3361 709 3420 aut
736 3356 888 3439 pietatem
918 3360 973 3419 aut
1002 3376 1116 3438 opera,
1148 3376 1228 3438 quae
1251 3355 1323 3419 inas

109 3458 209 3522 cordis
232 3461 401 3525 sanctitate
425 3461 548 3544 operati
563 3483 681 3540 sumus,
706 3462 760 3525 sed
782 3459 957 3543 perfidem,
980 3481 1038 3542 per
1061 3481 1157 3540 quam
1179 3459 1282 3524 omni·

176 3614 191 3667 1
212 3614 281 3672 Gen.
300 3616 340 3675 21,
364 3615 402 3668 17.
422 3645 454 3655 -
473 3616 490 3671 8
510 3615 577 3670 Gen.
596 3617 640 3680 22,
658 3618 673 3671 7
695 3633 756 3683 sqq.
780 3644 809 3653 -
828 3613 844 3666 9
863 3612 931 3667 Gen
945 3612 979 3666 28
995 3629 1035 3679 sq.
1055 3644 1090 3652 —
1111 3614 1142 3666 19
1163 3613 1231 3667 Gen.
1245 3615 1285 3678 15,

109 3701 137 3764 5;
155 3701 198 3766 22,
220 3704 267 3765 173
287 3705 327 3764 26,
346 3704 372 3755 4.

109 3839 179 3900 31,4
198 3836 277 3899 dixit,
296 3835 399 3889 Iacobo
413 3835 561 3890 duodecim
573 3840 684 3907 sceptra
745 3839 768 3891 2
788 3834 883 3904 αὐτοῦ]
903 3850 940 3887 sc.
959 3831 1050 3886 Iacob.
1069 3862 1103 3872 —
1125 3830 1225 3904 σάρκα]
1244 3830 1286 3884 cf.

110 3923 193 3977 lsrael
212 3922 281 3975 data
293 3938 361 3986 esse,
381 3923 421 3985 32,
437 3925 449 3977 1
465 3924 599 3986 declarat,
618 3924 684 3979 inde
712 3925 789 3978 Rom.
808 3923 831 3985 9,
851 3924 874 3976 5.

109 4009 350 4079 magnificentiam
363 4009 500 4065 donorum
515 4012 551 4064 ab
566 4028 600 4066 eo
617 4013 646 4083 (1.
661 4030 684 4067 e.
746 4013 769 4065 3.
789 4008 823 4067 οὐ
840 4008 874 4064 δι’
893 4008 986 4065 αὐτῶν
1009 4005 1079 4075 att]
1109 4005 1149 4059 cf.
1169 4005 1196 4058 II
1214 4004 1284 4057 Tim.

109 4114 125 4148 a
144 4096 205 4151 Deo
224 4096 261 4164 ei)
280 4098 453 4151 tributorum
466 4114 610 4166 apparere,
630 4101 685 4154 v.2
713 4101 735 4161 l,
755 4097 786 4158 9;
806 4096 860 4149 Tit
880 4097 904 4155 3,
924 4096 940 4147 5
957 4110 1019 4161 sqq.

111 4182 184 4237 dona
210 4185 256 4238 vel
284 4188 396 4253 sceptra
423 4183 535 4254 singula
562 4187 684 4255 exponit,
746 4185 771 4236 4.
791 4182 835 4239 διὰ
863 4186 1022 4253 θελήματος
1047 4180 1116 4249 κτλ]
1145 4179 1186 4234 of.
1215 4179 1286 4249 Eph.

111 4288 134 4323 r.
153 4272 170 4325 3
187 4271 330 4340 particula
350 4267 400 4330 cdv
416 4287 537 4342 pergens
557 4289 685 4343 expresse
713 4273 736 4335 l,
754 4273 779 4324 4.
798 4301 834 4310 —
851 4267 980 4336 πΙστεως]
1006 4266 1104 4320 Fidem
1122 4265 1288 4320 fundamen-

111 4358 187 4419 dicit.
207 4377 304 4413 omnes
323 4362 371 4428 (sc.
392 4359 585 4427 supradictos,
610 4361 686 4415 laco·
711 4362 773 4412 tum
791 4355 919 4410 iustitiae
938 4370 999 4408 1111
1011 4353 1140 4407 Clemens
1158 4353 1212 4408 hoc
1224 4354 1288 4409 loeo

110 4443 183 4510 burn,
202 4447 301 4500 Iudam
315 4449 379 4514 etc.)
399 4463 416 4498 a
430 4446 488 4499 Deo
510 4446 685 4515 glorificatos
713 4446 808 4505 dooet;
827 4443 881 4496 fide
892 4444 987 4494 autem
1000 4438 1184 4494 solavelsine
1198 4440 1289 4509 operi·

111 4547 177 4587 esse.
196 4533 240 4587 Cf.
256 4534 343 4589 Theol
358 4533 471 4588 Studien
488 4534 547 4587 aad
559 4533 686 4588 Kritilrea
712 4533 765 4587 bus
779 4529 920 4584 hominem
929 4545 987 4582 non
999 4527 1148 4582 iustificari
1160 4526 1290 4597 exempla

113 4617 178 4673 1898
195 4638 222 4689 p.
242 4624 301 4676 445.
714 4621 876 4672 sanctorum
889 4630 1055 4670 enumerans
1068 4615 1103 4685 (c.
1116 4615 1213 4684 9—20)
1233 4615 1291 4667 iam
