2834 5018
374 670 506 726 PAPIAE
524 670 752 727 FRAGMENTA
769 671 803 735 11,
823 671 938 736 rra-111,
955 673 979 726 2.
1197 675 1259 740 361

176 849 262 916 Usus
285 856 334 915 est
354 850 438 915 idem
461 850 650 915 testimoniis
673 872 711 915 ex
735 849 871 934 epistula
891 848 1020 914 Ioannis
1042 850 1148 933 priore
1169 854 1202 914 et
1224 871 1262 914 ex

85 956 191 1039 priore
213 955 323 1019 itidem
337 954 425 1019 Petri
447 955 632 1040 desumptis,
679 953 787 1018 Aliam
804 976 929 1038 quoque
952 954 1083 1038 exponit
1098 954 1262 1019 historiam

86 1061 126 1125 de
148 1060 296 1137 muliere,
330 1083 410 1145 quae
438 1059 610 1125 multorum
637 1060 803 1123 criminum
826 1080 932 1123 coram
965 1058 1090 1123 domino
1113 1064 1262 1123 accusata

85 1169 151 1241 est,
185 1186 282 1247 quam
311 1165 523 1249 Evangelium
556 1165 728 1229 secundum
758 1164 920 1230 Hebraeos
952 1163 1100 1228 continet.
1153 1163 1261 1247 Atque

85 1270 165 1334 haec
196 1271 235 1334 ad
259 1291 305 1348 ea,
336 1292 418 1354 quae
449 1292 545 1354 supra
576 1271 796 1354 exposuimus,
829 1290 894 1333 non
915 1269 982 1333 sine
1011 1290 1107 1333 causa
1130 1291 1149 1334 a
1170 1267 1288 1333 nobis⁵

85 1374 208 1439 adiecta
230 1374 303 1439 sint.

642 1548 699 1613 III.

176 1688 204 1751 1.
230 1686 444 1771 Apollinarii:
469 1687 543 1753 Non
558 1690 592 1753 in
607 1689 722 1774 laqueo
736 1694 880 1755 mortuus
896 1695 944 1754 cst
958 1690 1062 1768 ludas,
1080 1691 1135 1755 sed
1151 1713 1261 1776 super-

84 1791 165 1855 vixit
188 1792 331 1870 demtus,
365 1796 534 1878 antequam
557 1795 773 1860 suffocaretur.
820 1794 864 1858 Et
885 1795 946 1858 hoc
969 1795 1139 1860 ostendunt
1161 1795 1260 1861 Actus

85 1895 325 1979 apostolorum,
362 1898 447 1980 quod
478 1920 649 1981 suspensus
682 1899 804 1982 crepuit
832 1899 953 1963 medius
983 1903 1015 1963 et
1044 1900 1160 1964 diffusa
1188 1905 1300 1965 sunt1⁰

82 2001 207 2064 uiscera
229 2001 305 2065 eius.
352 2000 424 2066 Hoc
452 2007 559 2088 ‘autem
583 2001 722 2085 apertius
753 2001 851 2065 tradit
872 2001 988 2085 Papias
1009 2002 1139 2068 Ioannis
1166 2004 1260 2068 disci·

83 2105 180 2189 pulus
202 2106 237 2169 in
260 2110 372 2194 quarto
388 2106 607 2190 Expositionis
630 2107 797 2170 verborum
820 2106 1048 2172 dominicorum
1070 2108 1116 2172 sic
1139 2107 1259 2172 dicens:

217 2211 246 2273 2.
274 2199 448 2294 ,Magnum
469 2209 644 2293 impietatis
668 2207 847 2293 exemplum
875 2209 909 2273 in
938 2210 999 2274 hoc
1028 2211 1145 2275 mundo
1166 2210 1261 2275 ludas

172 2318 315 2379 versatus
338 2319 387 2379 est
409 2335 502 2378 carne
526 2315 604 2378 adeo
619 2313 804 2389 intumente,
827 2318 873 2389 ut,
896 2315 952 2379 ubi
973 2314 1150 2399 plaustrum
1166 2315 1261 2379 facile

172 2418 357 2495 traducitur,
381 2418 436 2483 ille
458 2442 523 2483 non
544 2424 653 2503 posset
668 2419 810 2497 transire,
834 2440 937 2503 neque
959 2441 1034 2486 vero
1053 2421 1124 2504 ipsa
1146 2420 1300 2504 capitis1⁶

171 2524 258 2588 illius
282 2525 381 2589 moles
413 2525 482 2590 sola
504 2531 595 2591 esset.
642 2526 727 2591 Nam
748 2527 921 2611 palpebras
952 2525 1116 2591 oculorum
1138 2523 1206 2588 eius
1227 2524 1262 2588 in

171 2633 295 2693 tantum
324 2629 512 2696 intumuisse
542 2632 666 2709 ferunt,
700 2637 736 2696 ut
758 2633 827 2716 ipse
859 2631 986 2716 quidem
1007 2631 1111 2696 lucem
1133 2650 1262 2713 prorsus

170 2755 233 2797 uon
264 2734 401 2811 videret,
435 2736 519 2800 oculi
553 2741 660 2800 autem
688 2736 757 2800 eius
783 2759 823 2801 ne
847 2759 867 2800 a
896 2736 1017 2800 medico
1048 2735 1175 2819 quidem
1205 2755 1262 2818 per

172 2837 331 2922 dioptram
354 2839 437 2902 cerni
460 2845 606 2922 possent:
630 2844 722 2904 tanta
744 2839 911 2904 altitudine
934 2840 972 2904 ab
996 2845 1127 2904 externa
1149 2860 1260 2922 super-

170 2941 241 3007 ficie
264 2944 490 3008 abscesserant.
537 2944 688 3009 Pudenda
709 2945 796 3010 illius
829 2945 938 3029 quavis
961 2965 994 3007 re
1018 2943 1152 3008 deformi
1173 2943 1260 3028 puti·
1275 2956 1301 2993 20

80 3059 207 3129 positam
234 3060 323 3114 fuisse
351 3063 482 3124 censent,
517 3079 579 3115 cum
611 3061 661 3116 alii
687 3062 729 3117 ed.
749 3064 872 3118 Dindorf
893 3079 921 3132 p.
942 3062 975 3115 13
994 3078 1047 3128 sq.;
1077 3060 1190 3116 Hieron.
1210 3063 1261 3117 Ca

82 3147 288 3200 contradicant
317 3146 380 3202 Non
393 3151 436 3202 est
454 3164 548 3201 meum
560 3147 594 3201 de
607 3149 661 3202 hac
687 3149 735 3203 tut
762 3167 784 3203 c.
804 3151 852 3211 26;
879 3148 1051 3219 Apollinaris
1078 3147 1260 3211 Laodicenos,

81 3250 111 3286 11
132 3233 266 3287 iudicare.
303 3235 333 3288 Id
353 3237 448 3288 autem
460 3251 568 3298 moneo,
587 3235 659 3304 peri·
687 3237 736 3302 qui
753 3240 827 3291 teste
846 3236 1015 3304 Hieronymo
1034 3234 1136 3303 (catal.
1157 3251 1178 3287 c
1201 3235 1261 3304 104)

82 3338 175 3390 copon
201 3321 296 3375 Ioann.
317 3323 341 3383 7,
360 3320 454 3384 53-8,
476 3323 520 3383 11,
549 3321 660 3376 etiamsi
671 3360 673 3367 -
686 3323 715 3376 in
733 3323 758 3376 S.
775 3322 934 3392 Scripturas
946 3319 1163 3375 innumerabilia
1175 3321 1260 3390 scrip·

82 3407 205 3462 fortasse
218 3407 322 3476 Papiae
340 3407 385 3470 sit,
398 3406 472 3460 inter
489 3408 571 3462 huius
584 3409 659 3478 frag·
686 3408 724 3463 ait
750 3409 894 3463 volumina
923 3412 952 3463 et
979 3409 1058 3462 cuius
1086 3411 1152 3461 sunt
1179 3407 1262 3476 plura

83 3500 181 3549 menta
191 3494 263 3548 mihi
275 3511 332 3548 non
344 3510 404 3548 esse
415 3493 585 3564 recipiendo,
596 3512 659 3549 cum
685 3497 855 3565 fragmenta,
870 3513 944 3564 quae
953 3496 990 3549 ad
998 3513 1050 3550 nos
1059 3499 1260 3563 pervenerunt3

82 3582 114 3635 N.
124 3581 155 3634 T.
167 3596 230 3634 eam
240 3581 377 3636 exhibens
386 3582 539 3649 unicuique
545 3585 659 3652 praesto
687 3587 716 3636 et
727 3581 793 3636 huic
806 3583 998 3654 fragmentum
1012 3581 1113 3636 debere
1126 3580 1260 3634 videmur.

81 3670 127 3724 sit.
686 3701 721 3710 -
739 3669 790 3727 οὐκ
801 3668 937 3741 ἀπέθανε]
955 3670 998 3724 De
1010 3670 1064 3724 hoc
1076 3669 1102 3722 S.
1115 3667 1262 3736 Scriptura

117 3757 164 3811 Ill.
184 3757 306 3811 'fertum
330 3754 479 3810 constituit
496 3754 659 3824 Hilgenfeld
686 3755 758 3811 nihil
775 3757 852 3811 dicit.
888 3755 1073 3812 Econtrario
1100 3755 1261 3809 Mat-thaeus

82 3844 113 3897 in
139 3845 307 3912 Zcitsctr.f.
334 3846 406 3899 wisa.
437 3844 523 3899 fbeot
546 3844 612 3899 1875
630 3862 658 3914 p.
686 3844 727 3907 27,
746 3843 763 3897 8
782 3845 811 3897 11
834 3843 923 3897 Lucas
942 3845 1003 3898 Aet.
1025 3845 1046 3905 l,
1068 3842 1100 3897 18
1127 3841 1260 3909 produnt,

81 3930 241 4001 262-265).
288 3931 373 3985 Modo
404 3948 429 3983 v.
457 3932 473 3983 2
502 3948 555 4000 pro
585 3927 660 4003 εἶχον
686 3931 785 3985 ludam
802 3929 904 3997 laqueo
921 3929 1011 3983 vitam
1030 3928 1144 3983 finiisse.

81 4016 197 4086 scripsit
215 4013 294 4089 εἶχεν,
312 4019 486 4086 perlapsum
499 4017 608 4077 calami,
628 4022 660 4072 ut
721 4018 745 4071 2.
765 4017 844 4088 punt]
863 4016 925 4070 Hoc
944 4015 1038 4077 verbo,
1058 4017 1112 4070 v.3
1130 4014 1260 4084 repetito,

81 4103 204 4158 videtur.
241 4104 283 4159 cf.
304 4105 340 4157 ad
364 4104 555 4174 fragmentum
574 4103 658 4168 Zahn,
685 4101 790 4172 Papias
809 4118 933 4156 annuere
944 4101 1062 4164 videtur,
1074 4117 1162 4156 nona
1178 4100 1261 4155 disci·

79 4192 278 4260 Forscdunpeu
295 4191 341 4254 VI,
363 4190 507 4244 153-157.
685 4189 760 4259 pulis
787 4188 901 4243 Domini
929 4188 1098 4251 celebribus,
1125 4188 1163 4241 ad
1190 4205 1261 4255 quos

118 4280 141 4331 1.
170 4276 379 4351 Ἀπολιναρίου]
408 4276 470 4331 Duo
500 4277 582 4331 huius
609 4294 658 4331 no·
687 4276 757 4330 alias
776 4282 920 4346 provocat,
940 4292 958 4328 a
974 4275 1083 4329 seniore
1099 4275 1204 4330 Ioanne
1216 4275 1263 4329 vel

80 4365 166 4418 minis
179 4364 232 4418 viri
244 4369 353 4418 veteres
365 4364 447 4418 nobis
460 4363 568 4433 cogniti
581 4367 658 4417 sunt:
686 4363 842 4426 Aristione,
870 4379 900 4416 se
919 4362 990 4416 haec
1008 4361 1191 4430 comperisse,
1210 4361 1262 4415 aed

79 4450 255 4521 Apollinaris
274 4450 520 4520 Hierapolituuns,
539 4451 574 4504 cf.
592 4449 657 4503 Eue.
686 4449 721 4503 ab
742 4448 817 4513 aliis,
838 4448 887 4516 qui
906 4452 987 4503 erant
1007 4447 1123 4501 minoris
1141 4448 1262 4501 anctori-

79 4539 114 4593 ll.
135 4538 243 4602 11111,
262 4539 303 4592 21.
332 4538 373 4591 26.
402 4539 448 4600 27;
483 4535 522 4601 V,
544 4537 584 4592 16.
613 4536 658 4600 19;
685 4536 768 4599 tatis,
796 4540 825 4590 et
844 4552 916 4603 quae
932 4534 963 4588 hi
982 4534 1008 4589 ei
1026 4532 1203 4597 referebant,
1228 4550 1262 4588 ea

79 4627 184 4681 Chron.
210 4623 319 4694 Olymp.
338 4624 404 4688 237;
433 4624 532 4679 Chron.
562 4623 659 4693 pasch.
685 4622 757 4679 nihil
784 4622 840 4677 nisi
872 4622 978 4676 famam
1007 4620 1042 4676 de
1069 4620 1147 4675 exitu
1174 4619 1261 4675 Iudae
