2834 5018
366 610 568 665 EPISTULAE
587 609 793 666 CLEMENTIS
813 610 965 666 ROMANI.
1154 618 1256 683 XLIX

73 787 154 863 Quae
177 789 283 854 editio
309 792 350 855 ab
375 791 530 865 omnibus,
555 790 609 874 qui
631 790 815 873 antiquitati
839 791 1028 855 christianae
1053 813 1182 875 operam
1198 814 1255 855 na-

73 898 151 969 vant,
174 896 324 959 maximo
348 917 420 958 cum
442 895 558 979 gaudio
582 900 714 978 excepta
737 898 793 971 est,
816 898 848 958 et
863 894 1196 960 Gebhardt-Harnack
1220 919 1256 960 ac

75 998 264 1083 Hilgenfeld
287 1000 353 1063 iam
376 1022 403 1063 a.
431 1000 513 1063 1876
537 1021 636 1063 novas
659 999 812 1062 editiones
835 999 1040 1063 instituerunt
1062 1004 1164 1063 totum
1188 1000 1256 1083 epi-

75 1104 229 1168 stularum
261 1109 387 1168 textum
414 1104 608 1168 exhibentes,
654 1102 776 1167 Eodem
807 1102 874 1168 fere
904 1107 1047 1187 tempore
1078 1104 1110 1168 in
1139 1104 1255 1168 biblio·

76 1210 173 1287 theca,
199 1232 301 1293 quam
316 1208 416 1272 Iulius
432 1207 523 1302 Mohl
546 1207 567 1287 †
586 1207 670 1272 1876
692 1207 830 1291 reliquit,
855 1208 953 1272 codex
978 1208 1127 1290 syriacus,
1153 1230 1256 1272 amo·

76 1314 175 1377 nacho
191 1314 359 1378 Edesseno
383 1336 410 1377 a.
426 1313 510 1377 1170
526 1313 674 1396 scriptus,
698 1312 844 1376 inventus
860 1317 917 1389 est,
943 1313 997 1396 qui
1011 1316 1115 1377 totum
1130 1312 1258 1377 Novum

78 1417 320 1482 Testamentum
350 1417 547 1501 Apocalypsi
578 1420 712 1500 excepta
743 1422 776 1481 61
806 1418 888 1482 inter
919 1416 1071 1500 epistulas
1099 1415 1195 1481 Iudae
1226 1421 1258 1481 et

77 1521 168 1586 Pauli
201 1523 245 1586 ad
268 1521 429 1586 Romanos
461 1521 632 1586 Clementis
660 1522 812 1604 epistulas
836 1523 914 1585 duas
938 1521 1087 1597 continet,
1122 1526 1153 1585 et
1174 1542 1258 1585 nunc

78 1627 109 1690 in
129 1626 330 1691 bibliotheca
352 1625 575 1691 Universitatis
591 1623 870 1710 Cantabrigiensis,
896 1646 976 1706 quae
1000 1646 1072 1688 eum
1093 1625 1154 1688 sibi
1170 1646 1257 1688 com-

80 1731 212 1813 paravit,
239 1736 421 1794 asservatur
437 1729 457 1794 ¹.
497 1730 521 1794 I.
538 1730 577 1794 B.
594 1728 762 1812 Lightfoot
785 1752 813 1793 a.
829 1730 912 1793 1877
936 1729 970 1793 in
983 1728 1168 1813 Appendice
1183 1750 1258 1792 suae

81 1833 249 1898 Clementis
273 1835 483 1918 epistularum
505 1835 636 1901 editioni
656 1834 795 1898 adiectae
810 1833 962 1897 lectiones
979 1833 1186 1917 epistularum
1202 1855 1258 1896 va-

82 1939 196 2003 riantes
218 1940 298 2003 iuris
322 1940 444 2023 publici
466 1940 557 2014 fecit3
582 1961 643 2025 ego
666 1961 718 2003 eas
742 1939 775 2003 in
798 1939 934 2003 editione
953 1939 1088 2003 Patmm
1104 1938 1258 2022 apostoli·

82 2064 186 2108 mrum
210 2046 239 2108 ass
264 2046 348 2109 1878
381 2047 420 2108 ad
442 2050 566 2109 textum
587 2045 814 2110 recensendum
836 2043 976 2120 adhibui,
1001 2066 1028 2106 a.
1056 2044 1140 2107 1890
1163 2043 1260 2105 etiam

82 2147 245 2232 lightioot
278 2153 402 2232 partem
425 2149 556 2213 Patmm
580 2153 681 2232 apost.
706 2150 841 2233 primam
865 2148 1022 2214 emittens.
1069 2146 1259 2233 Nuperrime

83 2251 117 2315 (1.
134 2254 240 2318 Morin
263 2255 297 2318 in
321 2255 426 2319 codice
449 2254 661 2319 bibliothecae
677 2253 845 2319 Seminarii
867 2252 1093 2318 Namurcensis
1117 2275 1196 2317 saec.
1214 2246 1263 2317 XI
1365 2286 1369 2291 ·

83 2364 210 2422 exarato
235 2359 333 2423 etiam
356 2359 531 2422 versionem
553 2364 691 2423 veterem
713 2359 846 2423 latinam
870 2358 988 2422 detexit
1007 2362 1039 2422 et
1053 2359 1087 2422 in
1101 2358 1260 2422 volumine

84 2460 371 2527 Hdnecdotorum
395 2462 688 2528 Maredsolanorum
711 2486 737 2526 s.
762 2463 845 2527 1894
868 2462 974 2526 edidit.
1024 2461 1094 2538 Qua
1116 2462 1261 2526 consulta

84 2566 119 2630 R..
144 2567 261 2650 Knopf
282 2591 309 2631 a.
337 2567 420 2631 1899
443 2589 558 2632 novam
581 2568 738 2652 epistulae
761 2568 931 2632 editionem
952 2566 1127 2632 instituit2.

168 2671 282 2736 Testes
306 2671 461 2756 epistulae
484 2678 635 2754 quattuor
662 2694 745 2737 nunc
767 2670 859 2736 nobis
882 2675 1008 2754 praesto
1031 2676 1113 2749 sunt,
1138 2673 1259 2737 codices

81 2777 185 2859 graeci
201 2775 438 2840 Alexandrinus
455 2800 495 2832 =
513 2775 552 2849 A,
578 2776 888 2859 Hierosolymitanus
906 2800 946 2832 =
964 2776 1005 2853 H,
1029 2777 1188 2842 versiones
1211 2777 1259 2840 la·

82 2879 148 2943 tina
164 2905 204 2936 =
221 2879 255 2956 L,
280 2880 405 2962 syriaca
418 2903 458 2936 =
476 2879 506 2958 S,
532 2885 564 2945 et
583 2881 753 2966 quaeritur,
779 2901 860 2964 quae
883 2881 924 2944 sit
947 2902 1056 2946 eorum
1080 2882 1259 2947 auctoritas.

82 2981 160 3047 oum
183 2984 287 3048 versio
311 2983 411 3047 latina
432 2984 496 3048 iam
520 2990 593 3048 ante
616 2985 779 3050 saeculum
794 2985 842 3049 IV
865 2992 994 3050 exarata
1016 2986 1259 3064 emendentur,

82 3093 165 3152 certe
187 3111 227 3153 61
251 3088 425 3172 exemplari
447 3110 561 3174 graeco
584 3091 805 3174 antiquissimo
819 3090 954 3163 fluxerit,
978 3089 1093 3174 Knopf
1113 3112 1182 3154 eam
1204 3092 1261 3156 111·

82 3191 140 3256 bus
162 3194 302 3257 testibus
324 3193 531 3258 orientalibus
556 3195 747 3259 auctoritate
769 3216 880 3278 parem
902 3216 971 3259 esse
994 3196 1117 3259 censuit
1132 3194 1261 3280 eiusque

82 3296 251 3361 lectionem
265 3297 411 3381 pluribus
426 3297 505 3361 locis
529 3296 571 3379 (6,
591 3298 625 3373 13
651 3299 680 3374 8,
699 3301 728 3375 53
755 3300 805 3375 10,
823 3301 841 3363 7
851 3323 858 3374 ;
883 3300 934 3375 20,
954 3300 1009 3374 12;
1034 3300 1085 3376 21,
1103 3302 1136 3373 3;
1161 3300 1212 3376 27,
1227 3302 1261 3378 53

81 3401 132 3475 37,
148 3403 185 3475 4;
211 3403 264 3471 42,
285 3402 312 3463 1.
331 3404 367 3475 4;
392 3403 443 3478 46,
462 3403 497 3475 7;
516 3403 567 3477 47,
585 3400 617 3482 2)
641 3402 833 3468 lectionibus
849 3403 978 3466 illomm
993 3403 1153 3487 praetulit.
1178 3402 1261 3467 Con-

82 3505 223 3569 siderans
253 3506 458 3590 interpretem
487 3506 572 3571 haud
605 3529 678 3571 raro
708 3508 860 3572 maiorem
882 3507 1063 3572 libertatem
1086 3508 1147 3572 sibi
1168 3529 1260 3571 usur-

82 3631 174 3692 passe
206 3613 386 3674 attextum
414 3609 604 3694 exemplaris
637 3612 745 3696 graeci
767 3612 902 3677 adhibiti
928 3634 1021 3697 saepe
1044 3613 1097 3676 vix
1120 3612 1263 3694 dignosci

83 3736 184 3796 posse,
209 3715 357 3798 equidem
379 3715 518 3780 codicem
533 3715 564 3779 A
587 3716 699 3780 ducem
722 3739 845 3802 sequor,
870 3718 932 3782 nisi
955 3716 1070 3800 reliqui
1092 3720 1189 3780 testes
1207 3736 1263 3780 seu

81 3839 189 3883 omnes
212 3841 269 3882 seu
292 3821 354 3884 duo
377 3819 492 3884 saltem
514 3821 745 3885 consentientes
769 3842 802 3884 se
818 3824 943 3885 textum
957 3825 1080 3885 rectum
1096 3819 1262 3883 tradidisse

83 3925 299 4010 probaverint.

83 4129 191 4194 tinent,
222 4133 285 4185 arte
303 4130 492 4200 phototypica
510 4146 643 4200 expressa
661 4129 810 4201 Lightloot
839 4130 959 4185 editioni
979 4129 1162 4199 epistularum
1181 4128 1264 4184 alteri

85 4216 129 4271 vel
148 4217 287 4271 volumini
303 4217 394 4286 partis
413 4217 426 4271 l
444 4218 561 4272 Petrum
581 4217 801 4287 apostolicorum
818 4218 906 4287 priori
926 4217 1038 4271 adiecit.

156 4304 352 4360 lllditionem
378 4305 516 4361 versionis
543 4305 658 4375 paravit
675 4305 707 4358 R.
727 4304 756 4358 L.
775 4304 880 4373 Bensly
906 4306 935 4358 et
962 4306 1029 4373 post
1057 4303 1116 4358 eius
1144 4307 1263 4358 mortem

85 4391 241 4459 publicavit
259 4390 290 4445 u
311 4392 344 4446 Η.
364 4393 489 4447 Kennett
509 4391 710 4461 cantabrigiae
730 4409 753 4446 a
775 4393 850 4448 1899.

154 4478 170 4530 2
189 4478 249 4532 Der
266 4485 334 4534 crete
354 4480 714 4545 obambulauerant
731 4479 789 4533 aad
811 4479 1026 4548 boampcyeben.
1063 4478 1177 4548 Lipsiae
1198 4475 1264 4532 1899

85 4563 179 4632 (Tmo
195 4565 254 4620 aad
276 4565 511 4637 Unmsuctunqen
529 4567 565 4621 N.
585 4567 620 4624 F.
640 4567 673 4628 V,
694 4567 729 4633 l).

138 4671 248 4721 Bnnk,
267 4671 348 4713 Petro·
363 4675 438 4722 apost.
453 4672 489 4713 sd.
499 4673 532 4713 11.
1035 4657 1055 4721 (l
