<?xml version="1.0" encoding="UTF-8"?>
<!DOCTYPE html PUBLIC "-//W3C//DTD XHTML 1.0 Transitional//EN"
    "http://www.w3.org/TR/xhtml1/DTD/xhtml1-transitional.dtd">
<html xmlns="http://www.w3.org/1999/xhtml" xml:lang="en" lang="en">
 <head>
  <title>
</title>
<meta http-equiv="Content-Type" content="text/html;charset=utf-8" />
  <meta name='ocr-system' content='tesseract 3.04.00' />
  <meta name='ocr-capabilities' content='ocr_page ocr_carea ocr_par ocr_line ocrx_word'/>
</head>
<body>
  <div class='ocr_page' id='page_1' title='image "./patresapostolic00piongoog_0352.png"; bbox 0 0 2834 5018; ppageno 0'>
   <div class='ocr_carea' id='block_1_1' title="bbox 467 623 1231 692">
    <p class='ocr_par' dir='ltr' id='par_1_1' title="bbox 467 623 1231 692">
     <span class='ocr_line' id='line_1_1' title="bbox 467 623 1231 692; baseline 0.007 -12"><span class='ocrx_word' id='word_1_1' title='bbox 467 624 518 680; x_wconf 87' lang='lat' dir='ltr'>AD</span> <span class='ocrx_word' id='word_1_2' title='bbox 537 626 618 680; x_wconf 72' lang='lat' dir='ltr'>coit.</span> <span class='ocrx_word' id='word_1_3' title='bbox 637 626 671 688; x_wconf 90' lang='lat' dir='ltr'>V,</span> <span class='ocrx_word' id='word_1_4' title='bbox 690 623 832 689; x_wconf 70' lang='grc'>3-119.</span> <span class='ocrx_word' id='word_1_5' title='bbox 1170 627 1231 692; x_wconf 84' lang='grc'>191</span> 
     </span>
    </p>
   </div>
   <div class='ocr_carea' id='block_1_2' title="bbox 54 803 1276 3816">
    <p class='ocr_par' dir='ltr' id='par_1_2' title="bbox 54 803 1272 2136">
     <span class='ocr_line' id='line_1_2' title="bbox 55 803 1232 888; baseline -0.001 -18"><span class='ocrx_word' id='word_1_6' title='bbox 55 809 162 870; x_wconf 84' lang='lat' dir='ltr'>medio</span> <span class='ocrx_word' id='word_1_7' title='bbox 188 809 350 887; x_wconf 84' lang='lat' dir='ltr'>lnporum.</span> <span class='ocrx_word' id='word_1_8' title='bbox 396 806 426 867; x_wconf 89' lang='lat'>3.</span> <span class='ocrx_word' id='word_1_9' title='bbox 451 804 658 888; x_wconf 85' lang='lat' dir='ltr'>Respondens</span> <span class='ocrx_word' id='word_1_10' title='bbox 681 807 786 868; x_wconf 86' lang='lat' dir='ltr'>autem</span> <span class='ocrx_word' id='word_1_11' title='bbox 802 803 915 867; x_wconf 90' lang='lat' dir='ltr'>Petrus</span> <span class='ocrx_word' id='word_1_12' title='bbox 938 803 967 866; x_wconf 91' lang='lat' dir='ltr'>ei</span> <span class='ocrx_word' id='word_1_13' title='bbox 982 804 1044 867; x_wconf 88' lang='lat' dir='ltr'>ait:</span> <span class='ocrx_word' id='word_1_14' title='bbox 1069 806 1107 868; x_wconf 87' lang='lat' dir='ltr'>Si</span> <span class='ocrx_word' id='word_1_15' title='bbox 1122 814 1232 869; x_wconf 74' lang='lat' dir='ltr'>culmo</span> 
     </span>
     <span class='ocr_line' id='line_1_3' title="bbox 57 906 1232 993; baseline -0.001 -18"><span class='ocrx_word' id='word_1_16' title='bbox 57 915 125 993; x_wconf 81' lang='lat' dir='ltr'>lupi</span> <span class='ocrx_word' id='word_1_17' title='bbox 157 930 263 990; x_wconf 74' lang='lat' dir='ltr'>aporos</span> <span class='ocrx_word' id='word_1_18' title='bbox 292 911 559 990; x_wconf 63' lang='lat' dir='ltr'>discerpserint?</span> <span class='ocrx_word' id='word_1_19' title='bbox 590 910 620 971; x_wconf 83' lang='lat'><strong>4.</strong></span> <span class='ocrx_word' id='word_1_20' title='bbox 644 907 822 991; x_wconf 88' lang='lat' dir='ltr'>Respondit</span> <span class='ocrx_word' id='word_1_21' title='bbox 850 906 938 971; x_wconf 87' lang='lat' dir='ltr'>lesus</span> <span class='ocrx_word' id='word_1_22' title='bbox 969 907 1084 972; x_wconf 88' lang='lat' dir='ltr'>Petro:</span> <span class='ocrx_word' id='word_1_23' title='bbox 1119 910 1169 972; x_wconf 85' lang='lat' dir='ltr'>Ne</span> <span class='ocrx_word' id='word_1_24' title='bbox 1192 916 1232 974; x_wconf 86' lang='lat' dir='ltr'>o·-</span> 
     </span>
     <span class='ocr_line' id='line_1_4' title="bbox 55 1015 1232 1097; baseline -0.003 -17"><span class='ocrx_word' id='word_1_25' title='bbox 55 1025 167 1080; x_wconf 78' lang='lat' dir='ltr'>oiconi</span> <span class='ocrx_word' id='word_1_26' title='bbox 182 1021 261 1096; x_wconf 76' lang='lat' dir='ltr'>opici</span> <span class='ocrx_word' id='word_1_27' title='bbox 278 1024 359 1097; x_wconf 82' lang='lat' dir='ltr'>posi</span> <span class='ocrx_word' id='word_1_28' title='bbox 375 1022 514 1077; x_wconf 79' lang='lat' dir='ltr'>rnoricm</span> <span class='ocrx_word' id='word_1_29' title='bbox 538 1032 634 1077; x_wconf 73' lang='lat' dir='ltr'>cnoro</span> <span class='ocrx_word' id='word_1_30' title='bbox 650 1016 757 1094; x_wconf 78' lang='lat' dir='ltr'>lrcpoe,</span> <span class='ocrx_word' id='word_1_31' title='bbox 780 1021 814 1076; x_wconf 86' lang='lat' dir='ltr'>et</span> <span class='ocrx_word' id='word_1_32' title='bbox 834 1031 891 1075; x_wconf 81' lang='lat' dir='ltr'>cos</span> <span class='ocrx_word' id='word_1_33' title='bbox 906 1015 1010 1076; x_wconf 82' lang='lat' dir='ltr'>nolite</span> <span class='ocrx_word' id='word_1_34' title='bbox 1031 1018 1150 1076; x_wconf 77' lang='lat' dir='ltr'>iioiere</span> <span class='ocrx_word' id='word_1_35' title='bbox 1165 1033 1232 1093; x_wconf 81' lang='lat' dir='ltr'>cos,</span> 
     </span>
     <span class='ocr_line' id='line_1_5' title="bbox 56 1119 1232 1200; baseline -0.003 -16"><span class='ocrx_word' id='word_1_36' title='bbox 56 1127 110 1200; x_wconf 85' lang='lat' dir='ltr'>qui</span> <span class='ocrx_word' id='word_1_37' title='bbox 134 1122 287 1184; x_wconf 82' lang='lat' dir='ltr'>occidunt</span> <span class='ocrx_word' id='word_1_38' title='bbox 308 1138 366 1182; x_wconf 83' lang='lat' dir='ltr'>eos</span> <span class='ocrx_word' id='word_1_39' title='bbox 389 1128 422 1182; x_wconf 83' lang='lat' dir='ltr'>el</span> <span class='ocrx_word' id='word_1_40' title='bbox 444 1119 563 1182; x_wconf 75' lang='lat' dir='ltr'>detrude</span> <span class='ocrx_word' id='word_1_41' title='bbox 585 1119 672 1181; x_wconf 79' lang='lat' dir='ltr'>nihil</span> <span class='ocrx_word' id='word_1_42' title='bbox 685 1119 777 1181; x_wconf 80' lang='lat' dir='ltr'>cobis</span> <span class='ocrx_word' id='word_1_43' title='bbox 794 1126 937 1198; x_wconf 80' lang='lat' dir='ltr'>poscunt</span> <span class='ocrx_word' id='word_1_44' title='bbox 956 1120 1095 1197; x_wconf 85' lang='lat' dir='ltr'>foccre;</span> <span class='ocrx_word' id='word_1_45' title='bbox 1116 1120 1179 1181; x_wconf 82' lang='lat' dir='ltr'>ced</span> <span class='ocrx_word' id='word_1_46' title='bbox 1192 1125 1232 1182; x_wconf 82' lang='lat' dir='ltr'>ii·</span> 
     </span>
     <span class='ocr_line' id='line_1_6' title="bbox 56 1223 1260 1305; baseline -0.005 -15"><span class='ocrx_word' id='word_1_47' title='bbox 56 1236 140 1290; x_wconf 74' lang='lat' dir='ltr'>nocie</span> <span class='ocrx_word' id='word_1_48' title='bbox 163 1244 255 1303; x_wconf 77' lang='lat' dir='ltr'>mern,</span> <span class='ocrx_word' id='word_1_49' title='bbox 287 1230 360 1305; x_wconf 82' lang='lat' dir='ltr'>qui,</span> <span class='ocrx_word' id='word_1_50' title='bbox 385 1232 563 1304; x_wconf 72' lang='lat' dir='ltr'>postquam</span> <span class='ocrx_word' id='word_1_51' title='bbox 585 1227 710 1285; x_wconf 79' lang='lat' dir='ltr'>mortui</span> <span class='ocrx_word' id='word_1_52' title='bbox 728 1223 887 1301; x_wconf 82' lang='lat' dir='ltr'>fueritis,</span> <span class='ocrx_word' id='word_1_53' title='bbox 916 1223 1015 1286; x_wconf 77' lang='lat' dir='ltr'>tobei</span> <span class='ocrx_word' id='word_1_54' title='bbox 1031 1231 1260 1304; x_wconf 71' lang='lat' dir='ltr'>potestativis</span> 
     </span>
     <span class='ocr_line' id='line_1_7' title="bbox 56 1327 1233 1409; baseline -0.003 -15"><span class='ocrx_word' id='word_1_55' title='bbox 56 1337 189 1394; x_wconf 72' lang='lat' dir='ltr'>nitimur</span> <span class='ocrx_word' id='word_1_56' title='bbox 211 1338 244 1392; x_wconf 85' lang='lat' dir='ltr'>et</span> <span class='ocrx_word' id='word_1_57' title='bbox 266 1332 429 1409; x_wconf 82' lang='lat' dir='ltr'>corporis,</span> <span class='ocrx_word' id='word_1_58' title='bbox 452 1335 489 1389; x_wconf 83' lang='lat' dir='ltr'>ui</span> <span class='ocrx_word' id='word_1_59' title='bbox 510 1331 622 1389; x_wconf 79' lang='lat' dir='ltr'>mittut</span> <span class='ocrx_word' id='word_1_60' title='bbox 644 1331 679 1389; x_wconf 79' lang='lat' dir='ltr'>in</span> <span class='ocrx_word' id='word_1_61' title='bbox 699 1328 884 1405; x_wconf 72' lang='lat' dir='ltr'>pelicanum</span> <span class='ocrx_word' id='word_1_62' title='bbox 906 1331 1003 1405; x_wconf 75' lang='lat' dir='ltr'>ipris.</span> <span class='ocrx_word' id='word_1_63' title='bbox 1050 1327 1079 1390; x_wconf 87' lang='lat'>5.</span> <span class='ocrx_word' id='word_1_64' title='bbox 1102 1327 1147 1392; x_wconf 83' lang='lat' dir='ltr'>Et</span> <span class='ocrx_word' id='word_1_65' title='bbox 1171 1327 1233 1392; x_wconf 90' lang='lat' dir='ltr'>sci·</span> 
     </span>
     <span class='ocr_line' id='line_1_8' title="bbox 55 1429 1234 1515; baseline -0.003 -17"><span class='ocrx_word' id='word_1_66' title='bbox 55 1439 130 1511; x_wconf 89' lang='lat' dir='ltr'>tote,</span> <span class='ocrx_word' id='word_1_67' title='bbox 154 1434 280 1509; x_wconf 81' lang='lat' dir='ltr'>fratres,</span> <span class='ocrx_word' id='word_1_68' title='bbox 306 1432 389 1515; x_wconf 91' lang='lat' dir='ltr'>quod</span> <span class='ocrx_word' id='word_1_69' title='bbox 403 1429 621 1513; x_wconf 78' lang='lat' dir='ltr'>peregrinatio</span> <span class='ocrx_word' id='word_1_70' title='bbox 645 1430 748 1494; x_wconf 84' lang='lat' dir='ltr'>carnis</span> <span class='ocrx_word' id='word_1_71' title='bbox 764 1429 858 1493; x_wconf 89' lang='lat' dir='ltr'>huius</span> <span class='ocrx_word' id='word_1_72' title='bbox 874 1429 907 1493; x_wconf 89' lang='lat' dir='ltr'>in</span> <span class='ocrx_word' id='word_1_73' title='bbox 922 1429 983 1493; x_wconf 92' lang='lat' dir='ltr'>hoc</span> <span class='ocrx_word' id='word_1_74' title='bbox 997 1432 1114 1495; x_wconf 90' lang='lat' dir='ltr'>mundo</span> <span class='ocrx_word' id='word_1_75' title='bbox 1130 1432 1234 1496; x_wconf 85' lang='lat' dir='ltr'>brevis</span> 
     </span>
     <span class='ocr_line' id='line_1_9' title="bbox 55 1533 1233 1620; baseline -0.001 -18"><span class='ocrx_word' id='word_1_76' title='bbox 55 1544 102 1603; x_wconf 90' lang='lat' dir='ltr'>est</span> <span class='ocrx_word' id='word_1_77' title='bbox 126 1560 164 1602; x_wconf 86' lang='lat' dir='ltr'>ac</span> <span class='ocrx_word' id='word_1_78' title='bbox 186 1537 278 1620; x_wconf 82' lang='lat' dir='ltr'>parvi</span> <span class='ocrx_word' id='word_1_79' title='bbox 300 1535 467 1618; x_wconf 89' lang='lat' dir='ltr'>temporis,</span> <span class='ocrx_word' id='word_1_80' title='bbox 498 1534 667 1618; x_wconf 85' lang='lat' dir='ltr'>promissio</span> <span class='ocrx_word' id='word_1_81' title='bbox 699 1540 805 1599; x_wconf 89' lang='lat' dir='ltr'>autem</span> <span class='ocrx_word' id='word_1_82' title='bbox 828 1533 946 1598; x_wconf 78' lang='lat' dir='ltr'>Christi</span> <span class='ocrx_word' id='word_1_83' title='bbox 974 1557 1093 1620; x_wconf 84' lang='lat' dir='ltr'>magna</span> <span class='ocrx_word' id='word_1_84' title='bbox 1121 1541 1153 1601; x_wconf 90' lang='lat' dir='ltr'>et</span> <span class='ocrx_word' id='word_1_85' title='bbox 1177 1537 1233 1601; x_wconf 90' lang='lat' dir='ltr'>ad·</span> 
     </span>
     <span class='ocr_line' id='line_1_10' title="bbox 55 1638 1231 1724; baseline -0.002 -17"><span class='ocrx_word' id='word_1_86' title='bbox 55 1643 211 1708; x_wconf 86' lang='lat' dir='ltr'>mirabilis</span> <span class='ocrx_word' id='word_1_87' title='bbox 246 1646 312 1718; x_wconf 91' lang='lat' dir='ltr'>est,</span> <span class='ocrx_word' id='word_1_88' title='bbox 349 1645 444 1723; x_wconf 86' lang='lat' dir='ltr'>atque</span> <span class='ocrx_word' id='word_1_89' title='bbox 477 1639 602 1724; x_wconf 86' lang='lat' dir='ltr'>requies</span> <span class='ocrx_word' id='word_1_90' title='bbox 636 1638 738 1702; x_wconf 90' lang='lat' dir='ltr'>futuri</span> <span class='ocrx_word' id='word_1_91' title='bbox 770 1639 862 1722; x_wconf 82' lang='lat' dir='ltr'>regni</span> <span class='ocrx_word' id='word_1_92' title='bbox 898 1661 934 1703; x_wconf 85' lang='lat' dir='ltr'>ac</span> <span class='ocrx_word' id='word_1_93' title='bbox 965 1640 1049 1705; x_wconf 87' lang='lat' dir='ltr'>vitae</span> <span class='ocrx_word' id='word_1_94' title='bbox 1078 1645 1231 1705; x_wconf 78' lang='lat' dir='ltr'>aeternae.</span> 
     </span>
     <span class='ocr_line' id='line_1_11' title="bbox 56 1744 1272 1831; baseline -0.002 -19"><span class='ocrx_word' id='word_1_95' title='bbox 56 1750 84 1812; x_wconf 88' lang='lat'>6.</span> <span class='ocrx_word' id='word_1_96' title='bbox 111 1746 195 1823; x_wconf 86' lang='lat' dir='ltr'>Quid</span> <span class='ocrx_word' id='word_1_97' title='bbox 210 1746 311 1831; x_wconf 87' lang='lat' dir='ltr'>igitur</span> <span class='ocrx_word' id='word_1_98' title='bbox 334 1745 487 1808; x_wconf 79' lang='lat' dir='ltr'>facientes</span> <span class='ocrx_word' id='word_1_99' title='bbox 502 1765 540 1808; x_wconf 89' lang='lat' dir='ltr'>ea</span> <span class='ocrx_word' id='word_1_100' title='bbox 563 1744 713 1827; x_wconf 87' lang='lat' dir='ltr'>consequi</span> <span class='ocrx_word' id='word_1_101' title='bbox 727 1744 911 1827; x_wconf 70' lang='lat' dir='ltr'>poterimus,</span> <span class='ocrx_word' id='word_1_102' title='bbox 934 1745 996 1809; x_wconf 89' lang='lat' dir='ltr'>nisi</span> <span class='ocrx_word' id='word_1_103' title='bbox 1011 1751 1119 1810; x_wconf 87' lang='lat' dir='ltr'>sancte</span> <span class='ocrx_word' id='word_1_104' title='bbox 1133 1746 1232 1810; x_wconf 89' lang='lat' dir='ltr'>iuste·</span> <span class='ocrx_word' id='word_1_105' title='bbox 1248 1766 1272 1804; x_wconf 84' lang='grc' dir='ltr'>ιο</span> 
     </span>
     <span class='ocr_line' id='line_1_12' title="bbox 56 1847 1234 1934; baseline -0.003 -19"><span class='ocrx_word' id='word_1_106' title='bbox 56 1873 115 1934; x_wconf 91' lang='lat' dir='ltr'>que</span> <span class='ocrx_word' id='word_1_107' title='bbox 147 1852 370 1914; x_wconf 85' lang='lat' dir='ltr'>conversantes</span> <span class='ocrx_word' id='word_1_108' title='bbox 399 1853 431 1912; x_wconf 89' lang='lat' dir='ltr'>et</span> <span class='ocrx_word' id='word_1_109' title='bbox 460 1848 619 1912; x_wconf 88' lang='lat' dir='ltr'>mundana</span> <span class='ocrx_word' id='word_1_110' title='bbox 651 1847 729 1911; x_wconf 89' lang='lat' dir='ltr'>haec</span> <span class='ocrx_word' id='word_1_111' title='bbox 760 1851 924 1932; x_wconf 87' lang='lat' dir='ltr'>tamquam</span> <span class='ocrx_word' id='word_1_112' title='bbox 953 1849 1057 1913; x_wconf 89' lang='lat' dir='ltr'>aliena</span> <span class='ocrx_word' id='word_1_113' title='bbox 1085 1853 1234 1932; x_wconf 88' lang='lat' dir='ltr'>putantes</span> 
     </span>
     <span class='ocr_line' id='line_1_13' title="bbox 54 1951 1234 2037; baseline -0.003 -17"><span class='ocrx_word' id='word_1_114' title='bbox 54 1978 112 2020; x_wconf 91' lang='lat' dir='ltr'>nec</span> <span class='ocrx_word' id='word_1_115' title='bbox 143 1954 201 2018; x_wconf 86' lang='lat' dir='ltr'>illa</span> <span class='ocrx_word' id='word_1_116' title='bbox 230 1953 513 2037; x_wconf 77' lang='lat' dir='ltr'>concupiscentes?</span> <span class='ocrx_word' id='word_1_117' title='bbox 544 1952 572 2015; x_wconf 88' lang='lat'>7.</span> <span class='ocrx_word' id='word_1_118' title='bbox 596 1951 681 2015; x_wconf 87' lang='lat' dir='ltr'>Dum</span> <span class='ocrx_word' id='word_1_119' title='bbox 705 1951 788 2015; x_wconf 91' lang='lat' dir='ltr'>enim</span> <span class='ocrx_word' id='word_1_120' title='bbox 819 1974 857 2016; x_wconf 88' lang='lat' dir='ltr'>ea</span> <span class='ocrx_word' id='word_1_121' title='bbox 878 1953 1039 2037; x_wconf 88' lang='lat' dir='ltr'>possidere</span> <span class='ocrx_word' id='word_1_122' title='bbox 1068 1953 1234 2037; x_wconf 89' lang='lat' dir='ltr'>concupis·</span> 
     </span>
     <span class='ocr_line' id='line_1_14' title="bbox 56 2056 591 2136; baseline -0.009 -13"><span class='ocrx_word' id='word_1_123' title='bbox 56 2061 164 2136; x_wconf 88' lang='lat' dir='ltr'>cimus,</span> <span class='ocrx_word' id='word_1_124' title='bbox 189 2059 361 2124; x_wconf 84' lang='lat' dir='ltr'>excidimus</span> <span class='ocrx_word' id='word_1_125' title='bbox 384 2080 403 2120; x_wconf 90' lang='lat' dir='ltr'>a</span> <span class='ocrx_word' id='word_1_126' title='bbox 424 2057 476 2119; x_wconf 85' lang='lat' dir='ltr'>via</span> <span class='ocrx_word' id='word_1_127' title='bbox 498 2056 591 2119; x_wconf 87' lang='lat' dir='ltr'>iusta.</span> 
     </span>
    </p>

    <p class='ocr_par' dir='ltr' id='par_1_3' title="bbox 54 2160 1276 3816">
     <span class='ocr_line' id='line_1_15' title="bbox 143 2160 1234 2244; baseline -0.001 -18"><span class='ocrx_word' id='word_1_128' title='bbox 143 2162 200 2226; x_wconf 93' lang='lat' dir='ltr'><strong>VI.</strong></span> <span class='ocrx_word' id='word_1_129' title='bbox 224 2162 313 2226; x_wconf 85' lang='lat' dir='ltr'>Dicit</span> <span class='ocrx_word' id='word_1_130' title='bbox 344 2166 451 2225; x_wconf 87' lang='lat' dir='ltr'>autem</span> <span class='ocrx_word' id='word_1_131' title='bbox 481 2160 639 2225; x_wconf 85' lang='lat' dir='ltr'>dominus:</span> <span class='ocrx_word' id='word_1_132' title='bbox 672 2163 795 2224; x_wconf 82' lang='lat' dir='ltr'>Nullus</span> <span class='ocrx_word' id='word_1_133' title='bbox 823 2182 939 2226; x_wconf 80' lang='lat' dir='ltr'>serene</span> <span class='ocrx_word' id='word_1_134' title='bbox 965 2170 1078 2244; x_wconf 80' lang='lat' dir='ltr'>potest</span> <span class='ocrx_word' id='word_1_135' title='bbox 1107 2164 1234 2225; x_wconf 82' lang='lat' dir='ltr'>duobus</span> 
     </span>
     <span class='ocr_line' id='line_1_16' title="bbox 56 2264 1275 2344; baseline -0.007 -12"><span class='ocrx_word' id='word_1_136' title='bbox 56 2271 201 2333; x_wconf 75' lang='grc' dir='ltr'><strong><em>(ἰσαιὶαἰα</em></strong></span> <span class='ocrx_word' id='word_1_137' title='bbox 223 2273 359 2331; x_wconf 80' lang='lat' dir='ltr'>seruire.</span> <span class='ocrx_word' id='word_1_138' title='bbox 407 2264 441 2330; x_wconf 86' lang='lat' dir='ltr'>si</span> <span class='ocrx_word' id='word_1_139' title='bbox 463 2287 521 2329; x_wconf 90' lang='lat' dir='ltr'>nos</span> <span class='ocrx_word' id='word_1_140' title='bbox 538 2264 681 2329; x_wconf 87' lang='lat' dir='ltr'>volumus</span> <span class='ocrx_word' id='word_1_141' title='bbox 704 2269 736 2328; x_wconf 87' lang='lat' dir='ltr'>et</span> <span class='ocrx_word' id='word_1_142' title='bbox 760 2266 817 2330; x_wconf 92' lang='lat' dir='ltr'>deo</span> <span class='ocrx_word' id='word_1_143' title='bbox 832 2267 948 2330; x_wconf 81' lang='lat' dir='ltr'>servire</span> <span class='ocrx_word' id='word_1_144' title='bbox 972 2272 1275 2344; x_wconf 78' lang='lat' dir='ltr'>etmammonae,1s</span> 
     </span>
     <span class='ocr_line' id='line_1_17' title="bbox 55 2371 1233 2454; baseline 0 -18"><span class='ocrx_word' id='word_1_145' title='bbox 55 2372 290 2437; x_wconf 89' lang='lat' dir='ltr'>incommodum</span> <span class='ocrx_word' id='word_1_146' title='bbox 311 2371 403 2435; x_wconf 90' lang='lat' dir='ltr'>nobis</span> <span class='ocrx_word' id='word_1_147' title='bbox 423 2375 480 2434; x_wconf 87' lang='lat' dir='ltr'>est.</span> <span class='ocrx_word' id='word_1_148' title='bbox 527 2371 557 2433; x_wconf 83' lang='lat'><strong>2.</strong></span> <span class='ocrx_word' id='word_1_149' title='bbox 581 2373 666 2434; x_wconf 77' lang='grc' dir='ltr'><strong><em>Νσαι</em></strong></span> <span class='ocrx_word' id='word_1_150' title='bbox 690 2391 775 2452; x_wconf 86' lang='lat' dir='ltr'>quae</span> <span class='ocrx_word' id='word_1_151' title='bbox 789 2376 931 2454; x_wconf 71' lang='lat' dir='ltr'>rutilitas,</span> <span class='ocrx_word' id='word_1_152' title='bbox 953 2379 985 2437; x_wconf 81' lang='lat' dir='ltr'>ei</span> <span class='ocrx_word' id='word_1_153' title='bbox 1008 2380 1081 2454; x_wconf 83' lang='lat' dir='ltr'>quis</span> <span class='ocrx_word' id='word_1_154' title='bbox 1103 2379 1233 2436; x_wconf 74' lang='lat' dir='ltr'>oniam·</span> 
     </span>
     <span class='ocr_line' id='line_1_18' title="bbox 55 2478 1238 2559; baseline 0 -18"><span class='ocrx_word' id='word_1_155' title='bbox 55 2498 128 2541; x_wconf 79' lang='lat' dir='ltr'>suoi</span> <span class='ocrx_word' id='word_1_156' title='bbox 153 2480 308 2541; x_wconf 72' lang='lat' dir='ltr'>irruendum</span> <span class='ocrx_word' id='word_1_157' title='bbox 333 2481 491 2554; x_wconf 79' lang='lat' dir='ltr'>lucretur,</span> <span class='ocrx_word' id='word_1_158' title='bbox 514 2480 647 2538; x_wconf 82' lang='lat' dir='ltr'>ocimcc</span> <span class='ocrx_word' id='word_1_159' title='bbox 669 2485 780 2540; x_wconf 82' lang='lat' dir='ltr'>notem</span> <span class='ocrx_word' id='word_1_160' title='bbox 803 2478 1037 2541; x_wconf 79' lang='lat' dir='ltr'>detrimentum</span> <span class='ocrx_word' id='word_1_161' title='bbox 1054 2482 1238 2559; x_wconf 78' lang='lat' dir='ltr'>potiatur?</span> 
     </span>
     <span class='ocr_line' id='line_1_19' title="bbox 55 2580 1233 2648; baseline 0.001 -2"><span class='ocrx_word' id='word_1_162' title='bbox 55 2584 85 2646; x_wconf 88' lang='lat'>3.</span> <span class='ocrx_word' id='word_1_163' title='bbox 110 2582 210 2645; x_wconf 89' lang='lat' dir='ltr'>Porro</span> <span class='ocrx_word' id='word_1_164' title='bbox 233 2581 294 2645; x_wconf 92' lang='lat' dir='ltr'>hoc</span> <span class='ocrx_word' id='word_1_165' title='bbox 325 2581 486 2645; x_wconf 87' lang='lat' dir='ltr'>saeculum</span> <span class='ocrx_word' id='word_1_166' title='bbox 509 2585 540 2644; x_wconf 91' lang='lat' dir='ltr'>et</span> <span class='ocrx_word' id='word_1_167' title='bbox 563 2580 708 2645; x_wconf 86' lang='lat' dir='ltr'>futurum</span> <span class='ocrx_word' id='word_1_168' title='bbox 738 2586 811 2646; x_wconf 88' lang='lat' dir='ltr'>sunt</span> <span class='ocrx_word' id='word_1_169' title='bbox 834 2584 896 2648; x_wconf 91' lang='lat' dir='ltr'>duo</span> <span class='ocrx_word' id='word_1_170' title='bbox 918 2584 1046 2648; x_wconf 89' lang='lat' dir='ltr'>inimici.</span> <span class='ocrx_word' id='word_1_171' title='bbox 1093 2585 1123 2647; x_wconf 88' lang='lat'>4.</span> <span class='ocrx_word' id='word_1_172' title='bbox 1147 2582 1233 2647; x_wconf 89' lang='lat' dir='ltr'>lllud</span> 
     </span>
     <span class='ocr_line' id='line_1_20' title="bbox 55 2685 1235 2770; baseline 0.003 -21"><span class='ocrx_word' id='word_1_173' title='bbox 55 2686 220 2770; x_wconf 88' lang='lat' dir='ltr'>praedicat</span> <span class='ocrx_word' id='word_1_174' title='bbox 246 2686 450 2764; x_wconf 86' lang='lat' dir='ltr'>adulterium,</span> <span class='ocrx_word' id='word_1_175' title='bbox 484 2685 714 2770; x_wconf 82' lang='lat' dir='ltr'>corruptelam,</span> <span class='ocrx_word' id='word_1_176' title='bbox 746 2688 912 2752; x_wconf 84' lang='lat' dir='ltr'>avaritiam</span> <span class='ocrx_word' id='word_1_177' title='bbox 934 2691 966 2751; x_wconf 89' lang='lat' dir='ltr'>et</span> <span class='ocrx_word' id='word_1_178' title='bbox 988 2686 1149 2764; x_wconf 86' lang='lat' dir='ltr'>fraudem,</span> <span class='ocrx_word' id='word_1_179' title='bbox 1173 2687 1235 2752; x_wconf 92' lang='lat' dir='ltr'>hoc</span> 
     </span>
     <span class='ocr_line' id='line_1_21' title="bbox 54 2789 1274 2874; baseline 0.001 -21"><span class='ocrx_word' id='word_1_180' title='bbox 54 2812 129 2854; x_wconf 85' lang='lat' dir='ltr'>vero</span> <span class='ocrx_word' id='word_1_181' title='bbox 158 2790 229 2853; x_wconf 87' lang='lat' dir='ltr'>istis</span> <span class='ocrx_word' id='word_1_182' title='bbox 258 2791 428 2855; x_wconf 89' lang='lat' dir='ltr'>renuntiat.</span> <span class='ocrx_word' id='word_1_183' title='bbox 475 2793 504 2854; x_wconf 89' lang='lat'>5.</span> <span class='ocrx_word' id='word_1_184' title='bbox 529 2789 603 2854; x_wconf 92' lang='lat' dir='ltr'>Non</span> <span class='ocrx_word' id='word_1_185' title='bbox 635 2810 710 2874; x_wconf 84' lang='lat' dir='ltr'>ergo</span> <span class='ocrx_word' id='word_1_186' title='bbox 745 2813 913 2874; x_wconf 89' lang='lat' dir='ltr'>possumus</span> <span class='ocrx_word' id='word_1_187' title='bbox 944 2793 1111 2857; x_wconf 84' lang='lat' dir='ltr'>amborum</span> <span class='ocrx_word' id='word_1_188' title='bbox 1140 2792 1234 2856; x_wconf 85' lang='lat' dir='ltr'>amici</span> <span class='ocrx_word' id='word_1_189' title='bbox 1248 2816 1274 2854; x_wconf 79' lang='lat' dir='ltr'>uo</span> 
     </span>
     <span class='ocr_line' id='line_1_22' title="bbox 55 2894 1232 2979; baseline 0.003 -21"><span class='ocrx_word' id='word_1_190' title='bbox 55 2916 139 2970; x_wconf 85' lang='lat' dir='ltr'>esse;</span> <span class='ocrx_word' id='word_1_191' title='bbox 164 2899 291 2979; x_wconf 89' lang='lat' dir='ltr'>oportet</span> <span class='ocrx_word' id='word_1_192' title='bbox 314 2901 429 2973; x_wconf 87' lang='lat' dir='ltr'>autem,</span> <span class='ocrx_word' id='word_1_193' title='bbox 453 2899 490 2959; x_wconf 91' lang='lat' dir='ltr'>ut</span> <span class='ocrx_word' id='word_1_194' title='bbox 511 2894 559 2959; x_wconf 90' lang='lat' dir='ltr'>illi</span> <span class='ocrx_word' id='word_1_195' title='bbox 581 2895 799 2959; x_wconf 88' lang='lat' dir='ltr'>renuntiantes</span> <span class='ocrx_word' id='word_1_196' title='bbox 820 2894 881 2960; x_wconf 92' lang='lat' dir='ltr'>hoc</span> <span class='ocrx_word' id='word_1_197' title='bbox 895 2900 1030 2959; x_wconf 88' lang='lat' dir='ltr'>utamur.</span> <span class='ocrx_word' id='word_1_198' title='bbox 1077 2898 1107 2960; x_wconf 87' lang='grc'>6.</span> <span class='ocrx_word' id='word_1_199' title='bbox 1131 2896 1232 2961; x_wconf 85' lang='lat' dir='ltr'>Puta-</span> 
     </span>
     <span class='ocr_line' id='line_1_23' title="bbox 54 2998 1233 3087; baseline 0.003 -24"><span class='ocrx_word' id='word_1_200' title='bbox 54 3021 125 3063; x_wconf 90' lang='lat' dir='ltr'>mus</span> <span class='ocrx_word' id='word_1_201' title='bbox 156 2999 268 3063; x_wconf 86' lang='lat' dir='ltr'>melius</span> <span class='ocrx_word' id='word_1_202' title='bbox 292 3021 375 3076; x_wconf 89' lang='lat' dir='ltr'>esse,</span> <span class='ocrx_word' id='word_1_203' title='bbox 408 3021 488 3083; x_wconf 88' lang='lat' dir='ltr'>quae</span> <span class='ocrx_word' id='word_1_204' title='bbox 510 2998 562 3062; x_wconf 93' lang='lat' dir='ltr'>hic</span> <span class='ocrx_word' id='word_1_205' title='bbox 592 3004 666 3064; x_wconf 89' lang='lat' dir='ltr'>sunt</span> <span class='ocrx_word' id='word_1_206' title='bbox 697 3001 817 3078; x_wconf 90' lang='lat' dir='ltr'>odisse,</span> <span class='ocrx_word' id='word_1_207' title='bbox 852 3001 926 3085; x_wconf 85' lang='lat' dir='ltr'>quia</span> <span class='ocrx_word' id='word_1_208' title='bbox 947 3024 1046 3085; x_wconf 88' lang='lat' dir='ltr'>parva</span> <span class='ocrx_word' id='word_1_209' title='bbox 1069 3007 1102 3066; x_wconf 88' lang='lat' dir='ltr'>et</span> <span class='ocrx_word' id='word_1_210' title='bbox 1124 3002 1233 3087; x_wconf 85' lang='lat' dir='ltr'>exigui</span> 
     </span>
     <span class='ocr_line' id='line_1_24' title="bbox 54 3104 1233 3190; baseline 0.003 -23"><span class='ocrx_word' id='word_1_211' title='bbox 54 3105 209 3188; x_wconf 87' lang='lat' dir='ltr'>temporis</span> <span class='ocrx_word' id='word_1_212' title='bbox 232 3109 264 3168; x_wconf 88' lang='lat' dir='ltr'>et</span> <span class='ocrx_word' id='word_1_213' title='bbox 292 3104 485 3189; x_wconf 88' lang='lat' dir='ltr'>corruptioni</span> <span class='ocrx_word' id='word_1_214' title='bbox 515 3105 653 3169; x_wconf 84' lang='lat' dir='ltr'>obnoxia</span> <span class='ocrx_word' id='word_1_215' title='bbox 675 3110 763 3181; x_wconf 90' lang='lat' dir='ltr'>sunt;</span> <span class='ocrx_word' id='word_1_216' title='bbox 794 3105 851 3169; x_wconf 86' lang='lat' dir='ltr'>iila</span> <span class='ocrx_word' id='word_1_217' title='bbox 873 3111 978 3170; x_wconf 90' lang='lat' dir='ltr'>autem</span> <span class='ocrx_word' id='word_1_218' title='bbox 1002 3106 1150 3190; x_wconf 87' lang='lat' dir='ltr'>diligere,</span> <span class='ocrx_word' id='word_1_219' title='bbox 1181 3111 1233 3170; x_wconf 90' lang='lat' dir='ltr'>ut·</span> 
     </span>
     <span class='ocr_line' id='line_1_25' title="bbox 54 3207 1232 3292; baseline 0.002 -21"><span class='ocrx_word' id='word_1_220' title='bbox 54 3213 132 3291; x_wconf 90' lang='lat' dir='ltr'>pote</span> <span class='ocrx_word' id='word_1_221' title='bbox 162 3210 246 3273; x_wconf 88' lang='lat' dir='ltr'>bona</span> <span class='ocrx_word' id='word_1_222' title='bbox 276 3210 467 3292; x_wconf 90' lang='lat' dir='ltr'>incorrupta.</span> <span class='ocrx_word' id='word_1_223' title='bbox 516 3210 544 3273; x_wconf 87' lang='grc'>7.</span> <span class='ocrx_word' id='word_1_224' title='bbox 569 3208 734 3273; x_wconf 87' lang='lat' dir='ltr'>Facientes</span> <span class='ocrx_word' id='word_1_225' title='bbox 765 3209 849 3273; x_wconf 90' lang='lat' dir='ltr'>enim</span> <span class='ocrx_word' id='word_1_226' title='bbox 882 3210 1081 3273; x_wconf 86' lang='lat' dir='ltr'>voluntatem</span> <span class='ocrx_word' id='word_1_227' title='bbox 1114 3207 1232 3274; x_wconf 83' lang='lat' dir='ltr'>Christi</span> 
     </span>
     <span class='ocr_line' id='line_1_26' title="bbox 54 3313 1276 3397; baseline 0.002 -21"><span class='ocrx_word' id='word_1_228' title='bbox 54 3314 198 3397; x_wconf 89' lang='lat' dir='ltr'>requiem</span> <span class='ocrx_word' id='word_1_229' title='bbox 219 3313 429 3388; x_wconf 89' lang='lat' dir='ltr'>inveniemus;</span> <span class='ocrx_word' id='word_1_230' title='bbox 464 3313 513 3378; x_wconf 91' lang='lat' dir='ltr'>sin</span> <span class='ocrx_word' id='word_1_231' title='bbox 535 3315 649 3392; x_wconf 89' lang='lat' dir='ltr'>minus,</span> <span class='ocrx_word' id='word_1_232' title='bbox 674 3313 756 3377; x_wconf 92' lang='lat' dir='ltr'>nihil</span> <span class='ocrx_word' id='word_1_233' title='bbox 778 3335 836 3378; x_wconf 90' lang='lat' dir='ltr'>nos</span> <span class='ocrx_word' id='word_1_234' title='bbox 860 3314 900 3378; x_wconf 89' lang='lat' dir='ltr'>ab</span> <span class='ocrx_word' id='word_1_235' title='bbox 926 3318 1053 3377; x_wconf 90' lang='lat' dir='ltr'>aeterno</span> <span class='ocrx_word' id='word_1_236' title='bbox 1077 3313 1234 3397; x_wconf 87' lang='lat' dir='ltr'>supplicio</span> <span class='ocrx_word' id='word_1_237' title='bbox 1249 3339 1276 3378; x_wconf 81' lang='lat' dir='ltr'>se</span> 
     </span>
     <span class='ocr_line' id='line_1_27' title="bbox 54 3417 1235 3502; baseline 0.001 -21"><span class='ocrx_word' id='word_1_238' title='bbox 54 3420 179 3502; x_wconf 89' lang='lat' dir='ltr'>eripiet,</span> <span class='ocrx_word' id='word_1_239' title='bbox 204 3418 231 3481; x_wconf 91' lang='lat' dir='ltr'>si</span> <span class='ocrx_word' id='word_1_240' title='bbox 253 3418 404 3482; x_wconf 85' lang='lat' dir='ltr'>mandata</span> <span class='ocrx_word' id='word_1_241' title='bbox 426 3417 512 3482; x_wconf 87' lang='lat' dir='ltr'>illius</span> <span class='ocrx_word' id='word_1_242' title='bbox 528 3419 766 3482; x_wconf 88' lang='lat' dir='ltr'>contemnimus.</span> <span class='ocrx_word' id='word_1_243' title='bbox 814 3420 843 3483; x_wconf 88' lang='lat'>8.</span> <span class='ocrx_word' id='word_1_244' title='bbox 868 3419 955 3483; x_wconf 91' lang='lat' dir='ltr'>Dicit</span> <span class='ocrx_word' id='word_1_245' title='bbox 979 3419 1063 3482; x_wconf 91' lang='lat' dir='ltr'>enim</span> <span class='ocrx_word' id='word_1_246' title='bbox 1078 3419 1235 3502; x_wconf 87' lang='lat' dir='ltr'>scriptura</span> 
     </span>
     <span class='ocr_line' id='line_1_28' title="bbox 54 3521 1236 3604; baseline 0.001 -18"><span class='ocrx_word' id='word_1_247' title='bbox 54 3524 89 3586; x_wconf 91' lang='lat' dir='ltr'>in</span> <span class='ocrx_word' id='word_1_248' title='bbox 111 3521 294 3586; x_wconf 86' lang='lat' dir='ltr'>Ezechiele:</span> <span class='ocrx_word' id='word_1_249' title='bbox 326 3524 364 3586; x_wconf 89' lang='lat' dir='ltr'>Si</span> <span class='ocrx_word' id='word_1_250' title='bbox 386 3526 458 3587; x_wconf 84' lang='lat' dir='ltr'>Noe</span> <span class='ocrx_word' id='word_1_251' title='bbox 481 3533 514 3587; x_wconf 85' lang='lat' dir='ltr'>ei</span> <span class='ocrx_word' id='word_1_252' title='bbox 536 3525 595 3588; x_wconf 86' lang='lat' dir='ltr'>lob</span> <span class='ocrx_word' id='word_1_253' title='bbox 619 3532 651 3587; x_wconf 84' lang='lat' dir='ltr'>ei</span> <span class='ocrx_word' id='word_1_254' title='bbox 674 3526 798 3587; x_wconf 80' lang='lat' dir='ltr'>Daniel</span> <span class='ocrx_word' id='word_1_255' title='bbox 818 3533 1007 3604; x_wconf 66' lang='lat' dir='ltr'>resument,</span> <span class='ocrx_word' id='word_1_256' title='bbox 1029 3543 1094 3587; x_wconf 77' lang='lat' dir='ltr'>cion</span> <span class='ocrx_word' id='word_1_257' title='bbox 1119 3532 1236 3588; x_wconf 77' lang='lat' dir='ltr'>mucci</span> 
     </span>
     <span class='ocr_line' id='line_1_29' title="bbox 55 3626 1233 3711; baseline 0.001 -21"><span class='ocrx_word' id='word_1_258' title='bbox 55 3629 181 3691; x_wconf 82' lang='lat' dir='ltr'>liberos</span> <span class='ocrx_word' id='word_1_259' title='bbox 196 3647 287 3705; x_wconf 79' lang='lat' dir='ltr'>suos,</span> <span class='ocrx_word' id='word_1_260' title='bbox 311 3633 367 3707; x_wconf 82' lang='lat' dir='ltr'>qai</span> <span class='ocrx_word' id='word_1_261' title='bbox 381 3636 460 3690; x_wconf 76' lang='lat' dir='ltr'>sutri</span> <span class='ocrx_word' id='word_1_262' title='bbox 481 3634 517 3691; x_wconf 84' lang='lat' dir='ltr'>in</span> <span class='ocrx_word' id='word_1_263' title='bbox 532 3634 735 3710; x_wconf 72' lang='lat' dir='ltr'>captivitate.</span> <span class='ocrx_word' id='word_1_264' title='bbox 781 3627 811 3692; x_wconf 85' lang='lat'><strong>9.</strong></span> <span class='ocrx_word' id='word_1_265' title='bbox 836 3626 955 3703; x_wconf 87' lang='lat' dir='ltr'>Quodsi</span> <span class='ocrx_word' id='word_1_266' title='bbox 976 3631 1142 3711; x_wconf 87' lang='lat' dir='ltr'>tantopere</span> <span class='ocrx_word' id='word_1_267' title='bbox 1159 3627 1233 3692; x_wconf 89' lang='lat' dir='ltr'>iust&#39;</span> 
     </span>
     <span class='ocr_line' id='line_1_30' title="bbox 54 3731 1233 3816; baseline 0.001 -21"><span class='ocrx_word' id='word_1_268' title='bbox 54 3731 116 3795; x_wconf 82' lang='lat' dir='ltr'>viri</span> <span class='ocrx_word' id='word_1_269' title='bbox 139 3752 202 3795; x_wconf 91' lang='lat' dir='ltr'>non</span> <span class='ocrx_word' id='word_1_270' title='bbox 225 3736 359 3814; x_wconf 89' lang='lat' dir='ltr'>possunt</span> <span class='ocrx_word' id='word_1_271' title='bbox 374 3732 504 3796; x_wconf 89' lang='lat' dir='ltr'>iustitiis</span> <span class='ocrx_word' id='word_1_272' title='bbox 528 3733 592 3796; x_wconf 88' lang='lat' dir='ltr'>suis</span> <span class='ocrx_word' id='word_1_273' title='bbox 616 3753 724 3796; x_wconf 89' lang='lat' dir='ltr'>eruere</span> <span class='ocrx_word' id='word_1_274' title='bbox 739 3731 855 3795; x_wconf 91' lang='lat' dir='ltr'>liberos</span> <span class='ocrx_word' id='word_1_275' title='bbox 878 3753 961 3809; x_wconf 87' lang='lat' dir='ltr'>suos,</span> <span class='ocrx_word' id='word_1_276' title='bbox 984 3754 1052 3809; x_wconf 91' lang='lat' dir='ltr'>nos,</span> <span class='ocrx_word' id='word_1_277' title='bbox 1076 3732 1137 3795; x_wconf 91' lang='lat' dir='ltr'>nisi</span> <span class='ocrx_word' id='word_1_278' title='bbox 1151 3733 1233 3816; x_wconf 85' lang='lat' dir='ltr'>bap-</span> 
     </span>
    </p>
   </div>
   <div class='ocr_carea' id='block_1_3' title="bbox 54 3909 1233 4061">
    <p class='ocr_par' dir='ltr' id='par_1_4' title="bbox 54 3909 1233 4061">
     <span class='ocr_line' id='line_1_31' title="bbox 129 3909 1233 3977; baseline 0.007 -17"><span class='ocrx_word' id='word_1_279' title='bbox 129 3909 170 3961; x_wconf 72' lang='lat' dir='ltr'>li</span> <span class='ocrx_word' id='word_1_280' title='bbox 189 3941 224 3948; x_wconf 97' lang='lat'><em>-</em></span> <span class='ocrx_word' id='word_1_281' title='bbox 242 3910 285 3963; x_wconf 82' lang='lat'>2‘?</span> <span class='ocrx_word' id='word_1_282' title='bbox 303 3941 338 3949; x_wconf 95' lang='lat'>—</span> <span class='ocrx_word' id='word_1_283' title='bbox 357 3911 399 3965; x_wconf 83' lang='lat'>3‘?</span> <span class='ocrx_word' id='word_1_284' title='bbox 416 3943 452 3950; x_wconf 91' lang='lat'><em>-</em></span> <span class='ocrx_word' id='word_1_285' title='bbox 472 3914 503 3967; x_wconf 83' lang='lat'>15</span> <span class='ocrx_word' id='word_1_286' title='bbox 522 3912 585 3965; x_wconf 89' lang='lat' dir='ltr'>Luc.</span> <span class='ocrx_word' id='word_1_287' title='bbox 608 3913 648 3973; x_wconf 89' lang='grc'>16,</span> <span class='ocrx_word' id='word_1_288' title='bbox 669 3914 712 3971; x_wconf 90' lang='grc'>13;</span> <span class='ocrx_word' id='word_1_289' title='bbox 732 3910 833 3965; x_wconf 89' lang='lat' dir='ltr'>Matth.</span> <span class='ocrx_word' id='word_1_290' title='bbox 853 3910 877 3973; x_wconf 88' lang='lat'>6,</span> <span class='ocrx_word' id='word_1_291' title='bbox 897 3912 938 3964; x_wconf 82' lang='lat'><strong>24.</strong></span> <span class='ocrx_word' id='word_1_292' title='bbox 963 3940 993 3951; x_wconf 95' lang='lat'>—</span> <span class='ocrx_word' id='word_1_293' title='bbox 1020 3914 1051 3966; x_wconf 81' lang='lat'>17</span> <span class='ocrx_word' id='word_1_294' title='bbox 1070 3911 1171 3967; x_wconf 85' lang='lat' dir='ltr'>Matth</span> <span class='ocrx_word' id='word_1_295' title='bbox 1194 3915 1233 3977; x_wconf 88' lang='lat'>16,</span> 
     </span>
     <span class='ocr_line' id='line_1_32' title="bbox 54 3995 980 4061; baseline 0.002 -13"><span class='ocrx_word' id='word_1_296' title='bbox 54 3997 105 4058; x_wconf 87' lang='grc'>26;</span> <span class='ocrx_word' id='word_1_297' title='bbox 124 3995 210 4050; x_wconf 87' lang='lat' dir='ltr'>Marc.</span> <span class='ocrx_word' id='word_1_298' title='bbox 229 3996 253 4058; x_wconf 91' lang='lat'>8,</span> <span class='ocrx_word' id='word_1_299' title='bbox 275 3996 321 4058; x_wconf 77' lang='lat'>363</span> <span class='ocrx_word' id='word_1_300' title='bbox 341 3996 405 4050; x_wconf 88' lang='lat' dir='ltr'>Luc.</span> <span class='ocrx_word' id='word_1_301' title='bbox 425 3998 449 4057; x_wconf 86' lang='lat'><strong>9.</strong></span> <span class='ocrx_word' id='word_1_302' title='bbox 469 4000 510 4052; x_wconf 81' lang='lat'><strong>25.</strong></span> <span class='ocrx_word' id='word_1_303' title='bbox 532 4029 564 4038; x_wconf 92' lang='lat'><em>-</em></span> <span class='ocrx_word' id='word_1_304' title='bbox 585 3999 617 4053; x_wconf 81' lang='lat'>27</span> <span class='ocrx_word' id='word_1_305' title='bbox 637 3995 738 4052; x_wconf 85' lang='lat' dir='ltr'>Ezech.</span> <span class='ocrx_word' id='word_1_306' title='bbox 760 4000 799 4061; x_wconf 89' lang='lat'>14,</span> <span class='ocrx_word' id='word_1_307' title='bbox 820 3999 860 4051; x_wconf 80' lang='grc'>14.</span> <span class='ocrx_word' id='word_1_308' title='bbox 880 3997 920 4051; x_wconf 92' lang='grc'>18.</span> <span class='ocrx_word' id='word_1_309' title='bbox 939 3998 980 4051; x_wconf 86' lang='grc'><strong>20.</strong></span> 
     </span>
    </p>
   </div>
   <div class='ocr_carea' id='block_1_4' title="bbox 56 4142 1237 4645">
    <p class='ocr_par' dir='ltr' id='par_1_5' title="bbox 56 4142 1237 4470">
     <span class='ocr_line' id='line_1_33' title="bbox 91 4142 1237 4231; baseline 0.004 -35"><span class='ocrx_word' id='word_1_310' title='bbox 91 4145 116 4196; x_wconf 89' lang='grc'><strong>4.</strong></span> <span class='ocrx_word' id='word_1_311' title='bbox 129 4149 168 4215; x_wconf 76' lang='grc' dir='ltr'>μὴ</span> <span class='ocrx_word' id='word_1_312' title='bbox 174 4150 311 4218; x_wconf 75' lang='grc' dir='ltr'>φοβεῖσθε</span> <span class='ocrx_word' id='word_1_313' title='bbox 319 4144 526 4214; x_wconf 72' lang='lat' dir='ltr'>rci]Similiter</span> <span class='ocrx_word' id='word_1_314' title='bbox 532 4145 633 4199; x_wconf 85' lang='lat' dir='ltr'>Matth.</span> <span class='ocrx_word' id='word_1_315' title='bbox 646 4145 650 4231; x_wconf 64' lang='grc'>1</span> <span class='ocrx_word' id='word_1_316' title='bbox 696 4145 721 4198; x_wconf 90' lang='lat'>4.</span> <span class='ocrx_word' id='word_1_317' title='bbox 740 4143 812 4215; x_wconf 78' lang='grc' dir='ltr'><em>λέγει</em></span> <span class='ocrx_word' id='word_1_318' title='bbox 831 4181 837 4195; x_wconf 87' lang='grc'><strong>.</strong></span> <span class='ocrx_word' id='word_1_319' title='bbox 851 4187 857 4199; x_wconf 90' lang='grc'><strong>.</strong></span> <span class='ocrx_word' id='word_1_320' title='bbox 871 4142 1069 4213; x_wconf 80' lang='grc' dir='ltr'><strong><em>ἀποτάσσεται]</em></strong></span> <span class='ocrx_word' id='word_1_321' title='bbox 1080 4145 1187 4200; x_wconf 85' lang='lat' dir='ltr'>Auctor</span> <span class='ocrx_word' id='word_1_322' title='bbox 1199 4147 1237 4201; x_wconf 89' lang='lat' dir='ltr'>ad</span> 
     </span>
     <span class='ocr_line' id='line_1_34' title="bbox 58 4230 1235 4301; baseline 0.003 -16"><span class='ocrx_word' id='word_1_323' title='bbox 58 4232 99 4294; x_wconf 87' lang='lat'>10,</span> <span class='ocrx_word' id='word_1_324' title='bbox 112 4231 161 4293; x_wconf 82' lang='lat'>28;</span> <span class='ocrx_word' id='word_1_325' title='bbox 180 4231 246 4284; x_wconf 88' lang='lat' dir='ltr'>Luc.</span> <span class='ocrx_word' id='word_1_326' title='bbox 262 4233 302 4294; x_wconf 86' lang='lat'>12,</span> <span class='ocrx_word' id='word_1_327' title='bbox 315 4234 340 4285; x_wconf 86' lang='grc'>4,</span> <span class='ocrx_word' id='word_1_328' title='bbox 353 4233 378 4284; x_wconf 87' lang='grc'>5.</span> <span class='ocrx_word' id='word_1_329' title='bbox 398 4231 439 4286; x_wconf 86' lang='lat' dir='ltr'>cf.</span> <span class='ocrx_word' id='word_1_330' title='bbox 454 4231 539 4286; x_wconf 84' lang='lat' dir='ltr'>Clem.</span> <span class='ocrx_word' id='word_1_331' title='bbox 553 4232 633 4288; x_wconf 85' lang='lat' dir='ltr'>Hom</span> <span class='ocrx_word' id='word_1_332' title='bbox 661 4230 748 4285; x_wconf 90' lang='lat' dir='ltr'>ritum</span> <span class='ocrx_word' id='word_1_333' title='bbox 766 4231 909 4301; x_wconf 89' lang='lat' dir='ltr'>baptismi,</span> <span class='ocrx_word' id='word_1_334' title='bbox 923 4230 1128 4286; x_wconf 86' lang='lat' dir='ltr'>confessionem</span> <span class='ocrx_word' id='word_1_335' title='bbox 1140 4238 1168 4291; x_wconf 90' lang='lat' dir='ltr'>et</span> <span class='ocrx_word' id='word_1_336' title='bbox 1188 4235 1235 4290; x_wconf 83' lang='lat' dir='ltr'>ab·</span> 
     </span>
     <span class='ocr_line' id='line_1_35' title="bbox 56 4316 1187 4387; baseline 0.004 -17"><span class='ocrx_word' id='word_1_337' title='bbox 56 4317 143 4381; x_wconf 86' lang='lat' dir='ltr'>XVII,</span> <span class='ocrx_word' id='word_1_338' title='bbox 162 4318 191 4379; x_wconf 84' lang='lat'>5;</span> <span class='ocrx_word' id='word_1_339' title='bbox 211 4318 278 4372; x_wconf 85' lang='lat' dir='ltr'>inst.</span> <span class='ocrx_word' id='word_1_340' title='bbox 292 4318 372 4387; x_wconf 79' lang='lat' dir='ltr'>Apol.</span> <span class='ocrx_word' id='word_1_341' title='bbox 391 4319 411 4380; x_wconf 94' lang='lat' dir='ltr'>l,</span> <span class='ocrx_word' id='word_1_342' title='bbox 431 4318 479 4381; x_wconf 85' lang='lat'>19;</span> <span class='ocrx_word' id='word_1_343' title='bbox 497 4319 568 4372; x_wconf 83' lang='lat' dir='ltr'>Irem</span> <span class='ocrx_word' id='word_1_344' title='bbox 587 4320 633 4383; x_wconf 86' lang='lat' dir='ltr'>III,</span> <span class='ocrx_word' id='word_1_345' title='bbox 660 4316 905 4381; x_wconf 90' lang='lat' dir='ltr'>renuntiationem,</span> <span class='ocrx_word' id='word_1_346' title='bbox 925 4317 1049 4372; x_wconf 82' lang='lat' dir='ltr'>alludere</span> <span class='ocrx_word' id='word_1_347' title='bbox 1067 4319 1187 4375; x_wconf 87' lang='lat' dir='ltr'>videtur.</span> 
     </span>
     <span class='ocr_line' id='line_1_36' title="bbox 58 4403 1236 4470; baseline 0.003 -9"><span class='ocrx_word' id='word_1_348' title='bbox 58 4405 99 4467; x_wconf 90' lang='lat'>18,</span> <span class='ocrx_word' id='word_1_349' title='bbox 118 4405 150 4466; x_wconf 82' lang='lat'>5;</span> <span class='ocrx_word' id='word_1_350' title='bbox 170 4403 286 4458; x_wconf 81' lang='lat' dir='ltr'>&#39;Pertulh</span> <span class='ocrx_word' id='word_1_351' title='bbox 303 4403 374 4457; x_wconf 89' lang='lat' dir='ltr'><strong>Adv.</strong></span> <span class='ocrx_word' id='word_1_352' title='bbox 392 4406 477 4458; x_wconf 90' lang='lat' dir='ltr'>Marc.</span> <span class='ocrx_word' id='word_1_353' title='bbox 497 4405 544 4470; x_wconf 87' lang='lat' dir='ltr'>IV,</span> <span class='ocrx_word' id='word_1_354' title='bbox 564 4406 605 4460; x_wconf 91' lang='grc'><strong>28.</strong></span> <span class='ocrx_word' id='word_1_355' title='bbox 696 4404 720 4458; x_wconf 88' lang='lat'><strong>8.</strong></span> <span class='ocrx_word' id='word_1_356' title='bbox 739 4408 846 4459; x_wconf 82' lang='lat' dir='ltr'>Auctor</span> <span class='ocrx_word' id='word_1_357' title='bbox 864 4406 956 4458; x_wconf 89' lang='lat' dir='ltr'>locum</span> <span class='ocrx_word' id='word_1_358' title='bbox 975 4403 1128 4460; x_wconf 82' lang='lat' dir='ltr'>Ezechielis</span> <span class='ocrx_word' id='word_1_359' title='bbox 1152 4407 1236 4464; x_wconf 82' lang='lat' dir='ltr'>valde</span> 
     </span>
    </p>

    <p class='ocr_par' dir='ltr' id='par_1_6' title="bbox 90 4489 1234 4574">
     <span class='ocr_line' id='line_1_37' title="bbox 90 4489 1234 4574; baseline 0.006 -28"><span class='ocrx_word' id='word_1_360' title='bbox 90 4494 116 4546; x_wconf 88' lang='grc'><strong>6.</strong></span> <span class='ocrx_word' id='word_1_361' title='bbox 135 4490 278 4564; x_wconf 75' lang='grc' dir='ltr'><strong><em>ἀλλότρια]</em></strong></span> <span class='ocrx_word' id='word_1_362' title='bbox 298 4490 339 4545; x_wconf 81' lang='lat' dir='ltr'>cf.</span> <span class='ocrx_word' id='word_1_363' title='bbox 353 4492 366 4544; x_wconf 93' lang='grc' dir='ltr'><strong>Ι</strong></span> <span class='ocrx_word' id='word_1_364' title='bbox 379 4490 439 4545; x_wconf 86' lang='lat' dir='ltr'>Cor.</span> <span class='ocrx_word' id='word_1_365' title='bbox 454 4493 476 4555; x_wconf 81' lang='lat'>7,</span> <span class='ocrx_word' id='word_1_366' title='bbox 487 4491 598 4546; x_wconf 84' lang='lat'><strong>29-31.</strong></span> <span class='ocrx_word' id='word_1_367' title='bbox 661 4493 808 4547; x_wconf 86' lang='lat' dir='ltr'>abbreviet</span> <span class='ocrx_word' id='word_1_368' title='bbox 822 4493 851 4546; x_wconf 86' lang='lat' dir='ltr'>et</span> <span class='ocrx_word' id='word_1_369' title='bbox 862 4492 950 4546; x_wconf 85' lang='lat' dir='ltr'>verba</span> <span class='ocrx_word' id='word_1_370' title='bbox 970 4489 1000 4549; x_wconf 77' lang='grc' dir='ltr'>ἐν</span> <span class='ocrx_word' id='word_1_371' title='bbox 1018 4495 1052 4564; x_wconf 78' lang='grc' dir='ltr'>τῇ</span> <span class='ocrx_word' id='word_1_372' title='bbox 1063 4491 1234 4574; x_wconf 78' lang='grc' dir='ltr'><strong><em>αἰχμαλωσίᾳ</em></strong></span> 
     </span>
    </p>

    <p class='ocr_par' dir='ltr' id='par_1_7' title="bbox 91 4577 870 4645">
     <span class='ocr_line' id='line_1_38' title="bbox 91 4577 870 4645; baseline 0.003 -14"><span class='ocrx_word' id='word_1_373' title='bbox 91 4579 138 4644; x_wconf 87' lang='lat' dir='ltr'>Vl,</span> <span class='ocrx_word' id='word_1_374' title='bbox 158 4577 183 4632; x_wconf 81' lang='lat'><strong>3.</strong></span> <span class='ocrx_word' id='word_1_375' title='bbox 203 4577 244 4634; x_wconf 82' lang='lat' dir='ltr'><strong>of.</strong></span> <span class='ocrx_word' id='word_1_376' title='bbox 264 4578 318 4631; x_wconf 92' lang='lat' dir='ltr'>Iac.</span> <span class='ocrx_word' id='word_1_377' title='bbox 331 4579 356 4643; x_wconf 81' lang='lat'>4,</span> <span class='ocrx_word' id='word_1_378' title='bbox 369 4579 400 4641; x_wconf 80' lang='lat'>4;</span> <span class='ocrx_word' id='word_1_379' title='bbox 419 4578 433 4631; x_wconf 94' lang='lat' dir='ltr'>I</span> <span class='ocrx_word' id='word_1_380' title='bbox 450 4579 579 4645; x_wconf 82' lang='lat' dir='ltr'>Ioann5,</span> <span class='ocrx_word' id='word_1_381' title='bbox 592 4582 632 4637; x_wconf 89' lang='lat'><strong>19.</strong></span> <span class='ocrx_word' id='word_1_382' title='bbox 661 4581 695 4635; x_wconf 88' lang='lat' dir='ltr'>de</span> <span class='ocrx_word' id='word_1_383' title='bbox 714 4596 765 4635; x_wconf 88' lang='lat' dir='ltr'>suo</span> <span class='ocrx_word' id='word_1_384' title='bbox 783 4579 870 4634; x_wconf 82' lang='lat' dir='ltr'>addit.</span> 
     </span>
    </p>
   </div>
   <div class='ocr_carea' id='block_1_5' title="bbox 0 0 1423 5018">
    <p class='ocr_par' dir='ltr' id='par_1_8' title="bbox 0 0 1423 5018">
     <span class='ocr_line' id='line_1_39' title="bbox 0 0 1423 5018; baseline 0 0"><span class='ocrx_word' id='word_1_385' title='bbox 0 0 1423 5018; x_wconf 95' lang='lat' dir='ltr'> </span> 
     </span>
    </p>
   </div>
  </div>
 </body>
</html>
