2834 5018
10 21 642 323 -
659 312 727 323 ann-¹·
743 312 747 317 ¹
767 314 783 325 ι.
805 314 816 321 υ
879 316 980 327 ι-ιι-.-.
989 320 1053 327 —.-=
1065 320 1153 329 --ι-ιιι-
1277 326 1283 331 .

399 720 401 725 ,
507 661 556 715 ΑΙ)
576 660 655 716 COR.
676 660 697 724 Ι,
716 659 803 725 3-11,
820 661 845 714 6.
1200 665 1262 729 101

89 839 175 904 vobis
208 838 297 903 facta
328 843 419 917 sunt,
451 844 483 903 et
512 839 545 903 in
576 839 626 902 dei
657 838 810 924 legitimis
842 839 1046 915 ambulastis,
1076 838 1266 923 praepositis

90 944 197 1008 vestris
228 943 349 1009 subditi
373 949 404 1007 et
434 944 587 1021 seniores,
620 944 769 1026 quisunt
798 944 975 1020 intervos,
1011 944 1117 1008 debito
1146 944 1266 1008 honore

89 1053 328 1132 prosequentes;
361 1049 543 1124 iuvenibus,
577 1053 613 1112 ut
640 1049 804 1113 moderata
836 1053 868 1112 et
897 1048 1030 1112 honesta
1060 1052 1264 1126 sectarentur,

90 1154 281 1229 mandastis;
309 1155 455 1219 mulieres
477 1155 511 1218 in
533 1153 728 1238 inculpabili,
752 1153 887 1217 honesta
909 1157 941 1217 et
964 1156 1051 1216 casta
1074 1152 1266 1216 conscientia

89 1260 192 1323 omnia
213 1280 368 1344 peragere
390 1260 536 1336 iussistis,
560 1260 729 1343 diligentes
751 1258 883 1322 maritos
906 1279 988 1334 suos,
1013 1262 1108 1340 prout
1123 1256 1292 1321 officiumr

90 1363 239 1445 postulat,
264 1368 296 1428 et
311 1365 345 1427 in
366 1364 584 1427 oboedientiae
600 1383 717 1427 canone
740 1384 773 1426 se
790 1362 985 1425 continentes
1008 1383 1058 1426 res
1077 1361 1266 1426 domesticas

91 1487 156 1530 cum
181 1468 341 1551 gravitate
357 1468 577 1533 administrare
593 1468 753 1546 docuistis,
770 1467 898 1531 omnino
913 1467 1045 1531 honeste
1062 1489 1095 1532 se
1111 1473 1263 1552 gerentes.

172 1571 213 1635 H.
239 1572 356 1636 Omnes
371 1573 484 1637 humili
508 1573 612 1637 animo
628 1574 733 1650 eratis,
757 1574 791 1637 in
814 1573 903 1636 nulla
917 1593 951 1636 re
973 1572 1060 1636 inani
1077 1572 1266 1657 gloriatione

91 1677 193 1752 dediti,
218 1675 291 1740 aliis
314 1677 451 1742 subiecti
473 1677 581 1760 potius
605 1700 699 1760 quam
723 1678 802 1741 alios
826 1678 915 1741 vobis
939 1676 1139 1755 subicientes
1163 1677 1265 1741 liben-

90 1781 148 1845 tius
180 1782 293 1845 dantes
326 1805 420 1866 quam
454 1782 662 1866 accipientes;
698 1781 816 1846 Christi
849 1782 966 1846 viatico
1000 1782 1139 1847 contenti
1174 1782 1266 1866 eique
1279 1798 1304 1837 ιθ

91 1886 227 1949 animum
251 1887 456 1950 adtendentes
479 1889 575 1952 verba
597 1889 698 1971 ipsius
715 1886 882 1970 diligenter
905 1909 942 1950 ac
964 1909 1036 1950 cum
1052 1909 1156 1951 amore
1179 1908 1266 1950 com·

90 1989 172 2072 plexi
195 1991 308 2066 eratis,
331 1996 373 2060 ,et
394 1993 559 2075 passiones
583 1994 649 2056 eius
673 1993 763 2057 vobis
786 2013 862 2075 prae
884 1991 984 2055 oculis
1008 1991 1265 2056 obversabantur.

92 2095 118 2158 2.
143 2094 196 2160 Sic
221 2095 289 2160 alta
319 2101 351 2160 et
374 2098 538 2160 abundans
570 2120 634 2181 pax
658 2119 729 2161 cum
758 2095 943 2180 inexplebili
972 2095 1188 2158 benefaciendi
1210 2095 1265 2157 de·

93 2200 203 2264 siderio
235 2201 382 2265 omnibus
411 2201 485 2265 duta
516 2201 594 2276 fuit3
626 2202 722 2285 plena
745 2201 840 2265 etiam
873 2221 968 2283 super
997 2220 1104 2263 omnes
1137 2198 1266 2282 spiritus

92 2305 189 2369 sancti
212 2304 326 2368 effusio
350 2303 437 2369 facta
459 2311 522 2384 est;
561 2308 590 2370 3.
615 2311 786 2389 sanctaque
815 2305 978 2368 voluntate
1008 2303 1112 2388 pleni,
1145 2304 1267 2367 sincera
1281 2319 1305 2357 1⁶

93 2410 184 2472 animi
208 2409 390 2484 alacritate,
424 2431 495 2473 cum
518 2410 573 2494 pia
595 2410 796 2487 confidentia,
832 2431 944 2473 manus
967 2413 1088 2472 vestras
1111 2408 1151 2472 ad
1174 2408 1266 2471 deum

92 2513 339 2597 omnipotentem
370 2515 572 2591 extendistis,
606 2513 823 2599 supplicantes
858 2514 905 2591 ei,
938 2518 975 2577 ut
998 2516 1080 2576 esset
1112 2533 1189 2596 erga
1211 2532 1266 2575 vos

94 2619 195 2682 animo
219 2618 370 2702 propitio,
395 2620 421 2683 si
438 2619 513 2703 quid
534 2619 626 2683 inviti
641 2619 838 2702 peccassetis.
885 2620 915 2681 4.
939 2617 1004 2682 Diu
1026 2623 1186 2701 noctuque
1200 2615 1267 2680 sol·

93 2719 168 2785 liciti
191 2722 288 2785 eratis
312 2744 370 2806 pro
394 2724 538 2787 universa
561 2723 772 2800 fraternitate,
796 2727 832 2786 ut
853 2743 1003 2786 numerus
1025 2721 1196 2786 electorum
1218 2719 1268 2783 dei

93 2846 160 2890 cum
181 2826 398 2890 misericordia
420 2831 453 2891 et
475 2828 666 2892 conscientia
689 2827 824 2891 salutem
848 2832 1101 2911 consequeretur.
1149 2828 1177 2890 5.
1194 2825 1266 2890 Sin·
1281 2840 1306 2880 2⁰

93 2931 151 2994 ceri
175 2935 207 2994 et
238 2930 397 3013 simplices
430 2930 526 2995 eratis
556 2936 652 3014 atque
684 2931 868 2994 iniuriarum
896 2931 1030 2995 invicem
1059 2930 1266 2994 immemores.

93 3036 120 3098 6.
144 3035 267 3100 Seditio
291 3036 393 3099 omnis
417 3041 448 3099 et
472 3036 608 3100 scissura
629 3036 720 3099 vobis
744 3035 970 3099 abominationi
994 3038 1074 3109 erat3
1107 3034 1267 3117 proximo·

93 3224 114 3284 5,
133 3225 175 3278 21.
194 3255 229 3264 -
247 3226 368 3291 διδόντες
384 3227 454 3295 κτλ]
483 3225 523 3280 Cf.
543 3227 605 3280 Act.
624 3228 665 3292 20,
693 3228 752 3281 tivo
780 3225 966 3287 construitur,
996 3223 1031 3276 cf.
1050 3221 1137 3276 Exod.
1156 3222 1198 3281 24,
1218 3221 1267 3282 11;

93 3310 131 3364 35.
150 3343 185 3350 -
210 3309 244 3367 τὰ
263 3309 361 3382 ἐφόδια
380 3322 430 3369 τοῦ
447 3315 581 3386 Χριστοῦ]
602 3317 668 3368 sunt
693 3314 745 3368 les.
760 3317 780 3378 1,
795 3314 834 3368 10.
853 3312 883 3365 Si
892 3311 977 3365 lectio
987 3314 1112 3384 Χριστοῦ
1124 3307 1267 3377 recipitur,

94 3398 172 3461 dona,
192 3396 296 3465 quibus
315 3398 344 3450 in
362 3399 468 3452 militia
479 3404 579 3454 nostra
597 3402 666 3455 chri·
694 3400 809 3454 verbum
830 3399 926 3468 potius
946 3415 1009 3452 cum
1032 3393 1268 3466 praecedentibus

92 3485 184 3538 aliana
209 3502 280 3554 opus
309 3488 359 3538 est.
390 3485 419 3539 Si
445 3486 572 3542 Clemens
598 3495 668 3545 θεοῦ
695 3486 920 3556 coniungendam
934 3487 986 3540 est.
1004 3516 1039 3524 -
1056 3487 1212 3555 παθήματα
1223 3478 1269 3537 αὖ·

93 3573 138 3641 (A)
155 3589 208 3641 pro
218 3576 343 3644 Χριστοῦ
361 3572 511 3642 scripserit,
533 3575 666 3629 dadonis
694 3575 754 3643 τοῦ]
774 3591 810 3627 sc.
830 3581 880 3630 τοῦ
898 3577 1030 3646 Χριστοῦ.
1057 3570 1224 3626 cf.1100r.
1245 3569 1267 3632 l,

93 3657 226 3725 loquitur,
247 3675 320 3724 quae
339 3659 376 3711 ad
396 3677 496 3730 corpus
510 3664 667 3716 sustentari·
694 3663 725 3724 5;
743 3661 755 3713 I
774 3662 849 3715 Petr.
867 3662 891 3721 4,
913 3661 960 3721 13;
979 3661 1002 3721 5,
1025 3662 1047 3712 l.

93 3745 156 3798 dum
173 3744 327 3814 pertinent,
339 3748 383 3799 vel
403 3747 437 3800 de
456 3750 612 3818 sumptibus
632 3751 667 3804 ad
728 3749 753 3801 4.
774 3746 973 3818 saraptanae]
993 3746 1035 3801 Cf.
1054 3748 1066 3800 I
1085 3746 1158 3799 Petr.
1178 3745 1202 3805 2,
1224 3746 1269 3805 17;

92 3832 178 3884 vitam
208 3834 383 3887 necessariis.
420 3835 560 3902 Equidem
589 3836 717 3927 illamp'r,
737 3835 767 3896 9;
785 3834 878 3904 Polyc.
897 3834 970 3888 Phil.
986 3832 1024 3894 10,
1041 3835 1062 3887 1.
1083 3864 1117 3871 -
1134 3831 1195 3901 μετ’
1214 3828 1270 3886 ἐλέ-

92 3918 242 3973 lectionem
269 3936 327 3973 non
356 3921 446 3975 solum
473 3926 581 3988 testes,
618 3923 753 3991 sedpove]
775 3922 792 3975 i·
807 3939 829 3975 e·
849 3921 1050 3983 msericordias
1070 3919 1269 3986 εΙῑῙὶῑΠῙῨῐῑῑῖΐθ8

92 4006 177 4060 etiam
188 4007 352 4060 contextum
362 4009 515 4079 respiciens
529 4013 666 4081 praefero.
680 4009 768 4103 §inter
795 4026 855 4063 sese
884 4008 1026 4062 adhibent.
1065 4004 1198 4059 Similiter
1216 4021 1271 4058 vox

93 4093 219 4148 Clemens
238 4093 332 4147 dicere
350 4095 479 4160 videtur,
508 4097 668 4152 Corinthios
680 4124 683 4159 :
694 4098 846 4166 συνείδησις
864 4096 898 4148 de
910 4094 1084 4150 conscientia
1095 4093 1214 4146 fratrum
1223 4107 1272 4144 seu

92 4180 165 4235 bona
189 4184 302 4235 terrena
326 4183 410 4237 malle
430 4185 496 4239 dare
520 4202 604 4251 quam
625 4164 730 4243 ac-lde
749 4182 910 4252 cognitione
933 4180 1126 4249 intellegenda
1151 4195 1212 4232 esse
1231 4177 1271 4231 vi·

93 4267 193 4337 cipere.
214 4285 279 4321 cum
300 4268 439 4324 aChristo
449 4271 525 4326 bona
535 4272 670 4325 caelestia
696 4269 786 4332 detur,
806 4285 891 4335 quarn
905 4267 955 4322 alii
974 4269 1008 4322 de
1019 4266 1137 4321 aliomm
1156 4264 1272 4319 infirmi·

93 4356 254 4425 acceperint
282 4355 374 4422 iisque
403 4360 531 4413 contenti
551 4359 616 4416 sint.
633 4390 669 4398 —
695 4357 756 4410 tate
769 4356 798 4409 et
816 4353 1012 4408 imbecillitate
1023 4353 1130 4407 habent
1148 4354 1177 4406 id
1187 4368 1271 4422 agen-

92 4440 287 4513 προσέχοντες]
296 4441 420 4496 Verbum
431 4462 448 4498 a
456 4445 596 4500 nonnullis
607 4462 669 4499 cum
682 4464 684 4549 p
696 4444 747 4506 tes,
766 4445 799 4496 ut
817 4442 896 4510 ipsos
916 4442 1104 4496 corroborent.
1132 4471 1165 4480 -
1192 4438 1271 4511 &prb

92 4533 233 4601 particula
251 4537 388 4601 sequente
416 4533 613 4601 coniungitur,
642 4532 751 4681 etpubv
770 4549 793 4585 τ.
814 4527 879 4598 dach]
900 4529 941 4584 Cf.
955 4529 997 4593 58,
1017 4531 1046 4591 2;
1065 4530 1106 4592 59,
1126 4528 1158 4590 2;
1183 4526 1270 4595 Apoc.

94 4619 219 4686 profecto
246 4637 451 4687 nonnunquam
476 4636 539 4672 curn
558 4633 669 4672 accusa·
697 4617 721 4679 7,
740 4618 773 4679 4;
792 4616 886 4672 Const.
907 4634 951 4687 ap.
971 4616 1004 4680 V,
1026 4617 1072 4679 15;
1091 4614 1164 4676 VIII,
1183 4614 1225 4666 22.
