2834 5018
166 310 299 376 LXXVI
571 318 574 323 ·
616 304 900 361 esocnoounnn.

255 486 352 551 Porro
375 486 493 561 dicunt,
517 485 550 548 in
565 482 711 568 epistulis
734 483 909 548 haereticos
924 483 1115 568 impugnari,
1141 485 1196 568 qui
1218 486 1345 549 saeculo

166 592 199 657 ΙΙ
220 592 348 655 ineunte
362 590 502 654 nondum
516 588 644 666 fuerint,
670 592 702 652 et
724 593 898 672 provocant
913 589 1059 672 inprimis
1082 590 1123 655 ad
1137 590 1246 674 Magn.
1265 591 1295 667 8,
1314 593 1343 669 2,

166 698 222 762 ubi
245 699 354 761 auctor
382 696 423 760 ad
450 693 607 758 haeresim
629 691 793 757 Valentini
821 691 943 757 alludat
974 693 1095 758 dicens:
1129 690 1223 776 λόγος
1246 693 1344 768 ἀΐδιος

166 801 225 862 οὐκ
247 800 310 861 ἀπὸ
333 807 421 881 σιγῆς
435 794 613 878 προελθὼν.
659 797 722 863 Sed
743 798 846 881 primo
862 799 1052 881 respondere
1074 798 1158 875 licet,
1182 798 1345 882 Ignatium

166 906 213 970 ita
234 906 397 990 scripsisse
428 925 492 968 non
525 924 592 967 esse
625 907 752 967 certum.
799 901 949 985 Namque
980 904 1078 967 verba
1110 901 1206 976 ἀΐδιος
1230 903 1289 965 οὐκ
1311 904 1345 967 in

166 1011 307 1075 versione
331 1009 508 1074 armeniaca
531 1011 562 1071 et
585 1008 669 1091 apud
692 1006 842 1072 Severum
865 1007 1102 1073 Antiochenum
1135 1010 1249 1074 desunt
1271 1014 1304 1073 et
1326 1032 1346 1073 a

166 1115 295 1180 librario
318 1113 420 1178 textui
441 1113 561 1176 inserta
583 1132 652 1175 esse
676 1111 828 1175 videntur.
876 1109 924 1175 cf.
949 1113 1088 1177 adnotat.
1114 1115 1154 1179 ad
1175 1114 1206 1178 h.
1224 1114 1246 1178 l.
1283 1114 1346 1179 Sed

166 1220 226 1286 etsi
249 1220 290 1284 ab
314 1222 441 1283 auctore
464 1216 535 1299 ipso
558 1215 675 1299 scripta
695 1218 809 1293 essent,
833 1237 897 1280 non
919 1222 1112 1300 sequeretur,
1137 1241 1209 1283 eum
1224 1219 1344 1285 Valen-

165 1327 269 1390 tinum
292 1323 475 1388 Gnosticum
497 1342 573 1404 prae
596 1319 696 1384 oculis
718 1319 875 1384 habuisse.
922 1319 1020 1385 Recte
1042 1322 1108 1386 iam
1130 1321 1252 1388 Ussher
1275 1325 1344 1388 ani·

165 1429 352 1504 madvertit,
384 1429 465 1490 teste
494 1425 623 1490 Irenaeo
655 1423 736 1488 Adv.
761 1424 848 1489 haer.
872 1424 897 1503 I,
924 1426 1009 1499 11,1
1044 1427 1251 1492 Valentinum
1281 1451 1345 1492 non

166 1537 305 1621 primum
327 1534 365 1597 de
388 1531 463 1615 Siga
490 1530 671 1594 fabulatum
694 1530 802 1605 esse¹,
837 1536 870 1594 et
893 1551 909 1594 e
931 1529 1116 1615 Philosoph.
1141 1531 1197 1609 VI,
1224 1532 1264 1597 18
1288 1556 1343 1616 ap·

165 1642 274 1724 paret,
307 1637 494 1723 praesertim
516 1634 676 1699 Simonem
699 1633 831 1719 Magum
861 1635 894 1698 in
917 1640 1088 1719 systemate
1119 1658 1176 1701 suo
1199 1638 1345 1721 gnostico

165 1752 204 1826 τγγ
226 1751 298 1826 σιγῇ
321 1743 426 1808 locum
450 1740 579 1805 dedisse.
626 1738 772 1816 Accedit,
797 1740 882 1823 quod
902 1740 999 1804 verba
1020 1741 1140 1825 Ignatii
1162 1742 1202 1806 ad
1223 1742 1344 1806 Valen-

164 1849 224 1913 tini
254 1853 393 1933 systema
423 1847 518 1932 plane
548 1867 612 1910 non
642 1846 818 1929 quadrant,
852 1846 970 1930 quippe
1002 1847 1057 1930 qui
1083 1847 1140 1927 τὴν
1163 1848 1253 1929 σιγὴν
1281 1870 1344 1913 non

164 1952 218 2015 τὸν
241 1949 354 2034 λόγον,
387 1952 443 2017 sed
464 1949 517 2011 τὸν
540 1957 612 2011 νοῦν
642 1949 772 2033 gignere
803 1949 913 2014 doceat
935 1949 1070 2033 (Irenl,
1095 1948 1184 2031 1,1).
1231 1951 1344 2036 Neque

165 2056 482 2142 praetermittendum
497 2059 555 2130 est,
578 2053 748 2119 nonnullos
764 2053 987 2119 Gnosticorum
1003 2056 1179 2120 doctrinam
1202 2056 1259 2120 illo
1275 2056 1344 2121 loco

165 2163 279 2246 respici
302 2162 430 2226 omnino
453 2160 623 2233 dubitasse,
647 2163 832 2237 statuentes,
856 2161 961 2225 verbis
983 2160 1043 2221 οὐκ
1066 2159 1129 2221 ἀπὸ
1151 2168 1241 2243 σιγῆς
1264 2179 1342 2241 προ-

165 2263 272 2330 ελθὼν
295 2267 393 2330 verba
421 2263 642 2349 praecedentia
665 2264 698 2336 ὅς
721 2261 804 2326 ἐστιν
837 2264 933 2326 αὐτοῦ
956 2262 1049 2347 λόγος
1078 2263 1176 2338 ἀΐδιος
1205 2267 1345 2332 breviter

165 2370 325 2454 explicari,
349 2371 395 2433 ita
416 2374 452 2433 ut
474 2389 583 2433 sensus
607 2369 663 2432 sit:
697 2370 846 2450 certum,
867 2370 1013 2453 inquam,
1038 2380 1211 2436 oeternum
1234 2391 1300 2434 non
1323 2391 1345 2434 a

164 2477 300 2539 silentio
318 2480 538 2557 proveniens,
569 2478 606 2537 ut
626 2474 756 2538 verbum
780 2495 835 2538 seu
858 2496 960 2539 sermo
983 2476 1093 2552 omnis,
1118 2476 1173 2560 qui
1196 2480 1343 2540 aeternus

163 2601 227 2644 non
251 2584 300 2643 est
310 2576 333 2642 ².
379 2578 592 2663 Interpolator
621 2577 767 2662 profecto
790 2578 893 2642 locum
923 2579 1033 2643 eodem
1060 2581 1153 2644 modo
1184 2579 1345 2644 intellexit

163 2685 268 2748 verbis
291 2683 350 2744 οὐκ
372 2682 435 2744 ἀπὸ
457 2690 544 2765 σιγῆς
558 2678 726 2762 προελθὼν
749 2681 828 2747 haec
841 2683 1056 2749 substituens:
1082 2684 1119 2745 οὐ
1144 2682 1246 2766 ῥητός,
1270 2681 1342 2744 ἀλλ’

164 2784 334 2871 οὐσιώδης·
367 2786 404 2847 οὐ
426 2784 486 2868 γάρ
509 2783 573 2847 ἐστι
597 2782 707 2858 λαλιᾶς
730 2783 886 2866 ἐνάρθρου
909 2783 1059 2870 φώνημα,
1093 2784 1164 2849 ἀλλ’
1188 2785 1344 2871 ἐνεργείας

164 2893 276 2975 θεϊκῆς
306 2889 397 2953 οὐσία
424 2887 567 2973 γεννητή.
611 2890 793 2975 Utcumque
824 2895 929 2955 autern
960 2915 1010 2957 res
1040 2915 1074 2958 se
1104 2893 1219 2969 habet,
1255 2893 1344 2958 locus

164 2998 293 3063 minime
316 3001 365 3061 est
387 3017 491 3074 causa,
514 2999 551 3059 ut
573 2995 744 3079 epistulam
766 2991 892 3079 Ignatio
922 2997 1145 3062 abiudicemus.
1191 2997 1242 3061 Er
1266 3020 1342 3062 con·

163 3102 261 3167 trario
293 3100 556 3165 verisimillimum
579 3106 641 3176 est,
674 3098 702 3164 si
729 3098 878 3164 falsarius
909 3107 984 3186 post
1012 3102 1151 3167 medium
1182 3103 1344 3168 saeculum

164 3207 336 3271 secundum
359 3227 429 3270 eam
451 3203 638 3270 confecisset
660 3204 756 3287 idque
778 3225 816 3268 eo
839 3205 958 3281 animo,
982 3211 1019 3271 nt
1042 3208 1226 3291 episcopatu
1248 3208 1342 3271 insti·

164 3315 234 3376 tuto
265 3311 316 3375 vel
349 3311 552 3375 corroborato
588 3307 753 3373 ecclesiam
791 3308 981 3374 catholicam
1015 3316 1125 3376 contra
1157 3312 1343 3376 haereseum

164 3417 302 3501 impetus
314 3415 497 3481 defenderet
506 3414 529 3492 ³,
553 3413 622 3478 fore
634 3417 670 3477 nt
681 3413 777 3497 plane
790 3413 853 3477 alio
866 3416 958 3479 modo
972 3416 1008 3479 de
1020 3415 1188 3481 haereticis
1201 3416 1342 3481 dixisset.

252 3520 286 3586 Si
307 3521 470 3605 Ignatium
493 3518 598 3593 audis,
625 3517 810 3600 paucissimi
831 3518 997 3584 haereticis
1021 3542 1112 3586 aures
1135 3522 1288 3586 dederunt
1312 3526 1345 3585 et

164 3625 404 3709 Philadelphiae
427 3628 551 3688 tanturn
566 3623 679 3699 evenit,
703 3629 740 3687 ut
761 3622 906 3686 nonnulli
928 3625 961 3688 in
984 3646 1092 3690 eorum
1106 3629 1214 3708 partes
1236 3631 1342 3690 trans·

165 3729 249 3795 irent
271 3736 304 3794 et
332 3730 372 3794 ab
405 3729 528 3793 unitate
562 3727 713 3792 ecclesiae
747 3748 780 3791 se
814 3735 1007 3812 separarent.
1054 3729 1212 3814 Ephesios
1237 3731 1281 3811 (6,
1308 3729 1342 3812 2)

164 3840 271 3900 autem
293 3835 404 3900 laudat
426 3834 594 3899 Onesimus
617 3833 800 3917 episcopus,
826 3834 910 3917 quod
932 3856 1040 3899 omnes
1063 3836 1235 3900 secundum
1257 3836 1341 3899 reri-

163 3945 264 4006 tatem
293 3940 456 4005 ambulant
484 3959 541 4002 nec
563 3937 631 4002 ulla
660 3937 799 4001 haeresis
821 3938 854 4001 in
884 3938 962 4022 ipsis
992 3940 1159 4005 inhabitat.
1206 3941 1341 4024 Magne·

235 4098 248 4150 1
268 4093 417 4165 Appendix
434 4092 593 4163 Ignatiana.
630 4088 783 4144 Praefatio.

233 4183 250 4236 2
268 4178 420 4248 Dionysius
438 4179 570 4233 Petavius
590 4181 619 4232 et
637 4179 769 4239 Pearson,
790 4175 938 4230 vindiciae
956 4177 983 4231 ΙΙ
1001 4194 1023 4231 c.
1042 4180 1067 4231 4.

235 4267 252 4322 3
270 4269 352 4331 Baur,
376 4265 458 4320 Ueber
476 4266 528 4320 dm
550 4264 693 4334 Urspranp
711 4264 758 4318 des
777 4263 942 4332 Episcopum
960 4264 979 4317 1.
998 4281 1020 4318 c.
1039 4281 1066 4333 p.
1086 4264 1135 4319 173
1154 4281 1196 4332 sq.
