2834 5018
488 598 681 653 BARNABAE
699 598 885 654 EPISTULA.
1148 607 1272 673 XXVII

88 797 163 860 quae
186 797 206 839 a
231 776 302 840 Deo
325 777 453 860 optimo
476 782 677 860 acceperant,
710 777 798 845 dicit,
824 799 856 840 se
879 779 918 841 iis
942 779 1118 863 scripsisse,
1144 788 1179 846 ut
1202 805 1272 848 cum

87 882 145 945 fide
167 881 349 964 perfectam
374 881 528 945 haberent
551 882 781 966 cognitionem,
815 887 884 946 turn
908 883 981 966 quia
1004 885 1090 967 ipsos
1115 886 1270 970 diligeret,

87 994 152 1050 tum
187 987 264 1071 quia
287 987 465 1051 mercedem
491 986 563 1049 inde
586 990 791 1069 exspectaret.
839 986 917 1051 Tres
940 989 1180 1055 constitutiones
1204 992 1271 1056 Do-

86 1093 205 1156 minum
239 1092 363 1157 dedisse
397 1095 429 1155 et
455 1091 626 1174 praeterita
654 1094 686 1154 et
716 1092 895 1175 praesentia
927 1096 958 1154 et
988 1092 1096 1157 futura
1125 1101 1200 1159 nota
1223 1098 1270 1161 fe-

87 1196 164 1260 cisse
189 1197 229 1279 (o.
250 1195 292 1277 1).
331 1195 575 1260 Iustificationes
591 1195 720 1259 Domini
743 1196 844 1280 igitur
866 1197 1073 1281 exquirendas
1095 1221 1171 1263 esse.
1210 1202 1272 1266 Per

87 1322 194 1365 omnes
228 1301 405 1385 prophetas
434 1301 538 1365 Deum
570 1301 754 1375 ostendisse,
786 1322 842 1364 nec
866 1302 1020 1367 sacrificia
1041 1325 1099 1367 nec
1121 1305 1272 1370 ieiunium

90 1427 154 1468 sese
178 1406 272 1481 uelle,
297 1407 352 1470 sed
377 1428 431 1470 cor
446 1407 616 1471 contritum
639 1410 671 1469 et
690 1406 945 1475 misericordiam,
969 1429 1009 1471 ne
1027 1414 1180 1492 tanquam
1195 1434 1270 1494 pro·

90 1510 181 1593 selyti
212 1510 404 1575 Iudaeorum
434 1512 499 1596 legi
522 1511 736 1594 affligeremur
764 1511 801 1593 (c.
827 1513 934 1590 2-3).
981 1511 1030 1576 De
1052 1517 1271 1596 praesentibus

90 1615 186 1699 igtur
217 1615 387 1699 diligenter
416 1617 671 1699 investigandum
705 1638 788 1691 esse,
821 1617 895 1699 quid
927 1639 985 1681 nos
1015 1618 1136 1683 salvare
1158 1621 1270 1704 possit.

90 1718 229 1803 Fugiunt
250 1721 358 1784 omnia
381 1742 477 1804 opera
507 1721 694 1804 iniquitatis
742 1720 818 1784 Dies
847 1721 948 1784 malos
971 1744 1056 1798 esse,
1082 1728 1113 1786 et
1136 1725 1270 1807 impleri,

90 1845 169 1906 quae
194 1822 309 1888 Daniel
340 1824 379 1888 de
401 1847 498 1908 parvo
529 1847 625 1889 cornu
653 1824 901 1909 prophetaverit.
949 1824 1060 1910 Neque
1085 1827 1272 1892 Iudaeomm

89 1929 188 1992 instar
219 1933 389 2017 peccatum
419 1931 508 2014 parvi
532 1930 658 2003 ducant,
691 1929 810 2013 quippe
842 1930 896 2012 qui
919 1935 1145 1996 testamentum
1167 1933 1271 2015 possi-

88 2033 198 2108 deant;
230 2056 369 2118 namque
398 2034 479 2097 sicut
508 2033 581 2097 illos
614 2034 660 2098 ita
690 2034 778 2117 ipsos
803 2054 927 2116 quoque
951 2039 1174 2100 testamentum
1197 2059 1271 2121 per-

88 2138 161 2200 dere
192 2143 223 2201 et
255 2160 272 2202 e
304 2160 404 2222 regno
427 2138 557 2202 Domini
588 2138 644 2202 eici
673 2159 776 2221 posse,
811 2159 881 2200 cum
904 2137 997 2201 multi
1020 2139 1145 2222 quidem
1168 2142 1272 2205 vocati

88 2243 160 2315 sint,
184 2243 278 2326 pauci
301 2264 376 2306 vero
400 2242 492 2307 electi
516 2241 554 2324 (c.
573 2241 616 2323 4).
651 2242 823 2306 Dominum
837 2240 1002 2324 prophetis
1018 2245 1271 2324 praenuntianti-

89 2347 158 2423 buS,
182 2346 308 2412 Iudaeis
331 2369 406 2411 vero
429 2369 493 2411 non
513 2347 781 2431 intellegentibus,
805 2351 976 2429 propterea
991 2368 1119 2429 passum
1136 2369 1212 2419 esse,
1236 2353 1273 2412 ut

85 2474 146 2516 nos
176 2475 234 2536 per
266 2452 454 2535 sanguinem
485 2452 584 2535 ipsius
615 2450 891 2524 sanctificaremur,
923 2455 1054 2532 peccata
1085 2450 1272 2518 Iudaeorum

86 2562 195 2620 erstem
219 2561 523 2621 consummarentur.
570 2555 607 2620 In
631 2555 790 2620 Christum
815 2575 902 2637 erge,
928 2554 980 2638 qui
1004 2556 1146 2620 incarne
1170 2580 1271 2640 appa-

85 2662 187 2725 ruerit
219 2666 251 2725 et
282 2660 476 2725 habitaverit
506 2661 540 2724 in
568 2659 669 2733 nobis
703 2658 892 2722 credendum
924 2679 960 2721 ac
981 2660 1171 2741 sperandum
1194 2682 1270 2724 esse.

83 2767 201 2831 Eidem
231 2766 265 2829 in
298 2766 445 2829 omnibus
476 2765 595 2849 gratias
629 2763 766 2848 agendas
797 2783 865 2825 esse
888 2783 924 2825 ac
946 2760 1056 2825 laudes
1080 2764 1271 2839 offerendas;

82 2894 152 2936 non
175 2871 259 2935 enim
283 2894 355 2935 eum
378 2893 506 2954 passum
529 2892 597 2934 esse
612 2869 676 2933 nisi
690 2873 821 2952 propter
838 2888 904 2939 nos,
930 2865 1043 2949 quibus
1059 2867 1164 2930 omnia
1180 2889 1272 2950 prae-

83 2976 314 3040 monstraverit
337 2974 446 3056 (5-7,
464 2974 507 3056 2).

178 3077 301 3155 Quibus
331 3079 481 3162 expositis
508 3078 672 3142 Barnabas
704 3077 772 3161 agit
801 3078 839 3139 de
869 3075 1004 3160 singulis
1035 3077 1119 3159 typis
1144 3075 1271 3151 Christi,

84 3185 127 3248 de
150 3184 350 3248 caerimoniis
374 3184 450 3248 festi
473 3184 641 3267 expiatorii
666 3182 708 3264 (7,
725 3180 856 3262 3-11),
881 3181 919 3244 de
934 3203 1030 3245 vacca
1053 3184 1148 3247 mbra
1172 3180 1217 3261 (8)
1241 3186 1274 3244 et

84 3289 128 3352 de
152 3289 388 3353 circumcisione
411 3311 572 3353 servorum
595 3288 745 3353 Abrahae
769 3285 811 3368 (9,
830 3283 938 3366 7-9),
962 3307 1105 3349 necnon
1129 3287 1167 3349 de
1187 3285 1273 3368 typis

84 3393 242 3476 baptismi
274 3392 344 3475 (11)
378 3400 410 3458 et
433 3395 533 3459 crucis
564 3393 644 3476 (12).
692 3393 853 3469 Mandata,
886 3413 967 3475 quae
996 3392 1163 3476 proposuit
1187 3391 1272 3454 Deus

85 3497 127 3561 de
151 3498 391 3563 circumcisione
416 3504 448 3563 et
464 3499 551 3575 cibis,
575 3499 705 3580 insuper
720 3494 928 3579 spiritualiter
943 3495 1177 3578 interpretatur.
1204 3495 1271 3559 Do·

86 3602 209 3664 minum
232 3624 296 3666 non
320 3602 471 3686 corporis,
496 3603 551 3666 sed
566 3602 651 3666 auris
675 3606 707 3664 et
717 3600 824 3664 cordis
841 3599 1109 3662 circumcisionem
1124 3599 1271 3674 voluisse,

87 3704 226 3769 Iudaeos
250 3711 356 3770 autem
379 3706 419 3770 ab
443 3705 557 3791 angelo
580 3727 715 3789 nequam
738 3704 884 3786 deceptos
901 3724 1026 3766 carnem
1042 3703 1273 3767 circumcidisse

86 3810 134 3889 (9,
155 3809 262 3889 1-6).
309 3809 422 3894 Neque
445 3810 547 3874 Deum
570 3808 781 3893 prohibuisse,
808 3807 975 3890 quominus
999 3807 1187 3890 quibusdam
1203 3807 1272 3869 ani-

88 3914 228 3977 malibus
258 3935 463 3988 vesceremur,
496 3915 551 3978 sed
579 3913 787 3997 praecepisse,
820 3916 856 3976 ut
879 3912 956 3975 vitia
979 3913 1159 3987 vitaremus,
1194 3932 1273 3993 quo·

88 4041 163 4083 rum
195 4020 263 4103 typi
293 4019 350 4083 illa
380 4019 528 4083 animalia
560 4023 665 4082 essent
695 4015 774 4099 (10).
821 4016 943 4080 Deinde
974 4016 1113 4098 exponit,
1147 4015 1211 4078 iam
1241 4015 1273 4077 in

92 4123 205 4186 Veteri
228 4123 432 4186 Testamento
457 4123 678 4187 annuntiatum
702 4121 812 4190 fuisse,
836 4120 947 4184 foedus
964 4119 1104 4183 divinum
1120 4118 1274 4182 Christia-

90 4249 216 4303 norum,
240 4249 304 4291 non
321 4226 507 4291 Iudaeorum
529 4248 597 4289 esse
621 4225 700 4308 (13).
739 4223 909 4306 Accepisse
933 4224 1059 4306 quidem
1081 4224 1154 4286 illos
1176 4227 1274 4285 testa·

90 4336 242 4397 mentum.
268 4333 323 4395 sed
346 4353 383 4395 eo
406 4353 470 4395 non
493 4332 591 4394 fuisse
615 4331 727 4413 dignos
751 4334 847 4412 atque
869 4350 926 4391 nos
950 4349 1007 4411 per
1023 4326 1184 4391 Christum
1208 4327 1274 4389 eius

90 4435 264 4519 participes
288 4436 390 4500 factos
414 4457 481 4499 esse
506 4433 584 4516 (14).
631 4434 776 4517 Denique
802 4455 881 4516 quae
905 4434 942 4495 de
958 4432 1091 4497 sabbato
1107 4437 1138 4495 et
1153 4431 1274 4515 templo

91 4537 212 4619 scripta
235 4539 307 4614 sint,
339 4536 474 4602 Iudaeos
507 4538 589 4602 male
621 4537 814 4601 intellexisse
838 4535 996 4618 explanat.
1043 4535 1214 4599 Dominum
1238 4535 1275 4597 de
