2834 5018
182 264 246 328 520
614 252 767 310 HERMAE
786 251 930 308 PASTOR

179 442 357 512 κατοικεῖν,
389 432 418 496 τί
441 430 503 496 ύδε
525 432 610 515 ὑμεῖς
633 429 810 513 έτοιμάζετε
832 429 947 513 ἀγροὺς
974 430 1030 492 καί
1055 431 1267 513 παρατάξεις
1289 432 1371 497 πολι·

181 539 280 614 τελεῖς
304 540 358 601 καί
382 537 548 620 οἰκοδομὰς
571 537 624 599 καί
647 534 802 619 οἰκήματα
824 533 961 616 μάταια,
985 538 1016 600 2.
1041 546 1153 599 ταῦτα
1180 534 1243 601 ούν
1267 539 1285 601 δ
1307 539 1371 602 ἐτοι·

180 646 288 729 μείζων
311 643 354 718 εἰς
383 642 498 727 ταύτην
520 644 576 724 τὴν
606 640 756 704 πόλινού
788 638 950 722 προσδοκᾷ
980 638 1231 724 ἐπανακάμψαι
1264 644 1308 719 είς
1330 647 1371 726 τὴν

181 749 261 814 ἰδίαν
290 747 392 812 πόλιν.
437 751 467 814 3.
492 749 591 829 ἄφρον
623 746 677 807 καί
706 743 818 827 δίψυχε
847 744 901 805 καί
924 741 1115 826 ταλαίπωρε
1149 747 1328 829 ἄνθρωπε,
1346 750 1371 811 οὑ

155 863 278 933 ονοιῖς,
313 854 360 915 δτι
389 860 488 914 ταῦτα
516 850 618 913 πάντα
648 847 798 930 ἀλλύτριά
829 847 887 911 είσι
918 849 972 910 καί
995 846 1049 910 ὑπ’
1087 848 1251 926 ἐξουσίαν
1283 852 1372 934 ἑτέρω

182 957 273 1038 εἰσίν,
297 957 360 1040 ἐρεῖ
380 959 441 1041 γὰρ
463 956 481 1019 δ
503 955 608 1038 κύριος
631 964 685 1037 της
707 953 829 1028 πόλεως
851 951 982 1036 ταύτης·
1015 950 1065 1017 Ού
1092 952 1196 1019 ὑέλω
1222 977 1263 1021 σε
1285 977 1373 1020 κατα·

181 1072 248 1126 κεῖν
272 1063 315 1138 είς
338 1064 393 1144 τὴν
416 1059 506 1124 πόλιν
530 1080 606 1142 μου,
634 1057 706 1121 ἀλλ’
729 1057 842 1134 ἔξελθε
872 1055 910 1118 ἐκ
932 1066 987 1140 της
1009 1055 1145 1134 πόλεως
1172 1061 1313 1146 ταύτης,
1339 1063 1373 1123 ὅτ

185 1176 249 1242 τοῖς
272 1166 377 1249 νύμοις
399 1186 459 1248 μου
482 1166 518 1227 ού
540 1172 665 1246 χρᾶσαι.
710 1166 741 1228 4.
765 1164 804 1225 σὺ
826 1157 879 1224 οὑν
902 1161 985 1242 ἔχων
1009 1161 1136 1244 ἀγροὺς
1165 1167 1230 1228 καὶ
1255 1166 1374 1248 οἰκήσας

185 1272 239 1333 καί
263 1269 370 1351 ἑτέρας
393 1267 536 1350 ὑπάρξεις
558 1266 697 1346 πολλάς,
728 1265 957 1352 ἐκβαλλόμενος
979 1264 1033 1327 ὑπ’
1057 1267 1168 1330 αὑτοῦ
1195 1269 1229 1333 τί
1252 1271 1374 1354 ποιήσεις

142 1400 169 1439 ιο
187 1397 244 1439 σου
267 1376 320 1438 τὸν
350 1375 445 1457 ἀγρὸν
468 1375 522 1436 καί
554 1375 609 1455 τὴν
632 1372 733 1436 οἰκίαν
761 1373 814 1435 καί
837 1373 875 1434 τὰ
897 1369 1012 1448 λοιπά,
1036 1371 1104 1433 ὅσα
1128 1371 1318 1458 ἡτοίμασας
1337 1396 1375 1438 σε·

182 1487 285 1562 αυτῷ,
309 1477 392 1562 λέγει
415 1478 476 1562 γάρ
498 1500 546 1542 σοι
569 1478 697 1553 δικαίως
719 1477 736 1541 δ
758 1477 861 1559 κύριος
884 1485 937 1558 της
959 1473 1069 1557 χώρας
1088 1477 1241 1564 ταύτης·
1265 1478 1309 1544 Ἥ
1326 1489 1375 1554 τοῖς

183 1582 286 1666 νύμοις
320 1605 379 1666 μου
408 1591 475 1665 χρῶ
506 1583 527 1665 ἢ
559 1581 692 1664 ἐκχῶρει
724 1581 761 1645 ἐκ
789 1591 844 1664 της
876 1578 982 1662 χώρας
1013 1600 1088 1662 μου.
1143 1587 1177 1649 5.
1207 1588 1252 1648 σὺ
1282 1582 1376 1649 ούντῖ

183 1686 305 1772 μέλλεις
327 1696 446 1764 ποιεῖν,
478 1687 560 1770 έχων
589 1686 683 1769 νόμον
717 1684 749 1748 ἐν
771 1694 810 1768 τη
832 1693 872 1768 οη
893 1682 1002 1762 πύλει;
1036 1683 1157 1749 ἕνεκεν
1184 1697 1257 1754 τῶν
1287 1691 1375 1774 ἀγρῶν

184 1814 241 1857 σου
263 1794 317 1855 καί
348 1801 402 1874 της
424 1790 534 1875 λοιπης
568 1789 727 1871 ὑπάρξεως
758 1790 812 1852 τὸν
836 1787 929 1871 νόμον
961 1807 1020 1850 σου
1043 1787 1185 1866 πάντως
1222 1793 1374 1877 ἀπαριηογ

144 1919 170 1959 ιι
182 1899 236 1961 καί
260 1897 396 1982 πορεύσῃ
419 1904 463 1979 τῷ
487 1896 571 1978 νόμῳ
594 1905 648 1978 τῆς
670 1894 792 1969 πόλεως
816 1892 946 1976 ταύτης,
978 1890 1099 1977 βλέπε,
1126 1897 1174 1978 μὴ
1202 1897 1375 1983 ἀσύμφορα

183 2002 267 2067 ἐστιν
290 2003 465 2086 ἀπαρνησαι
495 2001 548 2063 τδν
571 1999 665 2082 νύμον
689 2017 762 2062 σου·
796 1999 850 2062 ἐὰν
877 1999 937 2081 γάρ
967 1995 1216 2083 ἐπανακάμψαι
1250 2003 1375 2086 ὑελίρης

183 2107 226 2182 εἰς
248 2110 303 2190 τὴν
326 2105 416 2169 πόλιν
439 2126 506 2183 σου,
530 2106 566 2167 οὐ
589 2106 631 2186 μὴ
654 2103 904 2184 παραδεχθήση,
927 2102 973 2163 ὅτι
997 2100 1187 2186 ἀπηρνήσω
1214 2109 1275 2172 τδν
1298 2108 1375 2189 νέμοι

182 2222 237 2294 τῆς
259 2210 381 2286 πύλεύς
404 2231 475 2288 σου,
502 2211 555 2272 καί
579 2206 794 2290 ἐκκλεισθίγση
825 2204 880 2268 ἀπ’
903 2206 1007 2287 αὐτῆς.
1056 2208 1088 2271 6.
1118 2205 1231 2292 βλέπε
1256 2214 1312 2275 οὑν
1332 2210 1374 2274 σί·

183 2315 226 2390 ιὺς
249 2314 298 2377 ἐπί
323 2314 409 2399 ξένης
442 2322 598 2377 κατοικῶν
622 2313 717 2396 μηδὲν
749 2310 844 2374 πλέον
867 2308 1010 2392 ἑτοίμαζε
1047 2320 1186 2396 σεαυτῷ
1214 2316 1246 2379 εἰ
1269 2319 1312 2400 μὴ
1332 2319 1374 2397 τὴν

144 2438 171 2474 20
184 2419 371 2501 αὐτάρκειαν
394 2422 449 2502 τὴν
473 2415 605 2500 ἀρκετὴν
629 2417 763 2494 σοι,καί
786 2416 906 2497 ἕτοιμος
929 2413 1027 2497 γίνου,
1051 2415 1122 2495 ίνα,
1150 2420 1238 2484 δταν
1268 2419 1374 2505 θέληό

183 2522 335 2607 δεσπότης
358 2533 411 2606 της
433 2522 554 2597 πόλεως
577 2520 690 2605 ταύτης
714 2519 859 2605 ἐκβαλεῖν
883 2540 919 2582 σε
939 2518 1201 2603 ἀντιταξάμενον
1229 2535 1278 2610 τῷ
1304 2527 1374 2608 νόμῳ

185 2627 297 2706 αὑτοῦ,
328 2626 461 2710 ἐξέλβης
491 2627 529 2688 ἐκ
550 2635 605 2708 τῆς
627 2622 749 2697 πόλεως
782 2623 876 2684 αὐτοῦ
899 2623 952 2683 καί
985 2620 1143 2710 ἀπέλθῃς
1170 2629 1208 2692 ἐν
1235 2641 1279 2716 τῇ
1300 2629 1374 2694 πόλει

185 2752 241 2794 σου
264 2732 317 2792 καί
341 2737 384 2813 τῷ
409 2737 454 2812 σῷ
482 2729 566 2811 νόμῳ
590 2726 691 2810 χρηοη
722 2725 911 2811 ἀνυβρίστως
944 2724 1211 2811 ἀγαλλιῶμενος.
1263 2739 1294 2802 7,
1317 2732 1375 2820 βλέ-

183 2856 258 2898 πετε
281 2836 334 2899 οὑν
364 2835 449 2918 ὑμεῖς
482 2833 510 2896 οί
536 2830 735 2905 δουλεύοντες
767 2837 810 2913 τῷ
843 2829 939 2912 κυρίῳ
969 2831 1022 2892 καί
1048 2831 1189 2914 ἔχοντες
1225 2838 1375 2911 αὐτὸνές

144 2959 171 2999 οι
184 2943 239 3022 τὴν
262 2938 408 3022 καρδίαν·
440 2937 614 3020 ἐργάζεσθε
636 2938 675 2998 τὰ
698 2936 774 3018 ἔργα
804 2945 858 2997 τοῦ
882 2937 960 3000 θεοῦ
989 2945 1293 3026 μνημονεύοντες
1318 2949 1376 3008 τῶν

183 3044 334 3108 ἐντολῶν
357 3045 461 3107 αὐτοῦ
483 3043 536 3104 καί
559 3050 621 3104 τῶν
644 3039 839 3123 ἐπαγγελιῶν
855 3036 898 3102 ὧν
921 3038 1153 3124 ἐπηγγείλατο,
1179 3049 1241 3110 καί
1260 3046 1374 3112 motti»

184 3169 260 3210 σατε
283 3149 377 3230 αὐτῷ,
402 3149 447 3209 ὅτι
471 3144 592 3228 ποιήσει
615 3145 719 3225 αὐτοίς,
745 3143 799 3207 ἐὰν
823 3143 855 3206 αἱ
878 3142 1000 3207 ἐντολαὶ
1024 3130 1130 3208 αὑτοῦ
1155 3149 1375 3236 φυλαχθωσιν.

185 3258 214 3321 8.
240 3254 306 3315 ἀντί
330 3253 434 3336 ἀγρῶν
459 3251 512 3313 οὑν
536 3249 705 3334 ἀγοράζετε
729 3248 832 3331 ψυχὰς
856 3245 1065 3334 ὑλιβομένας,
1089 3253 1195 3318 καθά
1219 3276 1271 3332 τις
1293 3256 1374 3319 δυνο·

184 3356 236 3432 τύς
259 3357 333 3437 ἐστι,
356 3357 409 3417 καί
436 3358 541 3439 χήρας
565 3353 621 3416 καὶ
644 3353 816 3437 ὀρφανοὺς
845 3349 1098 3417 ἐπισκέπτεσθε
1130 3358 1191 3421 καί
1217 3362 1265 3443 μὴ
1289 3379 1375 3441 παρα·

145 3481 171 3518 οι
186 3460 316 3546 βλέπετε
339 3456 461 3536 αὐτούς,
484 3458 536 3520 καί
560 3456 613 3519 τὸν
628 3454 763 3519 πλοῦτον
787 3456 874 3538 ὑμῶν
898 3456 951 3517 καί
973 3455 1031 3530 τὰς
1051 3460 1261 3540 παρατάξεις
1284 3464 1375 3534 πάσας

255 3677 271 3728 2
290 3669 340 3732 οὖν
358 3675 401 3729 G:
416 3673 490 3728 enim
508 3671 529 3725 L
545 3674 548 3739 Ι
565 3670 581 3724 3
599 3675 743 3746 προσδοκᾷ
760 3669 851 3723 AntL
871 3669 1004 3739 (cogitat)
1022 3671 1049 3724 A
1069 3673 1373 3744 (vult):615mmssj

185 3758 272 3817 δείσι
290 3758 436 3816 Αυίιέστι
457 3759 481 3812 G
506 3759 510 3827 ί
534 3755 648 3823 6111ού
672 3787 707 3796 -
732 3756 875 3826 ταύτης>
895 3756 926 3809 Ιι1
946 3757 982 3810 ob
1001 3755 1154 3815 homoeot.
1183 3764 1189 3834 Ι
1215 3765 1234 3819 9
1253 3763 1375 3837 ὑπάρξεις

184 3846 244 3899 L‘A
262 3848 298 3900 cf.
317 3866 341 3900 v.
361 3849 377 3900 5
390 3866 396 3899 :
409 3847 522 3919 πράξεις
535 3846 558 3900 G
574 3846 579 3914 β
595 3842 781 3917 έκβαλύμενος
793 3843 817 3898 G
833 3843 837 3913 Ι
855 3843 932 3909 15116
950 3846 997 3900 καὶ
1015 3873 1051 3882 -·
1069 3864 1126 3902 σου
1137 3851 1177 3915 >
1191 3850 1225 3904 Ιθ
1245 3855 1251 3922 Ι
1267 3854 1303 3908 20
1315 3852 1374 3922 βέλη

184 3931 206 3984 L
218 3951 225 3984 ι
238 3928 309 4004 ἔλθη
326 3934 351 3988 G
366 3935 370 4003 Ι
386 3935 419 3988 21
438 3931 656 4000 ἀντιταξάμενον
668 3929 693 3984 G
705 3948 712 3982 τ
725 3949 820 3998 -μενος
833 3929 881 3984 LA
896 3931 900 3999 Ι
916 3928 951 3984 23
970 3927 1153 4004 ἀνυβρίστως
1166 3936 1219 3994 LA
1232 3957 1241 3991 ι
1255 3943 1289 4006 -γ-
1301 3936 1374 3997 ulfi

185 4110 210 4173 2,
231 4114 277 4166 ll:
303 4118 455 4183 παρακαλῶ
477 4109 516 4178 ὼς
540 4115 691 4184 παροίκους
713 4115 843 4231 καὶγκῶν
860 4113 1025 4182 ἐπιθυμιῶν.

185 4201 404 4268 παρεπιδήμους,
433 4197 572 4270 ἀπέχεσθε
594 4206 651 4255 τῶν
667 4218 774 4270 σαρκο,
821 4200 846 4253 2.
866 4220 889 4256 τ.
907 4197 941 4257 ἰῶ.
964 4201 1059 4272 πόλιν]
1088 4205 1261 4264 Antiochus
1289 4209 1372 4265 addit:
