2834 5018
436 626 486 680 AD
506 627 586 681 COR.
604 626 700 691 XLVI,
718 626 894 689 e-xnvlss.
913 628 937 681 2.
1218 631 1279 695 161

106 812 145 884 ei,
167 811 200 869 sc·
222 813 323 870 reatus
345 825 410 870 non
430 808 567 886 fuisset,
591 827 687 887 quam
705 815 743 871 ut
765 825 865 870 antem
881 826 925 870 ee
950 809 1064 870 electis
1081 812 1164 870 aneis
1186 825 1280 870 scarr-

105 911 272 974 deliraret
277 932 291 990 ;
324 914 444 974 melius
473 920 566 991 erat,
597 921 634 975 ut
664 918 695 975 ee·
725 914 815 975 enula
845 916 1150 993 circumponeretur
1173 919 1205 975 ct
1227 912 1281 974 de·

105 1023 311 1092 memoretur
332 1021 367 1078 in
390 1035 500 1095 enare,
530 1036 627 1096 quam
652 1024 691 1080 ut
718 1035 819 1079 areum
841 1017 883 1079 de
906 1018 1022 1080 electis
1044 1021 1128 1078 meir
1144 1034 1280 1096 peraer-

105 1127 198 1183 teret.
245 1120 275 1182 9.
302 1118 446 1184 Schisma
475 1125 613 1184 vestrum
635 1120 756 1183 multos
779 1121 946 1203 pervertit,
979 1120 1098 1184 multos
1129 1119 1282 1184 inanimi

107 1223 328 1299 deiectionem,
360 1224 479 1289 multos
508 1225 541 1288 in
562 1223 813 1300 vacillationem,
845 1245 953 1288 omnes
975 1246 1033 1289 nos
1055 1225 1088 1289 in
1118 1225 1307 1288 tristItiams

106 1327 254 1403 coniecit;
291 1332 323 1391 et
352 1329 454 1394 adhuc
487 1329 598 1393 seditio
618 1333 724 1393 vestra
747 1328 898 1413 persistit.

188 1433 317 1498 XLVII.
341 1434 524 1518 Epistulam
552 1435 638 1498 beati
662 1433 759 1499 Pauli
791 1433 927 1516 apostoli
958 1435 992 1497 in
1023 1455 1135 1498 manns
1157 1433 1280 1499 sumite.

101 1538 129 1600 2.
154 1536 238 1614 Quid
262 1539 398 1622 primum
422 1539 509 1603 vobis
532 1539 565 1602 in
587 1538 747 1622 principio
774 1538 930 1622 evangelii
953 1537 1105 1623 scripsit?
1135 1540 1164 1603 3.
1190 1537 1282 1603 Certe

103 1642 251 1706 divinitus
273 1643 447 1727 inspiratus
470 1645 507 1708 de
530 1645 644 1727 seipso,
672 1644 710 1707 de
733 1641 841 1726 Cepha
865 1646 896 1706 et
912 1642 1030 1726 Apollo
1053 1643 1094 1706 ad
1115 1665 1170 1707 vos
1193 1643 1281 1707 litte·

102 1769 149 1810 ras
173 1748 268 1824 dedit,
296 1749 488 1833 quinetiam
511 1753 579 1812 tum
600 1749 684 1812 inter
710 1769 766 1811 vos
790 1746 946 1812 factiones
969 1751 1000 1811 et
1022 1749 1161 1832 partium
1177 1749 1283 1812 studia
1296 1766 1320 1803 1⁰

103 1849 238 1915 fuerunt.
285 1853 314 1915 4.
339 1852 401 1917 Sed
425 1853 522 1917 factio
545 1854 607 1918 ista
635 1854 745 1917 minus
768 1853 857 1916 vobis
880 1852 989 1917 intulit
1016 1858 1199 1936 peccatum,
1231 1854 1281 1918 in·

103 1953 306 2019 cliuabamini
329 1957 468 2021 enimin
492 1957 653 2039 apostolos
688 1957 852 2041 praeclaro
874 1958 1057 2021 testimonio
1090 1958 1227 2023 celebres
1250 1963 1282 2022 et

102 2060 133 2123 in
155 2061 260 2125 virum
280 2062 319 2126 ab
342 2055 406 2125 illis
429 2063 607 2145 probatum.
655 2062 686 2126 5.
711 2061 808 2126 Nunc
830 2083 922 2139 ver0,
958 2062 1011 2145 qui
1034 2063 1115 2139 sint,
1149 2063 1280 2146 quivos

103 2165 311 2247 perverterint
339 2170 371 2229 et
393 2166 636 2230 nominatissimi
672 2167 790 2230 amoris
812 2167 909 2230 vestri
940 2167 1072 2231 fraterni
1103 2168 1195 2231 decus
1218 2167 1279 2231 im·

103 2269 282 2347 minuerint,
306 2271 469 2335 vobiscum
485 2270 680 2353 perpendite.
728 2271 757 2334 6.
782 2270 911 2355 Turpia,
928 2270 1052 2347 fratres,
1069 2271 1175 2354 turpia
1189 2270 1281 2334 valde
1295 2292 1320 2329 1⁶

102 2375 211 2439 auditu
234 2380 309 2439 sunt
331 2381 363 2439 et
386 2376 558 2441 christiana
572 2374 698 2438 vivendi
726 2375 848 2439 ratione
864 2375 1005 2459 indigna,
1030 2397 1110 2460 quae
1126 2375 1281 2458 comperi·

103 2501 187 2543 mus:
220 2479 432 2544 firmissimam
455 2485 487 2544 et
510 2481 672 2565 antiquam
700 2477 935 2545 Corinthiorum
966 2480 1130 2545 ecclesiam
1151 2484 1283 2564 propter

104 2606 200 2647 unum
225 2588 280 2648 aut
303 2584 437 2649 alterum
465 2585 626 2649 hominem
649 2584 837 2649 seditionem
867 2606 990 2649 movere
1014 2589 1123 2650 contra
1149 2586 1281 2669 presby-

103 2692 195 2752 teros.
244 2688 272 2752 7.
296 2689 339 2753 Et
362 2689 414 2753 hic
437 2690 563 2774 quidem
584 2710 693 2753 rumor
708 2711 772 2753 non
796 2694 922 2754 tantum
945 2689 984 2754 ad
999 2712 1066 2767 nos,
1091 2691 1146 2754 sed
1169 2690 1208 2754 ad
1229 2710 1281 2755 eos

103 2792 198 2856 etiam
222 2794 371 2870 manavit,
397 2794 451 2876 qui
474 2815 493 2857 a
514 2793 607 2857 nobis
631 2792 726 2856 alieni
750 2796 841 2870 sunt,
866 2794 912 2857 ita
935 2799 971 2858 ut
992 2799 1124 2878 propter
1145 2798 1282 2859 vestram
1295 2817 1320 2854 ao

103 2896 274 2959 amentiam
304 2896 520 2980 blasphemiae
549 2897 670 2961 nomini
705 2896 824 2960 domini
857 2896 1049 2973 inferantur,
1082 2898 1170 2962 vobis
1204 2899 1282 2983 ipsis

102 3005 209 3064 autem
232 3000 408 3084 periculum
431 3006 562 3065 creetur.

191 3104 335 3169 XLVIII.
359 3104 552 3170 Auferamus
580 3105 680 3189 igitur
713 3106 773 3171 hoc
804 3108 964 3184 celeriter3
997 3109 1131 3193 pedibus
1165 3108 1283 3173 domini

104 3210 309 3275 advolvamnr
331 3217 362 3276 et
384 3210 495 3275 flentes
518 3211 707 3294 suppliciter
732 3212 935 3295 imploremus
960 3236 1040 3287 eum,
1064 3216 1100 3275 nt
1124 3213 1281 3297 propitius

104 3312 208 3378 factus
235 3315 327 3379 nobis
358 3315 578 3380 reconcilietur
601 3319 632 3379 et
662 3315 695 3378 in
717 3315 887 3398 pristinam
916 3323 1059 3382 nostram
1082 3318 1227 3382 decoram
1250 3320 1282 3380 et
1295 3338 1320 3375 n

103 3424 226 3483 castam
248 3419 380 3484 fraterni
411 3422 525 3485 amoris
555 3421 824 3486 conversationem
847 3442 905 3484 nos
935 3422 1092 3486 restituat.
1139 3422 1168 3484 2.
1194 3420 1282 3484 Haec

175 3624 188 3677 1
208 3624 310 3679 Matth.
327 3627 368 3689 26,
387 3625 421 3680 24
439 3626 535 3695 (Marc.
558 3627 596 3683 14.
616 3628 664 3687 2l;
684 3625 747 3679 Luc.
768 3627 809 3690 22,
825 3625 885 3697 22);
906 3627 971 3680 Luc.
987 3625 1056 3689 l‘l‚2
1073 3626 1186 3695 (Matth.
1198 3627 1238 3688 18,
1250 3625 1279 3689 6;

105 3710 190 3765 Marc.
209 3713 233 3775 9,
251 3712 304 3779 42).
324 3743 358 3751 -
376 3712 392 3765 9
411 3714 423 3765 l
443 3712 504 3767 Cor.
527 3714 548 3773 1,
571 3711 602 3767 10
621 3729 682 3779 sqq.

137 3884 163 3937 4.
183 3883 272 3958 ἀνδρῖΙ
293 3903 330 3938 sc.
350 3885 460 3954 Apollo.
743 3884 767 3936 7.
787 3881 977 3958 {reperiente}
1005 3884 1022 3937 i.
1043 3901 1065 3938 e.
1095 3885 1220 3955 gentiles.
1246 3917 1281 3926 —

140 3973 164 4023 5.
183 3973 289 4041 σεμνὸν
307 3972 377 4041 κτλ]
397 3971 438 4026 cf.
459 3975 479 4027 1.
503 3975 525 4027 l.
707 3972 891 4045 βλασφημίας]
921 3971 962 4026 cf.
984 3971 1005 4035 l,
1027 3972 1057 4034 1;
1096 3971 1173 4027 Rom.
1192 3975 1216 4037 2,
1234 3975 1282 4037 24;

139 4059 163 4111 6.
183 4058 283 4131 αἰσχρά
302 4100 328 4114 ..
347 4057 554 4128 ἀκούεσθαιῙΞ
566 4059 681 4132 αἰσχρόν
708 4059 721 4111 I
739 4058 809 4112 Tim.
828 4059 851 4121 6,
874 4062 901 4119 1;
921 4060 979 4126 Igu.
1000 4057 1084 4111 Trall
1098 4059 1122 4122 8,
1141 4059 1169 4121 2;
1189 4060 1281 4129 Polyc.

103 4142 237 4201 ἐστινάκ.
257 4145 412 4214 Bryennins
426 4146 547 4201 contulit
560 4145 680 4208 Thucl,
709 4145 781 4200 Phil.
802 4146 841 4207 10,
861 4147 885 4198 2.
904 4176 938 4184 -
955 4146 1091 4215 κίνδυνον]
1112 4145 1154 4198 cf.
1173 4147 1214 4209 59,
1236 4151 1257 4202 1.

108 4232 168 4291 Ιῖδς
189 4230 291 4286 Herod.
305 4232 324 4294 Ι,
338 4232 384 4293 91;
404 4232 489 4296 1x‚2;
503 4231 598 4301 Eurip.
613 4232 680 4286 Hec.
744 4232 865 4295 XLVIII,
887 4236 909 4286 l.
929 4232 1057 4286 Clemens
1070 4231 1112 4286 Al.
1123 4232 1222 4287 Strom.
1236 4233 1281 4299 IV,

104 4335 129 4370 v.
154 4318 229 4374 1241.
258 4318 339 4371 Addo
358 4319 441 4375 Prov.
459 4321 501 4384 21,
520 4318 544 4372 3.
573 4350 608 4358 -
634 4317 680 4392 ἀρ-
711 4319 749 4383 18,
765 4320 815 4374 113
834 4337 861 4388 p.
874 4318 925 4372 613
944 4335 978 4372 ex
989 4318 1043 4372 hoc
1061 4335 1143 4372 versu
1162 4323 1191 4374 et
1203 4326 1281 4376 sexto

103 4405 195 4477 χαιάν]
224 4406 266 4462 Cf.
294 4405 388 4474 Polyc.
414 4405 485 4460 Phil.
508 4409 529 4468 1,
553 4405 582 4466 2;
611 4405 681 4459 Irem
708 4408 779 4460 haec
797 4404 925 4460 exhibet:
950 4407 1070 4477 ἣσεμνὴ
1088 4401 1139 4463 οὖν
1156 4418 1205 4478 τῆς
1223 4414 1282 4480 φιλ-

105 4491 152 4553 111,
172 4492 195 4555 3,
216 4495 246 4554 2;
266 4492 342 4562 Orig.
362 4492 440 4562 apud
457 4491 520 4546 Ilus.
541 4491 575 4545 H.
589 4491 619 4546 n.
633 4491 679 4556 Vl,
708 4495 872 4566 ανθρωπίας
888 4493 967 4563 ὴμῶν
983 4497 1029 4549 καὶ
1041 4490 1111 4566 ἁγνὴ
1129 4492 1224 4568 ἀγωγὴ
1235 4517 1282 4552 κα-

108 4578 148 4643 14,
170 4580 209 4633 10.
709 4579 744 4636 τὰ
762 4579 970 4649 melittaena
980 4580 1281 4654 τὸκοινωφελὲςζητεῒ.

160 4684 259 4735 ank,
273 4687 353 4726 Patres
367 4690 442 4735 apost.
457 4686 493 4727 ed.
510 4686 543 4726 11.
1034 4672 1078 4736 U
