2834 5018
276 652 499 710 MARTYRIUM
517 654 543 709 S.
563 653 769 710 POLYCARPI
780 654 851 719 XVI,
867 655 1039 721 1-xvn,2.
1181 663 1244 727 335

64 836 214 899 mriversa
235 834 327 919 plebs
350 835 533 912 miraretur,
565 839 690 911 tantum
713 856 780 899 esse
805 835 972 900 discrimen
998 836 1081 900 inter
1102 837 1244 901 infideles

62 946 96 1004 et
120 940 257 1013 electos;
280 941 310 1003 2.
336 961 472 1025 quorum
486 962 567 1003 unus
590 939 643 1003 hic
665 928 728 1002 fuit
743 938 880 1003 maxime
904 941 1105 1005 admirandus
1125 945 1245 1024 martyr

62 1043 277 1127 Polycarpus,
302 1045 357 1128 qui
379 1044 497 1108 nostris
520 1043 716 1127 temporibus
745 1043 938 1126 apostolicus
963 1049 995 1109 et
1016 1045 1244 1130 phropheticus

61 1149 173 1212 doctor
197 1149 329 1225 exstitit,
356 1148 531 1213 catholicae
547 1147 697 1212 ecclesiae
721 1145 920 1230 Smyrnensis
936 1149 1111 1233 episcopus.
1144 1149 1243 1214 Omne

60 1253 145 1317 enim
158 1253 301 1329 verbum,
323 1253 408 1335 quod
422 1275 475 1317 ore
488 1275 544 1316 suo
557 1253 669 1329 emisit,
691 1252 860 1336 impletum
872 1257 919 1317 est
932 1259 1027 1338 atque
1049 1255 1240 1339 implebitur.
1256 1270 1269 1309 ὁ

155 1356 258 1421 XVII.
284 1356 347 1420 Sed
369 1380 440 1422 cum
463 1356 606 1420 aemulus
629 1357 684 1421 ille
706 1362 739 1421 et
753 1358 878 1422 invidus
902 1363 934 1423 et
956 1358 1059 1423 malus
1075 1360 1243 1423 iustorum·

61 1484 125 1546 qne
150 1462 258 1545 generi
281 1462 429 1526 adversus
451 1462 576 1546 insigne
599 1461 685 1525 illius
707 1463 893 1545 martyrium
916 1468 1057 1527 comeret
1078 1486 1243 1549 moresque

62 1568 104 1631 ab
130 1566 258 1630 ineunte
288 1572 392 1630 aetate
423 1565 660 1649 irreprehensos
690 1571 722 1631 et
744 1588 816 1630 eum
849 1588 965 1632 corona
995 1569 1244 1634 immortalitatis

63 1675 250 1735 coronatum
273 1671 511 1754 praemiumque
534 1670 602 1734 sine
625 1672 839 1735 controversia
861 1676 1091 1755 reportantem,
1116 1693 1244 1757 operam

60 1777 168 1851 dedit,
201 1797 241 1839 ne
264 1775 416 1858 reliquiae
446 1775 512 1839 eius
536 1775 668 1839 anobis
693 1775 905 1852 auferrentur,
930 1776 1074 1859 quamvis
1096 1777 1189 1842 multi
1210 1779 1242 1842 id
1256 1792 1281 1829 ¹⁰

65 1879 172 1943 facere
195 1883 227 1943 et
250 1879 352 1942 sancti
374 1878 440 1941 eius
462 1879 604 1961 eorporis
619 1879 791 1962 participes
814 1878 883 1942 fieri
899 1885 1057 1963 cuperent.
1105 1882 1134 1944 2.
1160 1881 1243 1965 Sug-

63 2082 258 2149 nnusquisque
276 2081 535 2151 praedicamentum
554 2080 641 2134 habet
667 2084 781 2149 praeter
805 2082 932 2136 codicem
948 2101 977 2137 m
996 2085 1109 2139 omnino
1135 2085 1243 2139 nullum

61 2187 96 2222 ao
116 2169 232 2222 minime
258 2167 409 2222 verisimile
428 2171 485 2230 est,
503 2167 533 2219 in
553 2167 641 2220 omni·
668 2170 771 2223 testem
788 2168 883 2223 habet.
920 2170 1018 2224 Testes
1038 2187 1104 2242 ergo
1132 2173 1177 2225 vix
1196 2174 1243 2226 du·

60 2259 115 2310 bus
144 2255 288 2309 codicibus
314 2255 359 2309 vel
393 2254 555 2322 archetypis
585 2271 640 2308 uno
667 2255 746 2309 bium
764 2255 942 2323 relinquunt,
960 2257 1112 2312 lectionem
1130 2265 1243 2316 καθολι-

61 2346 219 2410 eodemqne
243 2344 305 2397 loco
325 2358 410 2395 unam
434 2357 531 2395 vocem
556 2340 640 2395 inter·
667 2354 717 2413 κῆς
746 2343 897 2412 genuinam
926 2360 993 2398 esse.
1031 2343 1128 2399 Codici
1146 2363 1175 2398 m
1198 2346 1243 2400 vel

61 2433 192 2502 polatam
212 2446 279 2491 esse,
298 2429 381 2483 modo
399 2429 473 2482 hanc
491 2427 535 2481 vel
554 2427 639 2481 illurn.
669 2428 728 2482 eius
747 2430 821 2484 fonti
839 2431 1027 2500 posteriorem
1040 2432 1111 2496 lea
1129 2450 1243 2488 manum

62 2519 102 2572 Ut
120 2521 216 2572 autem
229 2518 263 2571 de
281 2516 332 2570 illa
344 2533 373 2570 re
389 2520 465 2570 reete
479 2515 640 2580 iudicemus,
669 2516 813 2582 intulisse,
841 2518 927 2572 etiam
952 2519 1100 2589 Lightfoot
1123 2519 1243 2574 lectione

62 2611 130 2661 ante
158 2603 255 2660 omnia
281 2602 562 2657 animadvertendum
590 2607 642 2667 est,
670 2601 759 2657 altera
783 2609 898 2673 recepta
922 2607 1045 2676 agnovit.
1083 2606 1132 2660 Sin
1149 2611 1245 2662 autem

61 2694 174 2748 litteras
202 2691 412 2759 antiquissimas
441 2690 515 2743 sicut
540 2689 575 2744 de
599 2706 640 2743 ec·
669 2690 762 2744 aliena
785 2708 886 2745 manus
907 2693 946 2757 19,
966 2695 981 2745 2
1005 2693 1067 2747 voci
1093 2700 1245 2765 καθολικῆς

63 2781 150 2834 alesia
169 2778 308 2833 catholica
329 2777 371 2831 ita
389 2775 475 2830 etiam
500 2777 535 2830 de
554 2776 641 2829 eccle·
667 2793 765 2831 vocem
775 2775 854 2849 ἁγίας
864 2776 1019 2842 substituit,
1029 2779 1147 2834 eandem
1157 2781 1243 2836 etiam

62 2867 106 2921 sia
125 2872 224 2921 sancta
242 2884 298 2919 non
317 2866 361 2918 vel
380 2864 522 2918 rarissime
540 2863 639 2917 dicere.
670 2864 709 2927 16,
728 2866 744 2918 2
762 2863 836 2918 idem
863 2863 964 2918 fecisse
990 2865 1050 2920 iure
1077 2867 1243 2939 colligimus.

62 2957 96 3010 In
115 2958 141 3009 S.
161 2956 308 3023 Scriptura
329 2956 357 3006 et
376 2952 407 3005 in
426 2951 556 3021 epistulis
574 2951 640 3003 Bar·
667 2949 729 3004 Vox
749 2956 842 3005 autem
867 2951 1000 3006 hocloco
1020 2953 1106 3007 alium
1131 2971 1244 3009 sensum

61 3045 155 3119 nahae
181 3041 334 3095 Clementis
358 3039 508 3108 Polycarpi
535 3038 640 3092 locutio
667 3038 755 3092 habet
781 3054 814 3092 ac
842 3056 927 3108 supra
954 3039 1036 3092 inser.
1066 3042 1095 3093 et
1121 3040 1186 3104 8‚1
1215 3047 1244 3097 et

62 3130 151 3184 deest.
188 3128 292 3182 Paulus
305 3127 376 3197 Eph.
390 3128 414 3188 5,
428 3126 531 3180 26-27
550 3126 641 3179 solum
667 3123 744 3177 infra
763 3124 808 3186 19,
827 3127 860 3189 2,
888 3126 937 3180 ubi
965 3126 1094 3180 similiter
1122 3143 1154 3180 ac
1182 3129 1241 3198 lgn.

62 3218 141 3277 dicit,
171 3215 313 3270 Christum
342 3213 490 3267 ecelesiam
519 3212 640 3266 sanetifi-
668 3209 774 3279 Smyrn.
794 3211 854 3273 8,2
882 3213 1029 3266 ecelesiam
1055 3214 1242 3268 universalem

62 3320 155 3366 casse,
179 3305 211 3356 ut
230 3303 266 3356 sit
285 3305 384 3355 sancta
404 3304 432 3354 et
451 3300 640 3353 immaculata
668 3299 860 3354 veltotoorbe
879 3299 1010 3353 diffusam
1021 3299 1153 3355 declarat.
1173 3301 1242 3355 Cum

61 3391 191 3460 Ignatius
213 3407 247 3444 ea
271 3407 327 3444 uno
346 3389 423 3452 loco,
443 3386 528 3441 Trall
547 3387 639 3449 inser,
668 3386 713 3439 hic
726 3387 762 3440 ad
775 3388 923 3441 ecelesiam
937 3387 1152 3456 Smyrnaeorum
1165 3405 1242 3458 spee-

62 3479 161 3539 utitur,
181 3475 267 3530 semel
286 3480 380 3530 autem
394 3476 481 3529 etiam
500 3474 534 3529 de
554 3475 640 3529 eccle·
668 3476 717 3538 tet,
737 3475 887 3529 conventui
901 3474 1122 3529 Christianorum
1134 3492 1192 3528 non
1207 3474 1242 3528 ad

62 3565 106 3618 sia
134 3563 276 3618 catholica
304 3561 447 3630 loquitur,
477 3562 531 3615 Sm.
558 3562 590 3625 8,
616 3563 640 3615 2.
667 3561 746 3615 illam
763 3561 919 3631 pertinenti
945 3560 990 3615 vel
1009 3561 1159 3616 conventui
1176 3560 1242 3615 hae·

63 3653 182 3706 Hermas
203 3653 237 3705 de
257 3651 379 3705 ecelesia
398 3666 483 3718 saepe
502 3647 586 3710 dicit,
606 3648 640 3701 de
667 3648 819 3702 retieorum
837 3647 971 3718 opposita
989 3649 1045 3711 est,
1071 3664 1137 3717 ergo
1157 3647 1243 3702 eecle-

63 3740 186 3793 ecelesia
195 3743 295 3792 saneta
304 3735 417 3792 nonnisi
425 3741 469 3790 ter
480 3736 527 3805 (cf.
535 3736 639 3804 index).
668 3737 738 3789 siam
758 3736 974 3804 Smyrnaeorum
993 3734 1179 3789 orthodoxam
1197 3734 1242 3789 de-

62 3825 142 3890 Quae
161 3842 224 3879 curn
243 3826 286 3879 ita
298 3826 362 3888 sint,
381 3825 452 3877 haec
467 3822 572 3877 locutio
591 3838 642 3891 per
667 3827 764 3887 notat,
793 3825 878 3890 atque
897 3822 951 3876 hoe
975 3839 1058 3876 sensu
1076 3822 1243 3891 Martyrium

62 3931 93 3967 se
112 3914 160 3968 vix
179 3915 315 3968 maiorem
340 3912 529 3982 suspicionem
547 3910 642 3962 movet
670 3926 732 3963 eam
749 3909 869 3978 primum
889 3914 1020 3978 usurpat,
1040 3912 1140 3978 postea
1159 3908 1242 3979 Frag-

62 4016 150 4071 quam
177 4001 235 4055 illa
270 4000 379 4055 Deinde
407 3995 641 4053 considerandum
668 4001 793 4051 mentum
811 3996 1034 4049 Muratorianum
1060 3999 1088 4049 et
1113 3996 1243 4049 Clemens

63 4094 114 4152 est,
135 4093 256 4157 utroque
275 4087 352 4148 loeo,
372 4087 420 4140 ubi
440 4085 539 4138 ambae
557 4098 641 4137 voces
669 4084 881 4138 Alexandrinus.
895 4113 928 4122 -
947 4082 1143 4151 ἀποστολικός]
1162 4080 1243 4149 Poly-

63 4181 221 4245 apparent,
249 4179 337 4229 testes
365 4172 456 4242 magis
483 4171 600 4225 idoneos
626 4170 656 4289 ap
670 4187 770 4239 carpus
790 4171 877 4225 etiam
895 4169 930 4223 ab
948 4169 1064 4224 Irenaeo
1083 4171 1205 4239 (Fragrn.
1218 4168 1242 4222 Il

62 4266 146 4332 parte
164 4263 241 4316 roais
259 4268 411 4331 καθολικῆς
430 4276 504 4320 esse;
523 4258 547 4312 si
566 4257 641 4313 codi-
653 4292 656 4375 p
669 4258 712 4311 ed.
732 4257 840 4312 Stieren
859 4256 879 4319 l,
898 4255 961 4322 823)
982 4261 1010 4310 et
1028 4256 1149 4310 Eusebio
1163 4256 1197 4309 Η.
1211 4254 1242 4308 Ε.

63 4366 111 4404 ces
130 4350 304 4412 omittimus,
333 4365 397 4402 eum
415 4345 525 4400 familia
542 4349 642 4399 contra
653 4382 656 4405 ,
669 4345 715 4406 Ill,
734 4345 775 4405 36,
796 4345 828 4398 10
847 4343 1018 4412 apostolicus
1038 4342 1207 4413 appellatur.

62 4437 204 4491 laminam
217 4437 262 4499 sa,
282 4437 409 4490 hocloco
429 4451 491 4487 eam
504 4414 656 4509 suaerat
705 4432 789 4494 xva,
809 4433 831 4483 1.
861 4431 1002 4501 averna
1017 4431 1087 4500 aaa
1118 4429 1161 4483 cr.
1179 4430 1242 4482 Aes.

63 4525 168 4586 habet,
206 4525 325 4577 alteram
356 4523 493 4590 interpres
522 4513 945 4582 latinue;rMatth.c.12.-drc
962 4518 1031 4588 μηδὲ
1048 4517 1118 4587 κτλ]
1138 4515 1241 4586 caup.

64 4612 106 4676 19,
126 4612 150 4672 ’2,
170 4610 218 4665 ubi
237 4609 374 4664 Eusebius
393 4609 480 4669 deest,
499 4607 569 4660 haec
587 4624 641 4662 vex
653 4594 656 4656 l
667 4605 767 4660 Vienu
787 4608 816 4659 et
834 4603 920 4673 Lugd.
939 4603 1004 4660 Eus.
1024 4605 1057 4660 Η.
1072 4605 1102 4660 Ε.
1115 4603 1148 4668 V,
1163 4608 1185 4668 1,
1199 4606 1240 4658 62.
