2834 5018
170 348 209 412 12
663 340 851 397 uoouauu

167 520 245 582 καθ’
267 518 386 603 ἡμέραν
410 521 449 582 τὰ
471 518 625 600 πρόσωπα
647 526 708 581 τῶν
733 517 849 601 άγίων,
876 519 928 581 ίνα
951 517 1133 601 ἐπαναπαῃς
1156 526 1219 593 τοῖς
1242 515 1348 601 λόγοις

169 625 282 687 αὐτῶν.
313 628 343 690 3.
367 625 403 687 οὐ
426 622 563 706 ποιήσεις
579 621 706 704 σχίσμα,
731 622 914 706 εἰρῃνείισεις
936 622 971 685 δὲ
986 621 1196 706 μαχομένους·
1221 629 1350 707 κρινεῖς

169 725 305 808 δικαίως
312 779 320 808 ,
350 729 386 791 οὐ
418 726 503 811 λήψῃ
525 726 692 808 πρόσωπον
722 725 845 810 ἐλέγξαι
868 726 918 790 ἐπί
941 725 1198 810 παραπτώμασιν,
1243 728 1273 792 4.
1311 728 1348 790 οὐ

168 831 359 914 διψυχήσεις,
382 831 513 914 πότερον
536 832 622 894 ἔσται
645 832 666 913 ή
688 833 735 894 οὔ.

143 959 156 996 ι
258 941 286 1003 5.
318 935 370 1019 Μή
392 936 480 1019 γίνου
502 937 578 1018 πρὸς
601 937 657 1018 μὲν
679 937 714 998 τὸ
738 935 844 1022 λαβεῖν
868 936 1013 1001 ἐκτείνων
1037 940 1092 1013 τὰς
1114 946 1238 1020 χεῖρας,
1271 938 1349 1019 πρὸς

167 1041 201 1104 δὲ
224 1043 260 1104 τδ
282 1041 388 1104 δοῦναι
412 1050 549 1105 συσπῶν.
596 1044 625 1106 6.
660 1040 714 1103 ἐὰν
737 1041 812 1124 ἔχῃς
834 1041 885 1104 διά
907 1050 969 1104 τῶν
992 1052 1104 1124 χειρῶν
1127 1064 1202 1120 σου,
1237 1040 1348 1115 δώσεις

168 1144 319 1228 λύτρωσιν
344 1144 501 1227 ἁμαρτιῶν
525 1166 591 1208 σου.
624 1148 652 1211 7.
677 1147 712 1208 οὐ
728 1145 883 1220 διστάσεις
898 1146 1003 1209 δοῦναι
1020 1146 1093 1209 οὐδὲ
1108 1146 1210 1221 διδοὺς
1232 1145 1349 1230 γογγύ-

168 1270 247 1325 σεις·
278 1248 385 1333 γνώσῃ
416 1250 494 1333 γάρ,
528 1249 573 1326 τίς
605 1250 687 1313 ἐστιν
717 1251 811 1313 ὁτοῠ
840 1254 957 1334 μισδοῠ
988 1250 1086 1326 καλὸς
1124 1250 1348 1334 ἀνταποδὸτῃς.

169 1357 198 1420 8.
223 1354 281 1417 οὐκ
303 1354 531 1438 άποστραρήσῃ
552 1357 605 1418 τὸν
628 1355 818 1438 ἐνδεόμενον,
839 1355 1098 1439 συγκοινωνήσας
1120 1357 1155 1419 δὲ
1177 1356 1280 1419 πάντα
1303 1363 1348 1437 τῷ

130 1476 155 1515 ιο
168 1456 295 1541 ἀδελφῷ
319 1480 375 1522 σου
397 1461 451 1521 καί
474 1460 532 1522 οὐκ
555 1459 632 1542 ἐρεῖς
654 1461 717 1523 ἴδια
741 1457 835 1524 εἶναι·
860 1461 887 1523 εί
908 1462 969 1544 γάρ
991 1460 1024 1523 ἐν
1047 1467 1090 1543 τῷ
1113 1459 1267 1542 ἀδυνάτῳ
1283 1480 1349 1522 κοι-

168 1563 259 1627 νωνοί
282 1563 361 1643 ἐστε,
385 1564 473 1649 πδσῳ
496 1564 616 1648 μᾶλλον
639 1565 672 1629 ἐν
694 1574 758 1641 τοῖς
782 1568 927 1650 δνῃτοῐς;

255 1671 285 1735 9.
320 1666 389 1731 Οὐκ
417 1670 499 1752 ἀρεῖς
530 1673 585 1753 τήν
608 1670 699 1752 χεῖρά
729 1692 786 1733 σου
819 1672 881 1733 ἀπδ
909 1680 964 1734 τοῦ
994 1669 1061 1731 otoo
1085 1689 1141 1731 ooo
1163 1668 1184 1751 ή
1207 1669 1270 1731 ἀπδ
1294 1678 1349 1751 τῆς

168 1773 325 1857 δυγατρδς
348 1793 421 1853 σου,
453 1773 535 1836 ἀλλά
567 1775 630 1837 ἀπδ
660 1774 803 1858 νεότητος
827 1773 958 1851 διδάξεις
980 1774 1033 1836 τδν
1056 1771 1154 1857 φόβον
1176 1781 1231 1834 τοῦ
1257 1775 1349 1837 θεοῦ.

169 1880 219 1943 10.
244 1878 303 1939 οὐκ
326 1876 477 1954 ἐπιτάξεις
500 1878 602 1962 δούλῳ
627 1900 683 1941 σου
706 1878 727 1960 ή
749 1877 907 1962 παιδίσκῃ,
932 1886 995 1952 τοῖς
1018 1875 1067 1938 ἐπί
1090 1877 1143 1939 τὸν
1159 1877 1253 1939 αὺτδν
1270 1877 1348 1941 δεδν

129 1992 154 2030 1⁵
168 1980 354 2061 ἐλπίζουσιν,
380 1981 412 2045 ἐν
434 1982 542 2066 πικρίᾳ
566 2004 639 2061 σου,
671 1981 790 2065 μήποτε
821 1983 857 2044 οὐ
889 1983 930 2064 μὴ
961 1980 1197 2066 ιροβῃδήσονται
1220 1982 1274 2044 τδν
1298 1979 1349 2042 ἐπ’

168 2084 353 2168 ἀμφοτέροις
376 2085 472 2151 δείν’
505 2087 541 2148 οὐ
572 2088 632 2169 γὰρ
655 2086 778 2168 ἐρχεται
801 2086 883 2148 κατά
905 2084 1072 2167 πρόσωπον
1095 2082 1242 2162 καλέσαι,
1276 2083 1349 2146 ἀλλ’

168 2188 216 2272 ἐρ’
239 2191 291 2264 οὓς
314 2192 349 2252 τὸ
372 2199 493 2272 πνεῦμα
515 2188 693 2272 ἡτοίμασεν.
742 2194 790 2256 11.
826 2190 912 2272 ὑμεῖς
943 2189 977 2252 δὲ
1006 2189 1034 2252 οί
1063 2187 1168 2252 δοῦλοι
1191 2188 1349 2272 ὑποταγή-

239 2344 338 2399 1καδ’
356 2342 535 2416 ήμίραν>1ι
560 2346 563 2416 ]
589 2344 605 2396 2
623 2349 747 2416 ποιήσεις
770 2345 790 2398 L
810 2346 885 2399 Barn
907 2345 968 2399 Can
994 2345 1248 2417 Ουυιιίιποδήσεις
1270 2346 1322 2399 cod
1344 2347 1347 2413 ]

168 2434 270 2502 σχίσμα
283 2429 336 2484 cod
348 2431 423 2484 Barn
436 2430 557 2500 Optatus
573 2436 731 2504 ισχίσματα
743 2433 765 2487 L
778 2433 994 2503 (dissensiones)
1008 2435 1066 2489 Can
1080 2435 1166 2488 Const
1182 2436 1185 2500 Ι
1202 2435 1219 2486 3
1236 2436 1350 2499 δικαίως

167 2520 202 2589 -γ-
216 2519 306 2571 sciens
319 2518 395 2585 quod
413 2522 445 2572 tu
463 2518 634 2573 iudicaberis
653 2520 675 2573 L
691 2522 696 2592 Ι
712 2522 728 2575 6
747 2520 880 2589 δώσεις>
898 2521 919 2574 L
938 2525 967 2575 ct
988 2520 1021 2579 οὐ
1033 2521 1170 2588 διστάσας
1181 2526 1277 2578 δοῦναι
1293 2539 1318 2574 ν.
1333 2523 1347 2575 7

168 2620 231 2658 cum
242 2606 351 2659 versut
371 2606 520 2674 coniungit
536 2605 541 2676 Ι
557 2605 574 2659 8
593 2605 609 2663 ὁ
628 2624 672 2661 em
685 2627 692 2660 ι
705 2611 721 2678 ὴ
741 2609 794 2662 cod
809 2611 814 2678 1
832 2610 863 2662 11
883 2606 913 2664 ἐν
926 2618 985 2676 τοῖς
998 2616 1113 2679 θνητοῖς
1126 2628 1132 2661 2
1145 2608 1212 2661 hinc
1232 2608 1348 2664 initian·

166 2692 210 2745 tes
223 2707 283 2744 osse
293 2692 449 2746 debemus?
469 2692 606 2748 Omnibus
617 2695 692 2748 onim
703 2696 833 2750 dominus
845 2696 911 2749 dare
921 2696 983 2749 vult
996 2695 1030 2749 de
1042 2696 1123 2750 donis
1133 2696 1191 2748 suis
1202 2694 1269 2749 ch.
1282 2697 1304 2755 1,
1315 2697 1332 2749 5
1343 2698 1347 2765 !

168 2779 201 2831 12
218 2779 274 2836 άπδ
291 2809 325 2818 -
345 2781 488 2854 θυγατρός
513 2798 611 2838 coma
631 2781 697 2836 filiis
718 2784 738 2837 L
764 2784 767 2854 ]
795 2784 826 2838 17
845 2784 997 2856 πνεῦμα-Ι-
1010 2784 1145 2838 humilem
1163 2783 1184 2837 L
1212 2800 1298 2853 supra
1316 2783 1348 2835 li-

167 2883 249 2921 neum
269 2883 315 2921 sec
332 2884 399 2921 man

202 2991 225 3043 2.
245 2988 341 3061 ἁγίων]
359 2989 377 3043 i.
397 3007 419 3044 c.
440 2991 559 3045 fratrum
578 2992 744 3047 christiano·
757 2992 760 3089 γ
772 3011 854 3046 scura
873 2997 946 3047 sunt.
983 2991 1025 3045 De
1045 3007 1102 3058 qua
1119 3006 1148 3044 re
1167 3007 1224 3045 non
1243 2995 1287 3045 cst
1299 2990 1349 3044 du·

166 3094 235 3140 rum,
256 3079 288 3130 ut
307 3093 392 3145 saepe
411 3077 441 3131 in
459 3078 485 3134 S.
505 3079 657 3148 Scriptura.
770 3079 943 3134 bitandum‘?
973 3079 1100 3133 canones
1131 3079 1198 3133 cccl.
1224 3095 1246 3132 c.
1269 3078 1350 3132 laet

201 3162 224 3216 3.
263 3162 297 3220 οὐ
324 3168 447 3234 ποιήσεις
475 3165 588 3237 σχίσμα]
621 3165 744 3234 Optatus
772 3166 999 3221 constitutiones
1012 3168 1102 3234 apost.
1117 3165 1175 3226 vn,
1189 3165 1220 3219 ll
1240 3163 1349 3218 addunt

167 3247 208 3302 De
233 3248 344 3303 schism.
366 3249 579 3304 Donatistarum
596 3252 616 3314 Ι,
637 3252 668 3305 21
688 3251 743 3322 (ed.
772 3252 802 3310 ἐν
819 3256 962 3327 προσευχῇ
974 3273 1033 3316 σου,
1051 3253 1094 3306 ita
1111 3254 1143 3305 ut
1157 3252 1291 3305 verbodo
1305 3269 1349 3305 ex·

167 3336 257 3390 Ziwsa
276 3354 303 3406 p.
322 3337 364 3399 23,
386 3337 497 3406 11-14)
522 3338 634 3393 scribit:
661 3340 744 3394 Deni-
773 3340 919 3394 audiendis
932 3339 1062 3409 precibus
1079 3338 1273 3408 intellegenda
1284 3339 1349 3393 sint.

167 3439 222 3489 que
250 3423 325 3477 inter
352 3427 446 3477 cctcra
473 3430 627 3494 praccepta
658 3427 745 3482 etiam
772 3427 882 3481 Similia
909 3426 1007 3480 scribit
1034 3427 1152 3480 Hermas
1179 3425 1275 3480 Mand.
1302 3424 1349 3488 IX,

166 3510 237 3563 haec
262 3511 318 3564 tria
347 3510 434 3564 iussio
461 3510 556 3564 divina
582 3513 743 3581 prohibuit:
774 3514 856 3578 1-8;
876 3513 1063 3582 Ps-Ignatius
1081 3513 1144 3565 Hcr.
1164 3513 1187 3577 7,
1203 3514 1226 3568 1.
1247 3513 1289 3567 cf.
1309 3512 1350 3566 Si·

165 3614 221 3652 ιιοιι
239 3599 358 3664 occides,
379 3615 434 3652 κον
452 3599 506 3652 ibis
526 3606 590 3667 post
607 3601 670 3654 deos
682 3602 744 3655 alie-
772 3600 840 3653 rach
858 3599 878 3662 I,
898 3598 945 3664 283
966 3601 1020 3654 Iac.
1042 3602 1063 3663 1,
1083 3599 1114 3661 8;
1134 3599 1158 3661 4,
1172 3598 1202 3662 8;
1222 3601 1234 3653 Ι
1253 3598 1350 3653 Ioann.

166 3702 230 3753 noa,
259 3689 287 3738 et
307 3685 336 3737 in
364 3684 506 3754 capitibus
534 3687 744 3741 mandatorum:
772 3688 916 3750 5‚14.15.

167 3788 221 3825 non
236 3773 323 3838 facies
342 3774 448 3827 scisma
478 3772 633 3827 calcor.
654 3774 676 3837 1,
698 3774 745 3836 10;
808 3774 884 3827 5-8.
905 3773 1009 3828 Officia
1027 3772 1180 3827 Christiani
1200 3789 1270 3843 ergo
1281 3790 1349 3842 pau·

169 3858 209 3919 11,
230 3857 269 3910 18·
300 3888 334 3898 -
359 3858 535 3931 είρῃνεὺσεις]
556 3860 598 3915 Cf.
618 3861 702 3915 Marc.
721 3862 744 3925 9,
772 3878 860 3930 peres.

167 3944 213 4005 δίλς
233 3946 312 3999 Rom.
333 3946 373 4009 12,
389 3945 434 4007 18;
455 3946 479 3998 [Ι
506 3945 567 4000 Cor.
583 3946 621 4008 13,
637 3949 677 4007 11,
697 3948 745 4001 ubi
808 3950 832 4001 5.
852 3949 920 4001 Fere
941 3947 1016 4001 idem
1035 3947 1140 4017 legitur
1152 3947 1288 4011 Sirach4‚
1301 3948 1349 4001 31:

170 4031 486 4087 autcmverbumseusu
502 4033 682 4088 intransitivo
700 4035 746 4087 ad·
772 4040 811 4107 μή
830 4030 902 4091 ἔστω
925 4037 941 4106 b
959 4038 1019 4107 χείρ
1044 4055 1095 4092 σου
1120 4032 1288 4103 ἐκτεταμένη
1311 4031 1350 4098 είς

170 4117 292 4172 hibetur.
311 4149 347 4157 -
365 4118 433 4176 οὒλ.
449 4121 603 4192 πρόσωπον
614 4121 684 4190 κτλ]
704 4121 745 4175 cf.
775 4123 808 4179 τὸ
826 4127 920 4194 λαβεῖν
937 4125 983 4178 καί
1002 4120 1032 4178 ἐν
1050 4129 1089 4196 τῷ
1107 4120 1267 4180 ἀποδιδόναι
1288 4141 1350 4177 συν·

173 4203 256 4258 Dent.
276 4206 295 4266 I,
317 4207 361 4267 173
382 4206 462 4261 Pron.
482 4207 523 4270 24,
542 4209 584 4261 23.
774 4208 934 4279 εσταλμὲνη.
972 4207 1014 4263 Cf.
1027 4210 1089 4262 Act.
1107 4210 1149 4272 20,
1162 4210 1210 4272 35;
1232 4209 1244 4262 l
1264 4207 1348 4263 Clam.

206 4294 232 4345 4.
260 4291 294 4348 οὐ
316 4296 473 4364 διψνχήσεις
489 4295 560 4363 κτλ]
587 4293 680 4348 Verba
699 4294 746 4349 ob·
774 4297 799 4355 2,
819 4297 841 4348 1.
