2834 5018
180 268 242 331 566
613 258 767 314 HERMAE
786 258 928 313 PASTOR

181 435 358 521 εὑρέθησαν
382 435 413 498 αί
429 435 536 520 ῥάβδοι
560 434 714 510 όλοτελῶς
729 432 860 517 χλωραί,
883 443 976 497 τινῶν
992 433 1164 520 ἡμίξηροι,
1190 445 1285 501 τινῶν
1300 436 1367 520 ξιγαί

181 546 234 607 καί
258 541 459 628 βεβρωμέναι,
483 552 573 606 τινων
596 541 630 604 δέ
653 540 772 624 χλωραί
795 541 849 602 καί
871 540 1092 622 παραφυάδας
1117 541 1277 624 ἔχουσαι·
1302 540 1366 605 ούτν.

180 649 294 723 πάντες
317 645 524 729 ἀπελύθησαν
552 647 683 720 ἕκαστος
705 645 781 726 πρός
803 645 839 705 τὸ
861 643 967 727 τάγμα
999 645 1118 707 αύτού.
1169 651 1204 713 3.
1230 646 1297 711 είτα
1315 644 1366 709 ἐπ’·

182 753 288 816 δωκαν
311 752 340 815 οἱ
363 754 401 814 τὰ
424 751 479 814 δύο
502 749 579 833 μέρη
603 750 712 832 χλωρά
727 749 861 830 ἔχοντες,
886 750 921 811 τδ
937 748 972 811 δέ
997 749 1109 832 τρίτον
1135 749 1254 836 ξηρόν·
1278 749 1365 815 πολλά

156 855 216 934 νέξ
240 858 342 920 αὐτῶν
365 856 490 938 χλωρὰς
513 853 685 931 ἐπέδωκαν,
708 850 818 914 πολλοί
842 851 876 914 δὲ
891 849 1080 935 ἡμιξηρους,
1107 856 1219 937 ἕτεροι
1243 856 1280 919 δὲ
1294 855 1365 939 {W}

181 964 234 1026 καί
251 960 464 1047 βεβρωμένας·
489 959 572 1024 οὗτοι
588 959 701 1033 πάντες
716 958 851 1040 ἔστησαν
875 957 918 1033 εἰς
934 958 969 1020 τό
994 957 1078 1021 ίδιον
1096 959 1226 1044 τάγμα.
1252 966 1282 1027 4.
1304 957 1366 1046 [εἶτα

183 1065 344 1129 ἐπέδωκαν
372 1065 400 1126 οἱ
423 1067 462 1126 τά
485 1064 540 1127 δύο
571 1063 648 1147 μέρη
679 1062 756 1146 ξηρὰ
787 1062 930 1144 ἔχοντες,
962 1065 1001 1126 τό
1025 1063 1064 1127 δέ
1099 1063 1213 1146 τρίτον
1245 1063 1365 1148 χλωρόν·

182 1169 293 1234 πολλοί
316 1168 349 1245 ἐξ
372 1171 474 1234 αὐτῶν
497 1168 662 1252 ἡμιξίγρους
685 1166 863 1246 ἐπέδωκαν,
894 1169 974 1242 τινές
998 1167 1034 1230 δὲ
1060 1165 1168 1252 ξηρὰς
1193 1172 1252 1232 καί
1275 1169 1365 1255 βεβρω

183 1274 287 1357 μένας,
312 1274 391 1348 τινές
414 1274 449 1336 δέ
471 1272 636 1357 ημιξήρσυς
651 1274 704 1334 καί
728 1273 861 1353 σχισμάς
878 1271 1026 1354 ἐχούσας,
1051 1271 1165 1357 όλίγοι
1191 1275 1230 1339 δὲ
1247 1273 1365 1358 χλωράς·

145 1394 170 1431 1⁰
185 1378 268 1442 ούτοι
300 1378 413 1453 πάντες
444 1379 578 1462 ἐστησαν
611 1379 653 1453 είς
683 1379 719 1440 τό
748 1377 823 1439 ἴδιον
855 1376 986 1462 τάγμα].
1037 1379 1070 1442 5.
1099 1377 1279 1442 ἐπέδωκαν
1303 1375 1366 1442 δὲά

184 1485 239 1558 τάς
263 1483 394 1567 ῥάβδους
417 1485 519 1545 αὐτῶν
541 1482 666 1566 χλωρὰς
689 1480 879 1565 ἐσχηκότες,
912 1479 1087 1564 ἐλάχιστον
1114 1482 1153 1546 δὲ
1182 1482 1310 1569 [ξηρόν]
1329 1481 1365 1544 καὶ

185 1589 318 1669 σχισμάς
348 1586 496 1668 ἐχούσας·
532 1585 569 1648 ἐκ
598 1585 715 1648 τούτων
744 1584 822 1658 τινές
853 1583 979 1666 χλωρὰς
1012 1583 1216 1667 ἐπέδωκαν,
1249 1585 1366 1662 τινὲςόὲ

185 1692 310 1774 χλωρὰς
326 1693 379 1753 καί
401 1691 607 1773 παραφυάδας
622 1688 774 1772 ἐχούσας·
797 1686 946 1771 ἀπῆλθον
962 1690 1017 1750 καί
1045 1688 1142 1754 οὗτοι
1160 1693 1210 1768 είς
1234 1695 1272 1756 τό
1287 1692 1366 1774 τάγρτ

185 1798 297 1861 αὐτῶν.
345 1799 373 1861 6.
399 1793 465 1858 εἶτα
495 1794 656 1857 ἐπέδωκαν
686 1793 714 1856 οί
743 1792 909 1874 ἐλάχιστον
939 1793 1070 1874 ἔχοντες
1103 1793 1264 1878 χλωρόν,
1293 1794 1366 1860 τὰδὲ

147 1901 279 1964 1νλοιπάι
302 1899 379 1984 μέρη
403 1899 495 1984 ξηρά·
519 1899 637 1962 τούτων
660 1897 692 1960 αί
715 1897 821 1982 ῥάβδοι
846 1895 1026 1981 εὑρέθησαν
1052 1899 1092 1960 τδ
1119 1900 1280 1966 πλεῖστον
1298 1900 1366 1984 μέρος

185 2005 304 2089 χλωραί
327 2007 380 2068 καί
404 2004 609 2086 παραφυάδας
639 2003 768 2085 ἐχουσαι
791 2002 844 2063 καί
869 2002 991 2083 καρπόν
1027 2000 1062 2064 ἐν
1089 2013 1166 2079 ταῖς
1191 2004 1366 2088 παραφυάπ

185 2112 238 2172 καί
261 2111 362 2191 έτεραι
388 2107 508 2191 χλωραί
535 2105 615 2169 όλαι.
662 2105 711 2168 ἐπί
734 2104 859 2179 ταύταις
890 2114 957 2179 ταῖς
980 2103 1115 2188 ῥάβδοις
1151 2107 1259 2194 ἐχάρη
1282 2109 1366 2172 όπα·
1405 2108 1407 2117 ’

186 2215 246 2294 μὴν
262 2211 331 2274 λίαν
347 2210 501 2296 μεγάλως,
518 2213 563 2272 ότι
586 2212 684 2284 ούτως
701 2207 887 2290 εὑρέθησαν.
911 2207 1062 2291 ἀπῆλθον
1079 2209 1121 2272 δέ
1148 2210 1243 2276 ούτοι
1258 2215 1367 2282 guam:

188 2316 230 2389 είς
253 2317 288 2378 τό
311 2316 386 2377 ίδιον
409 2315 521 2398 τάγμα.

149 2434 174 2470 20
276 2417 312 2484 6.
338 2418 424 2481 Μετὰ
454 2421 490 2482 τό
520 2419 644 2483 πάντων
673 2428 865 2501 κατανοῆσαι
898 2419 954 2492 τὰς
983 2416 1129 2502 ῥάβδους
1166 2425 1226 2486 τόν
1259 2420 1368 2506 ποιμένι

187 2521 270 2606 λέγει
294 2544 361 2606 μοι·
392 2521 490 2587 Είπύν
514 2546 580 2600 σοι,
604 2526 649 2585 ότι
673 2525 709 2585 τό
731 2522 856 2604 δένδρον
880 2531 972 2585 τοῦτο
996 2522 1169 2603 φιλόζωόν
1194 2527 1276 2593 ἐστι.
1318 2524 1368 2611 βλέ-

188 2649 264 2707 πεις,
289 2627 374 2712 φησί,
396 2628 487 2691 πόσοι
511 2629 701 2712 μετενόησαν
724 2629 777 2689 καί
794 2625 983 2710 ἐσώθησαν,
1006 2624 1148 2710 Βλέπω,
1176 2633 1271 2717 φημί,
1293 2631 1368 2712 κύριε.

187 2731 256 2796 Ἵνα
278 2732 354 2816 ἴδῃς,
379 2732 470 2816 φησί,
500 2735 555 2813 τὴν
578 2728 892 2812 πολυευσπλαγχνίαν
922 2739 976 2791 τοῦ
1006 2730 1147 2813 κυρίου,
1185 2738 1237 2800 ότι
1268 2733 1367 2822 μεγάλη

187 2838 241 2900 καί
264 2836 386 2915 ἔνδοξός
410 2836 490 2914 ἐστι,
520 2838 573 2898 καί
604 2835 703 2898 έδωκε
734 2843 854 2914 πνεῦμα
881 2841 944 2907 τοῖς
967 2831 1068 2909 ἀξίοις
1099 2839 1181 2902 οὖσι
1210 2839 1369 2924 μετανοίας.

149 2954 175 2992 ²⁶
189 2946 218 3007 2.
244 2940 331 3003 Διατί
354 2943 418 3018 ούν,
442 2938 529 3024 φημί,
552 2938 647 3020 κύριε,
672 2937 784 3010 πάντες
808 2937 843 2997 οὐ
867 2934 1081 3018 μετενόησαν;
1108 2937 1177 3005 Ὧν
1203 2942 1281 3024 είδε,
1304 2939 1370 3026 φηάἿ

188 3047 244 3126 την
266 3045 395 3126 καρδίαν
419 3042 595 3126 μέλλουσαν
617 3042 765 3122 καθαράν
788 3037 938 3124 γενέσθαι
968 3040 1022 3100 καί
1047 3039 1224 3111 δουλεύειν
1249 3041 1371 3131 αύτῷὲξ

189 3149 264 3234 ὅλης
286 3147 430 3230 καρδίας,
462 3147 580 3220 τούτοις
602 3146 703 3208 ἐδωκε
726 3147 781 3225 τἠν
811 3143 994 3225 μετάνοιαν·
1029 3140 1077 3206 ὧν
1101 3146 1142 3210 δέ
1168 3149 1237 3215 είδε
1260 3155 1314 3236 τὴν
1333 3151 1371 3213 δο-

189 3253 316 3336 λιότητα
338 3253 391 3314 καί
415 3251 572 3334 πονηρίαν,
596 3248 773 3332 μελλόντων
797 3247 829 3310 ἐν
853 3245 1013 3327 ὑποκρίσει
1036 3264 1235 3337 μετανοεῖν,
1262 3256 1372 3327 ἐκείνας

190 3358 248 3419 ούκ
270 3356 370 3419 ἔδωκε
393 3356 567 3438 μετάνοιαν,
590 3352 710 3435 μήποτε
732 3351 826 3415 πάλιν
850 3349 1061 3435 βεβηλιόσωσι
1085 3356 1125 3418 τδ
1152 3361 1261 3445 ὄνομα
1283 3364 1371 3424 αύτού.

151 3475 176 3510 ³⁰
191 3464 219 3525 3.
244 3460 327 3543 λέγω
350 3462 454 3542 αύτῷ·
490 3457 601 3540 Κύριε,
634 3467 686 3520 νῦν
716 3458 771 3519 ούν
794 3476 845 3537 μοι
877 3453 1022 3537 δήλωσον
1057 3461 1137 3536 τοὺς
1162 3467 1225 3540 τὰς
1257 3465 1372 3552 ῥάβδους

191 3562 427 3642 ἐπιδεδωκότας,
451 3562 589 3636 ποταπός
612 3581 656 3635 τις
679 3563 782 3623 αὐτῶν
806 3558 880 3639 ἐστί,
905 3561 959 3621 καί
981 3561 1038 3642 τὴν
1063 3565 1196 3632 τούτων
1213 3569 1372 3643 κατοικίαν,

190 3669 242 3731 ἵνα
264 3667 455 3742 ἀκούσαντες
485 3668 513 3730 οί
536 3664 754 3740 πιστεύσαντες
786 3665 839 3727 καί
863 3663 1025 3747 εἰληφότες
1059 3669 1120 3750 τὴν
1147 3676 1312 3760 σφραγῖδα
1331 3671 1372 3735 ναί

263 3857 275 3908 l
295 3856 433 3922 όλοτελῶς
445 3856 476 3917 G,
496 3862 561 3922 -λεῖς
574 3873 635 3909 corr
649 3857 653 3927 ί
670 3858 686 3909 2
706 3864 807 3911 ταῶνι
822 3864 877 3911 τῶν
889 3854 913 3908 G
929 3855 933 3923 1
950 3855 1013 3920 6s10
1033 3851 1097 3915 εἶτα
1110 3892 1149 3901 -
1163 3865 1263 3938 τάγμα
1275 3865 1371 3920 L2L’A:

192 3943 226 4005 >
239 3942 263 3994 G
279 3942 283 4010 Ι
302 3943 378 4007 10s14
396 3941 536 3999 ἐπέδωκαν
548 3973 582 3980 -
594 3942 685 3998 αὐτῶν
694 3945 729 4008 >
742 3941 774 3993 L¹
791 3942 795 4010 ί
814 3944 843 3996 11
864 3939 1009 4011 ἐλάχιστον
1022 3943 1111 4016 m)
1126 3967 1133 4001 ε
1149 3971 1229 4010 mm
1242 3953 1267 4008 G
1283 3955 1287 4021 Ι
1302 3950 1372 4022 ξηρὸν

192 4025 238 4079 LA
252 4046 257 4078 :
270 4032 304 4092 >
323 4029 347 4082 G
363 4030 366 4098 Ι
385 4029 417 4083 18
434 4033 495 4085 λίαν
512 4030 641 4100 μεγάλως
660 4028 897 4082 G:vehementer
916 4028 956 4091 h¹‚
976 4029 1063 4083 valde
1083 4033 1127 4096 A,
1148 4053 1289 4109 magnum
1307 4041 1371 4109 (gau-

193 4111 269 4164 dium
287 4115 425 4185 percepit)
439 4117 472 4168 L'
488 4115 492 4183 1
508 4115 542 4168 23
560 4112 619 4186 ίόης
631 4134 637 4166 :
651 4115 723 4184 εἰδῇς
736 4115 760 4169 G
776 4117 780 4185 Ι
796 4116 830 4168 25
848 4117 919 4170 διατί
932 4113 1003 4184 L(A)
1016 4135 1023 4168 :
1036 4111 1120 4178 οὗτοι
1134 4121 1161 4178 G
1179 4125 1185 4195 Ι
1202 4127 1238 4180 29
1252 4129 1284 4184 τό
1297 4125 1372 4192 ὄνομ

194 4196 243 4249 GA
255 4218 261 4250 :
275 4200 325 4255 τόν
342 4204 429 4270 νόμον
448 4203 469 4255 L
