2834 5018
183 316 284 382 CXIV
630 312 913 368 Pnonuaonsnn

183 515 235 568 ea,
267 514 347 577 quae
378 495 416 558 de
447 491 699 556 Christianorum
727 493 946 575 persecutione
977 494 1062 558 dicta
1092 500 1166 559 sunt
1189 496 1241 578 (13
1267 499 1297 574 6,
1321 500 1359 575 9;

185 597 213 674 7,
233 597 261 660 7.
280 595 322 678 8),
348 618 417 660 eam
441 597 480 659 ad
502 600 639 660 aetatem
663 595 794 660 Traiani
821 597 938 660 retulit.
975 597 1187 678 Grossheim1,
1213 600 1360 666 Tzschir·

182 698 270 779 ner⁹‚
295 699 461 766 Semisch³
486 704 517 764 ot
540 700 595 764 alii
627 721 697 763 eam
719 721 782 764 non
805 723 824 763 a
845 698 968 765 Iustino
998 703 1137 786 quidem,
1169 706 1225 769 sed
1246 706 1361 772 lustini

181 809 323 890 tempore
357 805 569 888 conscriptam
602 825 670 868 esse
704 809 913 882 censuerrmt,
953 828 990 870 ac
1024 807 1169 872 similiter
1208 811 1360 877 iudicavit

181 911 332 976 Bunsen⁴
355 911 563 987 contendens,
595 930 666 973 eam
688 931 726 972 ex
748 909 860 993 primis
888 909 1006 974 libellis
1029 932 1116 989 esse,
1147 935 1226 997 quos
1250 918 1359 981 confe-

182 1017 276 1081 cisset
304 1015 464 1091 Marcion,
495 1012 640 1079 Dorner⁶
672 1035 741 1078 eam
771 1037 791 1078 a
818 1013 977 1090 Quadrato
1009 1020 1164 1100 regnante
1196 1018 1359 1086 Hadriano

181 1125 342 1186 exaratam
364 1142 432 1185 esse
448 1121 590 1205 opinans.
636 1120 695 1184 Fld.
712 1119 838 1184 Zeller⁰
863 1140 933 1182 eam
948 1118 1068 1184 ultimis
1091 1123 1210 1186 saeculi
1230 1126 1360 1188 secundi

181 1225 339 1290 decenniis
362 1230 504 1289 exortam
533 1247 601 1289 esse
627 1225 760 1307 putarit.
807 1223 920 1306 Neque
944 1245 1015 1287 vero
1040 1224 1175 1303 defuere,
1209 1228 1262 1311 qui
1286 1250 1359 1292 sen·

181 1330 314 1394 tentiam
340 1330 478 1414 priorem
506 1329 710 1394 defenderent
739 1333 771 1392 et
800 1327 970 1412 epistulam
999 1328 1120 1393 Iustino
1153 1330 1357 1411 vindicarent,

181 1455 207 1497 e.
232 1455 263 1518 g.
288 1434 455 1520 Remigius
478 1432 641 1513 Oeillier⁷,
665 1432 870 1509 Hoffmann⁸,
895 1433 1003 1498 0qu
1049 1433 1132 1513 Alii,
1163 1458 1298 1519 quorum
1321 1461 1359 1502 ex

181 1561 312 1603 numero
335 1543 409 1604 sunt
425 1539 528 1605 Grabe
538 1540 564 1575 ¹⁰
589 1544 621 1603 et
642 1538 834 1603 Prudentius
849 1538 1010 1615 Marau11,
1035 1561 1102 1603 rem
1124 1541 1157 1604 in
1179 1542 1284 1605 medio
1308 1565 1358 1605 re·

181 1644 351 1727 liquerunt.
397 1644 569 1708 Larrlner12
591 1645 624 1708 id
647 1648 771 1708 tantum
794 1665 933 1707 asserere
956 1643 1065 1721 voluit,
1091 1645 1261 1728 epistulam
1285 1653 1358 1710 ante

181 1747 424 1814 Constantinum
446 1747 490 1812 M.
514 1749 692 1813 confectam
715 1770 799 1826 esse,
824 1745 902 1811 etl.
927 1746 1088 1812 Fessler¹³
1113 1750 1283 1825 contendit,
1308 1751 1357 1815 in·

181 1854 263 1919 dicia
285 1855 460 1938 scripturae
491 1854 615 1917 interna
636 1853 773 1936 primum
801 1851 851 1916 vel
875 1853 1046 1917 secundum
1074 1854 1224 1919 ecclesiae
1248 1877 1357 1920 saecu-

179 1958 247 2023 lum
268 1959 407 2022 irmuere.

268 2060 348 2126 Cum
377 2061 436 2124 riri
466 2061 629 2144 hucusque
652 2060 818 2124 memorati
846 2061 1010 2124 unanimes
1033 2063 1201 2141 sentirent,
1236 2065 1358 2148 epistu-

180 2165 245 2230 lam
268 2188 305 2230 eo
327 2170 483 2250 tempore,
515 2187 577 2250 quo
601 2165 721 2248 scripta
743 2186 811 2228 esse
833 2164 913 2241 vult,
946 2165 965 2228 i.
991 2187 1017 2228 e.
1041 2169 1184 2250 tempore
1208 2190 1357 2252 persecu-

179 2270 276 2334 tionis
298 2270 460 2355 religionis
490 2270 680 2335 christianae
708 2274 851 2334 exortam
873 2291 956 2347 esse,
989 2271 1168 2354 nuperrime
1197 2273 1262 2338 alia
1285 2297 1358 2338 sen-

180 2375 281 2438 tentia
302 2375 467 2458 proposita
495 2379 552 2438 est.
598 2372 677 2438 Cum
700 2375 857 2457 scriptura
887 2374 921 2437 in
943 2396 1006 2438 uno
1035 2381 1160 2440 tantum
1188 2379 1294 2442 codiee
1319 2381 1359 2443 ad

179 2501 237 2543 nos
258 2479 461 2562 pervenisset,
485 2478 706 2543 Donaldson¹⁴
730 2479 909 2562 suspicatus
931 2482 994 2556 est,
1019 2479 1193 2545 Henricum
1216 2482 1356 2566 Stepha-

251 2613 263 2666 l
283 2614 325 2667 De
344 2614 468 2684 epistula
486 2617 522 2669 ud
539 2614 641 2685 Diogn.
661 2630 735 2681 quae
753 2614 844 2667 fertur
862 2612 964 2666 Instini
983 2614 1019 2667 ll.
1041 2614 1115 2669 1818.

249 2701 266 2753 2
284 2701 343 2755 Der
360 2701 426 2756 Fall
443 2702 489 2756 aas
507 2701 704 2757 Heidentlrums
727 2700 794 2754 1829
812 2701 832 2765 Ι,
851 2700 902 2754 217
922 2717 963 2766 sq.

250 2786 266 2839 3
286 2789 380 2842 Iastia
398 2789 445 2843 der
462 2789 604 2859 Martyrer
622 2790 689 2843 1840
707 2789 727 2851 Ι,
750 2788 806 2842 186.

248 2877 266 2929 4
284 2876 414 2944 lanatius
433 2894 455 2929 u.
469 2883 501 2932 Α.
520 2878 579 2930 und
597 2878 668 2931 seiae
686 2877 746 2930 Zeit
760 2876 826 2930 1847
846 2893 872 2944 p.
890 2876 949 2928 244.
986 2875 1118 2944 Hippolpt
1135 2877 1194 2930 uad
1212 2879 1286 2933 seiae
1298 2880 1360 2934 Zeit

182 2962 249 3015 1852
268 2962 288 3024 I,
310 2962 359 3017 138
378 2979 419 3028 sq.

249 3049 265 3101 5
284 3048 371 3103 Letre
388 3050 499 3104 uouder
517 3048 621 3104 Persou
642 3048 892 3118 masselacus),
915 3051 1051 3105 178-180
1071 3070 1096 3104 n.
1116 3052 1157 3106 32.

248 3136 265 3189 6
287 3135 352 3189 Tau.
374 3137 460 3190 llreol.
479 3136 649 3194 Jauroacner
668 3138 735 3193 1845
753 3155 779 3207 p.
799 3139 850 3192 619
869 3155 910 3204 sq.

250 3224 265 3276 7
285 3222 406 3278 Histoire
421 3225 543 3294 ptac'rale
560 3226 607 3279 cles
624 3231 735 3280 auteurs
753 3227 843 3279 sacre's
860 3231 885 3279 et
902 3226 989 3279 cecus.
1009 3224 1043 3289 ΙΙ,
1064 3227 1097 3281 39
1116 3245 1156 3294 sq.

249 3309 411 3365 elusanus
428 3313 475 3366 des
493 3312 578 3366 Mart.
598 3313 682 3379 ΒΜΓ
696 3331 733 3367 au
750 3313 903 3382 Diognetus
923 3313 988 3367 1851
1008 3331 1035 3382 p.
1058 3315 1130 3369 1-9.

248 3395 325 3450 sne
350 3397 471 3467 epistola
495 3399 531 3452 ad
555 3399 729 3469 Diognetum
756 3400 830 3454 1844.
866 3399 996 3469 Epistola
1021 3402 1058 3455 ad
1076 3403 1249 3473 Diognetum
1269 3405 1312 3458 ed.
1332 3406 1358 3459 II

180 3482 247 3538 1852
265 3500 293 3552 p.
313 3486 344 3538 11
364 3501 424 3552 sqq.

232 3571 264 3624 10
284 3569 465 3640 Spicilegium
483 3574 596 3641 patrum
616 3573 683 3627 1700
701 3572 734 3635 ΙΙ,
756 3574 804 3628 165
823 3590 864 3641 sq.

232 3657 263 3712 11
282 3656 383 3710 lustini
402 3674 465 3727 opp.
489 3659 554 3711 1742
572 3677 599 3728 p.
619 3658 732 3713 LXXIV
752 3678 792 3727 sq.

233 3743 264 3799 12
285 3744 534 3814 Glautwitrdiqteit
560 3747 608 3800 der
630 3764 721 3817 wana.
750 3747 910 3801 Gesctictte.
941 3746 1031 3801 Berol.
1052 3753 1080 3804 et
1100 3750 1172 3819 lips.
1193 3753 1302 3817 17501,
1322 3754 1355 3819 ΙΙ,

178 3831 230 3884 204
248 3847 289 3897 sq.

235 3916 482 3970 131nssituriones
508 3916 689 3986 Patrologiue
718 3919 829 3984 18501,
857 3921 906 3974 193
925 3938 965 3988 sq.
1013 3922 1080 3976 Alia
1106 3924 1213 3979 iudicia
1241 3927 1356 3982 exhibet

179 4004 247 4058 Otto
266 4002 283 4056 l.
303 4020 326 4056 c.

233 4093 264 4146 14
282 4092 309 4144 Α
327 4091 432 4146 critical
449 4093 554 4160 history
572 4092 605 4157 of
618 4092 751 4147 altristiau
769 4095 908 4149 literature
927 4100 979 4149 etc.
1008 4095 1075 4151 1866
1091 4096 1125 4160 Π,
1147 4100 1197 4153 126
1216 4118 1257 4167 sq.
1291 4103 1354 4156 Cot·

178 4177 262 4241 terill,
280 4178 449 4246 Peregrinus
467 4177 585 4232 Proteus
605 4178 678 4241 1879,
698 4180 902 4249 huncquoque
922 4184 1073 4253 epistulam
1093 4187 1225 4241 societati
1244 4189 1353 4242 falsan-

178 4283 257 4321 orum
275 4265 457 4330 adiudicavit,
477 4280 562 4331 quam
581 4264 720 4321 detexisse
738 4269 792 4322 sibi
811 4271 887 4324 visus
907 4275 957 4325 est.
990 4271 1032 4326 cf.
1055 4290 1139 4341 supra
1157 4292 1184 4343 p.
1204 4274 1295 4330 XLVI
1313 4294 1352 4345 sq.
