2834 5018
153 247 215 310 592
586 233 742 291 HERMAE
759 232 904 289 PASTOR

152 415 372 498 ἀσθενέστεροι
401 416 462 498 γὰρ
492 411 582 498 ἦσαν.
628 416 658 480 5.
682 409 749 475 είτα
777 411 918 475 κατενόει
949 413 1028 486 τοὺς
1064 409 1201 494 ἡμίσεις
1225 407 1349 483 λευκούς,

146 519 272 604 ’ῆμίσεις
294 519 329 582 δέ
344 518 497 602 μέλανας·
520 519 574 580 καί
589 516 700 580 πολλοὶ
723 514 874 593 ἐξαύτων
899 513 1094 599 εὑρέθησαν
1112 514 1267 599 μέλανες.
1296 511 1350 575 ἐτέ-

154 624 245 687 λευσε
269 624 303 686 δὲ
329 625 382 687 καὶ
414 624 541 697 τούτους
571 623 707 706 ἀρθῆναι
730 622 809 703 μετὰ
837 628 900 682 των
929 618 1235 704 ἀποβεβλημένων.
1280 617 1349 683 σίδέ

153 727 254 791 λοιποὶ
277 728 391 802 πάντες
412 727 557 810 ῆρθησαν
580 727 640 789 ύπδ
663 735 725 790 τῶν
748 724 936 808 παρθένων·
961 724 1080 788 λευκοί
1105 727 1177 809 γὰρ
1202 727 1290 801 ὄντες
1308 723 1348 805 ἡρ

126 830 319 914 εμόσθησαν
342 829 395 892 ὑπ’
418 831 521 892 αὐτῶν
543 837 605 893 τῶν
627 828 796 911 παρθένων
825 829 867 905 εἰς
890 831 947 912 τὴν
971 829 1183 914 οἰκοδομήν·
1221 828 1347 910 ἐξύτεςοι

151 935 186 998 δέ
209 933 375 1018 ἐτέθησαν,
399 935 445 996 ότι
468 933 562 1016 ὑγιεῖς
586 932 773 1017 εὑρέθησαν,
798 934 878 996 ὥστε
893 932 1060 998 δύνασθαι
1088 935 1217 1010 αὐτοὺς
1239 941 1347 1016 κρατεῖν

152 1041 223 1113 τοὺς
247 1038 289 1112 εἰς
304 1038 340 1099 τό
362 1035 457 1119 μέσον
474 1034 644 1110 τεθέντας·
668 1035 749 1110 ὅλως
765 1037 827 1119 γὰρ
849 1034 881 1112 ἐξ
902 1037 1007 1099 αὐτῶν
1035 1038 1138 1101 οὐδὲν
1157 1036 1345 1122 ἐκολοβύθη.

153 1146 182 1209 ό.
207 1140 273 1205 εἶτα
295 1139 435 1202 κατενόει
458 1142 529 1215 τοὺς
551 1139 706 1224 σκληροὺς
729 1141 783 1203 καί
808 1149 950 1222 τραχεῖς,
975 1143 1032 1204 καί
1060 1142 1175 1227 ὀλίγοι
1201 1143 1237 1220 ἐξ
1260 1143 1345 1205 αἰτῖιν

153 1246 380 1331 ἀπεβλήθησαν
403 1245 454 1308 διὰ
477 1247 566 1329 τὸμὴ
590 1246 746 1311 δύνασθαι
763 1245 1004 1330 λατομηθῆναι·
1031 1245 1182 1331 σκληροὶ
1207 1249 1271 1332 γὰρ
1290 1245 1345 1308 λίαν

115 1372 139 1407 1⁰
154 1349 340 1434 εὑρέθησαν.
386 1349 414 1412 οί
436 1349 470 1412 δέ
493 1349 595 1414 λοιποί
628 1352 731 1414 αύτύν
754 1349 999 1433 ἐλατομήθησαν
1032 1353 1094 1414 καὶ
1119 1352 1279 1436 ἠρθησαν
1298 1350 1345 1412 δαί

152 1465 214 1518 τῶν
237 1453 405 1536 παρθένων
428 1456 481 1518 καί
505 1456 547 1530 εἰς
570 1455 667 1540 μέσην
689 1459 745 1538 τἠν
768 1455 933 1536 οἰκοδομὴν
955 1463 1012 1517 τοῦ
1037 1455 1175 1540 πύργου
1191 1455 1344 1540 ἡρμόσθῃ·

152 1581 228 1622 σαν·
253 1558 473 1641 ἀσθενέστεροι
494 1562 556 1643 γὰρ
578 1558 668 1645 ἦσαν.
715 1564 745 1626 7.
769 1558 835 1623 εἶτα
850 1558 992 1622 κατενόει
1015 1563 1096 1636 τοὺς
1121 1563 1267 1645 ἔχοντας
1288 1563 1344 1633 τούς

152 1663 298 1741 σπίλους,
327 1664 380 1726 καί
405 1663 441 1726 ἐκ
464 1662 583 1727 τούτων
615 1662 774 1746 ἐλάχιστοι
797 1662 994 1747 ἐμελοίνησαν
1025 1666 1088 1727 καί
1117 1665 1344 1751 ἀπεβλήθηστν

152 1770 227 1849 πρός
250 1771 320 1842 τοὺς
343 1766 479 1841 λοιπούς.
527 1768 556 1830 οί
579 1768 614 1831 δέ
637 1768 871 1850 περισσεύοντες
893 1767 1029 1850 λαμπροί
1059 1772 1121 1833 καί
1148 1771 1254 1856 ὑγιεῖς
1276 1767 1344 1850 εὑρέ·

115 1893 139 1929 ιε
154 1876 278 1957 θησαν·
301 1873 355 1934 καί
378 1869 461 1934 ούτοι
487 1870 694 1957 ἡρμόσθησαν
717 1873 777 1936 ύπδ
800 1882 862 1936 τῶν
885 1870 1055 1954 παρθένων
1082 1875 1131 1950 εἰς
1158 1879 1223 1959 τὴν
1240 1875 1344 1940 οἰκοδο

153 1977 231 2060 μήν,
256 1976 397 2058 ἐξύτεροι
420 1976 455 2039 δέ
479 1974 635 2059 ἐτέθησαν
658 1977 710 2040 διὰ
732 1979 787 2059 τἠν
813 1976 1000 2060 ίσχυρότητα
1023 1979 1150 2045 αὐτῶν.

241 2080 278 2148 9.
299 2080 377 2145 Είτα
400 2079 483 2166 ἦλθε
506 2091 699 2164 κατανοῆσαι
731 2084 802 2155 τοὺς
825 2080 956 2154 λευκούς
978 2081 1032 2143 καί
1059 2085 1291 2168 στρογγύλους
1310 2082 1345 2146 λί-

154 2188 232 2259 θους
260 2188 313 2248 καί
337 2185 420 2269 λέγει
450 2203 520 2268 μοι·
556 2183 595 2247 Τί
617 2195 765 2268 ποιοῦμεν
798 2186 866 2266 περί
889 2184 1008 2248 τούτων
1035 2193 1107 2249 τῶν
1140 2187 1275 2267 λίθων;
1307 2187 1345 2263 Τί,

154 2288 241 2372 φημί,
258 2288 320 2371 ἐγὼ
335 2289 490 2372 γινώσκω,
507 2288 611 2371 κύριε;
635 2287 733 2352 Ούδέν
747 2286 801 2353 ούν
817 2288 946 2364 ἐπινοεῖς
961 2290 1030 2371 περὶ
1043 2292 1184 2373 αύτῶν;
1211 2299 1245 2360 2.
1263 2291 1345 2377 Ἐγύ

115 2409 140 2446 2⁰
155 2391 242 2476 φημί,
264 2392 360 2474 κύριε,
384 2394 498 2477 ταύτην
521 2396 577 2476 τὴν
599 2393 711 2477 τέχνην
734 2395 793 2456 ούκ
815 2395 894 2476 έχω,
924 2394 996 2456 οὐδὲ
1019 2392 1169 2478 λατόμος
1196 2400 1263 2483 εἰμί
1286 2398 1346 2462 ούδὶ

154 2496 286 2579 δύναμαι
319 2507 437 2580 νοῆσαι.
494 2497 540 2561 Ού
576 2497 698 2583 βλέπεις
733 2498 861 2576 αύτούς,
894 2495 986 2580 φησί,
1020 2496 1097 2562 λίαν
1134 2501 1347 2588 στρογγύλους

154 2603 264 2680 ύντας;
287 2603 339 2663 καί
363 2601 417 2665 ἐὰν
441 2605 553 2678 αύτούς
569 2602 701 2685 θελήσω
725 2600 936 2686 τετραγώνους
952 2610 1095 2685 ποιῆσαι,
1119 2606 1214 2671 πολὺ
1238 2609 1286 2672 δεῖ
1299 2607 1345 2670 ἀπ

154 2706 257 2769 αὐτῶν
288 2707 502 2791 ἀποκοπῆναι·
536 2708 640 2771 δεῖδὲ
669 2707 702 2785 ἐξ
733 2709 835 2770 αὐτῶν
866 2705 898 2783 ἐξ
927 2706 1069 2790 ἀνάγκης
1103 2712 1200 2786 τινὰς
1233 2712 1278 2787 είς
1298 2714 1347 2794 τὴν

154 2810 320 2893 οἰκοδομὴν
342 2814 482 2895 τεθῆναι.
530 2817 558 2879 3.
583 2812 621 2875 Εἰ
646 2810 709 2891 σύν,
734 2811 821 2896 φημί,
845 2812 946 2893 κύριε,
971 2811 1099 2897 ἀνάγκη
1125 2812 1218 2896 ἐστί,
1252 2817 1282 2879 τί
1302 2836 1347 2879 σε·

115 2932 140 2969 ω
154 2917 248 2979 αυτόν
271 2915 444 2999 βασανίζεις
473 2918 525 2979 καί
549 2918 607 2979 ούκ
640 2915 778 2999 ἐκλέγεις
801 2916 844 2991 εἰς
876 2918 931 2998 τὴν
954 2914 1128 2999 οἰκοδομὴν
1160 2921 1223 2996 οὓς
1247 2921 1347 2995 θέλεις

153 3021 206 3081 καί
231 3020 373 3102 ἁρμόζεις
403 3021 445 3095 είς
475 3020 587 3104 αὐτήνς
623 3019 783 3097 ἐξελέξατο
814 3019 847 3097 ἐξ
879 3021 981 3083 αὐτῶν
1010 3022 1084 3094 τοὺς
1120 3023 1277 3104 μείζονας
1298 3026 1347 3088 καί

154 3123 313 3206 λαμπροὺς
335 3128 388 3188 καί
412 3124 603 3211 ἐλατόμησεν
627 3125 757 3199 αὐτούς·
782 3125 814 3186 αί
836 3124 871 3187 δέ
886 3122 1039 3204 παρθένοι
1062 3125 1190 3206 ἅρασαι
1207 3131 1346 3213 ἥρμοσαν

154 3228 196 3302 είς
219 3230 257 3289 τὰ
286 3227 421 3311 ἐξύτερα
450 3228 525 3312 μέρη
556 3239 609 3312 τῆς
642 3229 818 3311 οἰκοδομῆς.
863 3233 894 3294 4.
918 3227 947 3290 οῖ
975 3227 1010 3290 δέ
1039 3226 1148 3293 λοιποί
1186 3233 1220 3297 οί
1243 3254 1346 3317 περισ·

154 3331 319 3408 σεύσαντες
348 3333 492 3417 ῆρθησαν
523 3334 576 3395 καί
608 3332 809 3416 ἀπετέθησαν
839 3332 881 3406 είς
912 3332 947 3394 τό
978 3330 1107 3412 πεδίον,
1142 3336 1229 3402 ὅθεν
1259 3337 1346 3420 ῆνέχ·

114 3455 140 3492 ω
155 3439 275 3520 θησαν·
299 3438 357 3499 οὐκ
373 3435 601 3521 ἀπεβλήθησαν
624 3435 668 3515 δέ,
685 3435 766 3514 Ὅτι,
790 3435 875 3520 φησί,
899 3435 996 3498 λείπει
1019 3443 1064 3519 τῷ
1088 3438 1209 3525 πύργῳ
1235 3444 1281 3507 ἔτι
1302 3465 1346 3526 μι-

154 3541 229 3620 κρόν
258 3540 514 3624 οἰκοδομηθῆναι.
559 3539 683 3614 πάντως
712 3540 746 3602 δέ
776 3539 864 3604 θέλει
897 3540 913 3602 ὁ
944 3540 1098 3624 δεσπότης
1133 3555 1194 3609 τοῦ
1229 3549 1345 3632 πύργου

154 3644 280 3718 τούτους
303 3644 500 3728 ἁρμοσθῆναι
529 3646 600 3719 τοὺς
623 3644 734 3719 λίθους
763 3645 806 3720 εἰς
828 3647 884 3726 τἠν
913 3644 1099 3729 οἰκοδομήν,
1135 3651 1186 3714 ότι
1210 3651 1345 3738 λαμπροί

227 3767 238 3816 l
259 3762 457 3837 ἀσθενέστεραι
477 3764 501 3820 G
524 3765 528 3834 ί
553 3763 569 3816 3
588 3763 708 3838 ἀρθῆναι
728 3763 821 3819 GL¹A
840 3763 1010 3832 (transferri)
1023 3783 1030 3816 ι
1043 3765 1111 3821 tolli
1139 3774 1171 3825 ού
1196 3775 1271 3842 poni
1290 3773 1341 3827 11¹!

153 3849 198 3913 4ί5
215 3850 318 3916 πάντες
336 3881 369 3889 -
388 3848 538 3921 οίκοδομὴν
556 3851 667 3905 Gztoti
686 3850 799 3904 candidi
818 3851 929 3905 inventi
947 3855 1025 3915 eunt;
1047 3855 1129 3910 ethi
1150 3859 1266 3917 sublnti
1285 3864 1343 3915 sunt

154 3951 172 3986 a
188 3935 345 4005 virginibus
373 3939 403 3991 et
427 3939 519 4007 aptati
546 3939 576 3991 in
601 3937 699 3992 eadem
727 3938 799 3991 turri
817 3937 933 4007 mm)
959 3941 963 4004 Ι
988 3939 1170 4016 8σκληρούς
1188 3987 1218 4002 ..
1240 3956 1344 4022 τραχεῖς

153 4019 357 4093 L(A):cx)G1
376 4025 406 4077 10
425 4022 479 4081 ὑπό
492 4044 498 4077 ι
512 4025 567 4082 ἀπὸ
588 4025 681 4096 (³112
701 4024 899 4100 ἀσθενέστεραι
916 4025 955 4095 (θ)
972 4025 997 4080 G
1020 4028 1024 4093 Ι
1049 4029 1083 4081 13
1102 4028 1288 4107 ἐμελάνησσν
1304 4051 1343 4089 em

154 4108 188 4159 cf.
208 4110 248 4171 30,
268 4108 496 4178 διέμελάνωσαν
513 4112 536 4167 G
553 4115 557 4182 1
575 4115 607 4168 14
624 4118 670 4170 καὶ
688 4110 773 4186 ύγιεῖς
790 4113 812 4166 L
830 4115 871 4183 (et
888 4112 993 4183 integri
1013 4114 1049 4165 cf.
1071 4134 1097 4169 v.
1112 4118 1144 4186 5)
1158 4139 1165 4172 ι
1178 4127 1228 4180 καὶ
1249 4122 1342 4182 ἐκεῖνον

154 4193 185 4256 G,
199 4197 233 4261 >
245 4195 269 4248 A
285 4197 289 4264 1
307 4197 339 4249 19
356 4197 432 4270 κύριε
451 4197 508 4252 GL¹
522 4219 528 4252 :
542 4202 571 4253 et
589 4201 630 4255 ait
649 4199 718 4253 mihi
736 4199 794 4253 L²A
810 4203 814 4269 Ι
831 4196 880 4257 οὖν
892 4204 924 4266 -θ
937 4200 1033 4267 inquit
1047 4200 1082 4255 L¹
1102 4208 1106 4272 Ι
1122 4206 1159 4261 21
1180 4222 1283 4282 νοῆσαι
1295 4212 1344 4282 :†
