2834 5018
168 326 232 390 232
594 317 735 374 IGNATII
752 318 929 374 EPISTULA

168 496 248 581 ὑμῖν.
293 501 323 565 2.
347 495 558 574 καταξιωθείς
580 498 640 580 γὰρ
664 495 816 579 όνόματος
831 495 1116 577 θεοπρεπεστάτου,
1140 493 1173 558 ἐν
1196 490 1240 568 οίς
1264 518 1351 580 περι·

168 603 253 687 φέρω
276 603 399 686 δεσμοῖς
423 601 490 685 ᾄδω
518 602 573 675 τὰς
596 598 783 683 ἐκκλησίας,
811 599 844 664 ἐν
868 597 915 674 αίς
938 600 1048 662 ἕνωσιν
1077 601 1209 682 εὔχομαι
1232 603 1349 683 σαρκός

167 710 220 772 καί
243 707 419 791 πνεύματος
435 705 539 791 Ἰησοῦ
555 703 702 787 Χριστοῦ,
724 714 779 767 τοῦ
802 705 853 767 διὰ
876 705 991 778 παντὸς
1013 702 1101 786 ἡμῶν
1124 704 1191 787 ζῆν,
1214 704 1349 782 πίστεως

167 815 275 876 τεκαὶ
299 812 437 896 ἀγάπης,
470 808 507 894 ἧς
539 809 628 873 οὐδὲν
657 809 872 892 προκέκριται,
905 811 940 871 τό
972 808 1006 871 δέ
1033 806 1219 891 κυριώτερον
1243 810 1351 895 Ἰησοῦ

142 919 220 980 ικαί
242 916 371 997 πατρός·
408 912 441 977 ἐν
465 911 490 998 ᾧ
514 912 719 996 ὑπομένοντες
742 915 798 996 τὴν
821 923 926 976 πᾶσαν
950 912 1095 995 ἐπήρειαν
1117 923 1173 976 τοῦ
1198 916 1349 997 ἄρχοντος

167 1030 221 1085 τοῦ
244 1021 356 1095 αίῦνος
379 1017 493 1082 τοῦτου
516 1020 568 1081 καί
593 1018 796 1102 διαφυγόντες
820 1021 899 1084 θεοῦ
921 1017 1108 1103 τευξόμεθα.

254 1127 295 1192 Π.
321 1123 409 1189 Ἐπεί
442 1120 495 1187 οὖν
524 1121 665 1208 ἠξιώθην
696 1123 770 1186 ἰδεῖν
799 1123 878 1206 ὑμᾶς
912 1123 964 1186 διά
987 1122 1079 1206 Δαμοῖ
1113 1132 1167 1186 τοῦ
1198 1123 1349 1201 ἀξιοθέου

166 1230 252 1314 ὑμῶν
276 1229 449 1292 ἐπισκόπου
474 1229 527 1290 καί
550 1226 767 1313 πρεσβυτέρων
791 1226 886 1305 ἀξίων
907 1226 1037 1291 Βάσσου
1060 1230 1113 1291 κοιί
1130 1227 1349 1294 Ἀπολλωνίου

166 1336 220 1397 καί
243 1344 297 1398 τοῦ
321 1333 494 1397 συνδούλου
517 1354 576 1416 μου
599 1333 745 1396 διακόνου
768 1331 945 1409 Ζωτίωνος,
979 1331 1014 1396 οὗ
1038 1332 1101 1416 ἐγὼ
1124 1333 1272 1419 ὀναίμην,
1301 1337 1348 1398 ότι

129 1461 153 1498 ιο
167 1439 376 1502 ὑποτάσσεται
406 1445 450 1521 τῷ
480 1435 641 1520 ἐπισκόπῳ
669 1435 711 1511 ὡς
742 1436 845 1519 χάριτι
875 1440 955 1502 θεοῦ
987 1439 1040 1501 καί
1063 1446 1107 1522 τῷ
1137 1437 1350 1522 πρεσβυτερίιμ

167 1543 209 1619 ὡς
231 1543 316 1627 νόμῳ
341 1540 446 1627 Ἰησοῦ
469 1540 617 1624 Χριστοῦ.

253 1649 309 1714 ΠΙ.
333 1646 397 1711 Καί
419 1648 489 1730 ὑμῖν
518 1647 553 1709 δὲ
575 1645 684 1728 πρέπει
707 1649 749 1730 μὴ
780 1650 981 1731 συγχρᾶσθαι
1009 1657 1047 1731 τη
1069 1645 1177 1731 ἡλικίᾳ
1204 1658 1259 1712 τοῦ
1282 1647 1348 1713 ἑπι-

167 1753 301 1834 σκόπου,
329 1752 413 1817 ἀλλὰ
434 1754 517 1816 κατά
545 1752 674 1835 δύναμιν
704 1755 783 1818 θεοῦ
812 1754 927 1834 πατρός
954 1762 1058 1815 πᾶσαν
1087 1752 1237 1836 ἐντροπὴν
1261 1756 1347 1838 αὐτῷ

167 1857 341 1941 ἀπονέμειν,
365 1859 476 1933 καθὼς
500 1858 600 1942 ἔγνων
624 1858 677 1919 καί
700 1860 771 1932 τοὺς
795 1857 902 1942 ἁγίους
917 1856 1142 1943 πρεσβυτέρους
1164 1859 1199 1921 οῦ
1223 1880 1347 1942 προσει-

129 1984 154 2022 ιο
167 1961 305 2047 ληφότας
328 1965 384 2046 την
409 1960 596 2046 φαινομένην
624 1963 809 2044 νεωτερικὴν
832 1961 931 2041 τάξιν,
962 1960 1035 2024 ἀλλ’
1058 1961 1101 2037 ὡς
1124 1961 1290 2046 φρονίμους
1313 1963 1348 2027 έν

166 2069 234 2149 θεῷ
263 2076 502 2150 συγχωροῦντας
532 2067 635 2148 αὐτῷ,
669 2066 727 2128 οὐκ
754 2066 839 2148 αὐτῷ
869 2064 917 2144 δέ,
946 2064 1029 2127 ἀλλὰ
1052 2074 1095 2149 τῷ
1126 2068 1217 2148 πατρί
1242 2066 1348 2152 Ἰησοῦ

166 2169 314 2253 Χριστοῦ,
337 2180 381 2254 τῷ
405 2172 530 2235 πάντων
554 2169 726 2253 έπισκόπῳ.
774 2173 803 2235 2.
828 2169 871 2244 είς
893 2172 983 2253 τιμὴν
998 2167 1052 2233 οὖν
1076 2171 1195 2234 ἐκείνου
1218 2182 1274 2235 τοῦ
1291 2175 1346 2238 θε-

166 2274 319 2358 λήσαντος
341 2274 423 2358 ημᾶς
446 2274 564 2357 πρέπον
587 2273 670 2337 ἐστίν
694 2273 859 2337 έπακοῦειν
882 2275 964 2337 κατὰ
995 2275 1145 2359 μηδεμίαν
1168 2275 1348 2356 ὑπόκρισιν·

167 2379 232 2443 ἐπεί
261 2383 319 2463 οὐχ
346 2383 392 2444 ότι
426 2383 479 2444 τόν
514 2380 684 2444 ἐπίσκοπον
712 2391 821 2444 τοῦτον
851 2382 904 2443 τόν
935 2379 1126 2466 βλεπόμενον
1155 2380 1262 2466 πλανᾷ
1290 2402 1345 2460 τις,

127 2505 152 2543 ιο
166 2483 250 2547 ἀλλὰ
273 2486 326 2548 τόν
350 2485 483 2567 ἀόρατον
505 2484 758 2568 παραλογίζεται.
804 2487 840 2548 τό
863 2486 898 2548 δὲ
920 2495 1061 2548 τοιοῦτον
1084 2487 1120 2548 οῦ
1144 2487 1220 2566 πρός
1245 2485 1350 2568 σάρκα

166 2590 183 2653 δ
206 2589 309 2673 λόγος,
332 2589 416 2653 ἀλλὰ
442 2592 519 2673 πρός
542 2592 620 2656 θεόν
641 2592 694 2654 τόν
718 2593 757 2652 τά
781 2589 897 2672 κρῦφια
919 2589 1032 2657 εἰδότα.

252 2696 308 2761 IV.
332 2693 456 2777 Πρέπον
473 2693 527 2759 οὖν
551 2695 634 2759 ἐστίν
650 2698 692 2778 μὴ
716 2695 810 2779 μόνον
834 2694 1005 2760 καλεῖσθαι
1023 2693 1240 2777 Χριστιανούς,
1264 2694 1349 2758 ἀλλὰ

165 2801 218 2862 καί
242 2798 338 2863 είναι·
363 2801 468 2883 ὥσπερ
490 2800 544 2864 καί
560 2822 638 2876 τινες
662 2799 832 2864 ἐπίσκοπον
857 2800 912 2883 μὲν
928 2798 1090 2877 καλοῦσιν,
1113 2799 1209 2881 χωρίς
1232 2800 1266 2863 δὲ
1291 2800 1350 2862 αό-

235 2935 328 3016 2ᾄόω
347 2939 440 3009 GLAg
453 2957 459 2991 :
474 2938 540 2996 ίδὼν
565 2939 642 2992 Ζοίιιι
664 2939 819 3007 respiciens
839 2940 862 3002 2,
884 2941 913 3000 1;
940 2939 965 3000 6,
988 2941 1000 2992 l
1028 2937 1032 3006 ί
1057 2936 1171 3009 θηρῶν
1190 2936 1260 2991 GA:
1278 2940 1350 3009 ἡμᾶς

166 3025 235 3096 Ιιίῦ)
254 3025 331 3078 Ζείιιι
347 3025 351 3094 ί
370 3027 399 3078 11
421 3029 546 3099 Χριστοῦ
558 3026 593 3097 ί-
606 3025 764 3096 glorificato
785 3026 867 3080 deum
880 3029 991 3094 patrem
1011 3025 1119 3079 domini
1132 3025 1195 3079 Iesu
1209 3025 1315 3080 christi
1327 3025 1351 3078 L

166 3114 200 3167 σί.
219 3112 289 3183 Eph.
303 3114 350 3176 1,1
368 3122 372 3180 Ι
390 3114 421 3167 15
441 3116 596 3185 φρονίμους
607 3112 654 3167 GL
668 3131 674 3164 :
686 3117 816 3189 φρονίμῳ
827 3114 851 3164 Α
862 3111 1016 3184 (g)Lightf.
1034 3111 1038 3181 Ι
1056 3111 1088 3165 18
1108 3114 1179 3183 ημᾶς
1197 3112 1244 3167 GL
1255 3112 1349 3166 Dam:

164 3199 236 3270 ὑμᾶς
253 3200 298 3270 Ag
316 3199 422 3270 Lightf.
448 3202 452 3267 Ι
479 3198 626 3256 ἐπακούειν
644 3197 851 3258 ίὶιένιακούειν
868 3200 941 3254 Ιλιιιιι
959 3201 1000 3271 (g)
1019 3199 1127 3268 Lightf.
1152 3199 1156 3269 Ι
1186 3198 1218 3252 19
1237 3199 1288 3272 οίγ
1305 3195 1349 3255 ότι

165 3287 370 3360 GL(?)A:01'>12
389 3286 461 3340 Ιλυπι
477 3288 481 3357 Ι
499 3287 532 3342 20
552 3287 584 3343 τό
603 3286 632 3343 δὲ
650 3296 780 3345 τοιοῦτον
801 3287 889 3358 GL(g)
904 3309 909 3339 ε
923 3291 963 3364 τῷ
983 3287 1011 3345 δὲ
1031 3287 1151 3362 τοιούτῳ
1169 3285 1242 3340 Dem

201 3411 225 3463 2.
245 3408 402 3463 Antiochus
421 3409 496 3463 Mon.
509 3409 590 3464 Hom.
603 3412 624 3473 1,
640 3411 686 3466 PG
699 3412 741 3474 89,
768 3430 830 3464 rum
849 3413 982 3481 episcopo
1002 3413 1051 3465 c.2
1070 3412 1223 3465 nominato.
1242 3444 1278 3452 —
1299 3418 1350 3468 τοῦ

168 3496 232 3550 1431
263 3499 393 3563 (πίστεως
418 3525 454 3536 -
480 3496 679 3571 προκέκριται).
708 3528 741 3537 -
768 3530 803 3538 -
820 3499 878 3569 ζῆν]
898 3498 940 3552 Cf.
959 3498 1028 3568 Eph.
1049 3499 1076 3561 3,
1095 3501 1126 3557 2;
1152 3498 1206 3552 Sm.
1226 3500 1251 3559 4,
1274 3501 1296 3555 l.
1315 3531 1351 3539 -

166 3583 306 3652 ὀνόματος
324 3583 418 3653 θεοῖο]
437 3584 515 3637 Haec
532 3585 626 3641 vernn
645 3588 678 3638 ut
702 3584 741 3638 vi·
768 3586 1078 3661 πίστεως-προκέκρ]
1090 3585 1317 3651 θὶιιιῦἰίετὸιιιδ,
1325 3593 1349 3643 1.

166 3670 208 3725 dit
225 3670 382 3740 nightfoot,
401 3671 584 3738 sequentibus
603 3671 742 3726 illustrari
804 3672 837 3725 ΙΙ.
856 3671 916 3731 ἐπεὶ
933 3670 984 3731 οὖν
1001 3675 1071 3745 κτλ]
1096 3672 1237 3743 Apodoeis
1257 3676 1350 3743 sequi-

164 3757 304 3810 videntur.
341 3756 469 3826 Ignatius
498 3775 564 3828 ergo
593 3774 683 3826 aeque
708 3776 742 3813 ac
769 3762 814 3814 tur
833 3778 855 3814 c.
874 3762 904 3823 6;
934 3778 989 3828 quo
1009 3761 1048 3824 fit,
1067 3763 1100 3815 ut
1118 3777 1141 3814 c.
1161 3761 1229 3816 3-5
1247 3780 1350 3832 paren·

165 3843 269 3897 Paulus
283 3843 365 3914 (Eph.
376 3847 399 3907 3,
414 3847 442 3909 1;
461 3846 486 3908 4,
502 3848 530 3908 l;
548 3845 665 3899 Philem.
679 3849 700 3908 1,
712 3848 740 3913 9)
768 3846 863 3900 thesin
883 3865 1016 3918 magnam
1037 3865 1096 3902 esse
1115 3850 1200 3916 putes
1220 3850 1288 3904 inde
1307 3868 1350 3905 or·

166 3948 195 3985 se
223 3931 349 3985 vinctum
378 3932 484 3987 christi
516 3949 577 3986 esse
609 3933 740 3987 laetatur.
768 3937 836 3995 tam,
857 3935 932 4000 quod
951 3935 980 3988 in
999 3936 1054 3989 fine
1073 3951 1094 3988 e.
1114 3937 1131 3989 2
1149 3935 1209 4006 ign.
1229 3937 1265 3990 de
1286 3938 1349 3991 ειιίν

166 4018 224 4072 Alii
250 4018 336 4072 verba
363 4017 544 4088 explicabant
569 4019 603 4073 de
628 4020 741 4074 nomine
769 4020 890 4075 iectione
904 4022 1018 4077 diaconi
1032 4024 1157 4078 Zotionis
1176 4025 1296 4092 loquens
1313 4024 1350 4077 si·

167 4103 288 4165 christi,
317 4105 351 4158 de
370 4105 482 4159 nomine
501 4107 678 4175 Theophori,
706 4108 741 4162 de
769 4109 836 4161 mile
856 4108 1023 4176 obsequium
1043 4126 1111 4179 erga
1128 4109 1292 4180 episcopum
1311 4110 1350 4164 ab

165 4189 250 4244 titulo
269 4191 408 4260 martyris,
427 4193 462 4246 de
482 4192 621 4263 dignitate
634 4195 739 4264 epieco·
770 4196 898 4249 omnibus
926 4197 1080 4267 Magnesiis
1109 4197 1254 4266 postulare
1284 4216 1348 4268 pro·

165 4276 233 4346 pali,
252 4278 297 4330 vel
317 4278 402 4333 etiam
422 4278 456 4333 de
469 4280 568 4347 Dama,
582 4281 740 4352 Magnesio·
768 4283 910 4350 peraverit
929 4283 1060 4354 (Hefele).
1083 4315 1117 4324 -
1143 4283 1291 4362 ἐπισαόπιρ
1309 4284 1350 4355 ὼς
