2834 5018
480 619 612 674 aleina
630 620 869 676 salamana
1172 626 1259 692 GVH

83 797 260 882 simpliciter
286 797 327 862 de
352 797 470 862 Ioanne
493 797 636 880 loquitur
657 797 798 884 (Fragm.
815 797 899 880 XV),
923 801 1112 866 Anastasius
1136 800 1257 865 Sinaita

83 901 215 988 (Fragm.
230 903 281 967 VI
297 903 374 987 sq.)‚
398 903 558 969 Maximus
581 903 750 969 Confeasor
773 903 913 989 (Fragm.
930 903 999 986 IX).
1046 904 1139 971 Solus
1153 908 1257 972 Euse-

81 1008 148 1071 bius
180 1009 214 1072 in
235 1008 325 1073 Hist.
351 1009 460 1073 eccles.
485 1008 546 1085 III,
571 1009 612 1073 39
647 1008 700 1092 (of.
724 1009 852 1095 Fragm.
876 1009 919 1092 Π)
954 1010 1046 1075 aliter
1078 1013 1183 1077 sentit.
1229 1012 1258 1077 Il

81 1114 236 1195 prooemio
260 1114 348 1177 enim
370 1114 404 1177 in
419 1113 538 1198 Papiae
561 1112 660 1178 libros
683 1114 897 1200 colligendum
919 1137 986 1179 esse
1006 1120 1108 1200 putat,
1133 1118 1257 1201 episco-

81 1240 153 1299 pam
174 1217 457 1302 Hierapolitanum
486 1219 649 1303 apostolos
671 1241 735 1283 non
756 1220 872 1284 vidisse
901 1241 1002 1304 neque
1024 1220 1150 1286 loannis
1177 1243 1256 1306 apo-

81 1323 161 1401 stoli,
187 1324 243 1387 sed
265 1324 374 1406 potius
396 1322 524 1388 Ioannis
546 1323 724 1407 presbyteri
746 1323 935 1407 discipulum
958 1325 1064 1390 fuisse.
1111 1325 1172 1390 Sed
1194 1347 1258 1390 non

82 1427 180 1490 solum
204 1427 267 1491 sibi
288 1427 352 1511 ipsi
367 1431 533 1511 repugnat,
559 1450 631 1492 oum
651 1427 684 1490 in
701 1423 857 1492 Chronico
880 1429 1071 1492 contrarium
1086 1428 1178 1506 dicat,
1202 1430 1258 1493 sed

81 1532 173 1595 etiam
196 1531 332 1595 nimium
353 1533 478 1614 probat.
526 1531 643 1616 Papias
664 1552 865 1616 nequaquam
886 1532 1023 1611 indicat,
1056 1554 1090 1597 se
1113 1533 1257 1615 apostolo

79 1636 195 1701 Ioanne
224 1636 379 1721 magistro
408 1659 472 1701 non
501 1637 599 1700 fuisse
630 1658 740 1712 usum,
772 1641 804 1700 et
825 1637 982 1702 Eusebius
1013 1638 1074 1703 hac
1101 1639 1134 1703 in
1163 1660 1197 1703 re
1220 1660 1257 1703 eo

80 1741 182 1805 minus
204 1741 267 1806 fide
297 1741 412 1826 dignus
435 1746 496 1817 est,
529 1764 599 1805 cum
621 1741 654 1805 in
677 1740 820 1805 Historia
849 1741 1061 1806 ecclesiastica
1088 1743 1256 1808 manifeste

79 1845 110 1909 id
141 1852 268 1930 ageret,
301 1850 338 1909 ut
369 1846 592 1910 auctoritatem
621 1847 762 1930 episcopi
794 1845 1026 1929 Hierapolitani
1057 1848 1255 1912 diminueret.

79 1949 208 2015 Praeter
224 1947 375 2040 Ioannem
398 1950 580 2034 apostolum
595 1951 711 2034 Papias
736 1974 807 2015 cum
822 1949 993 2029 Aristione,
1017 1952 1173 2036 discipulo
1187 1951 1256 2016 Do·

79 2054 171 2131 mini,
206 2059 410 2119 conversatus
439 2077 508 2120 esse
539 2056 670 2119 videtur.
715 2056 873 2120 Eusebius
902 2077 973 2120 eum
996 2056 1093 2120 etiam
1113 2061 1256 2141 tempore

79 2158 224 2243 Philippi
246 2160 376 2242 eiusque
404 2160 542 2224 filiarum
564 2160 679 2225 vixisse
702 2159 798 2223 refert
831 2159 883 2237 (of.
908 2159 1035 2244 Fragm.
1052 2160 1092 2236 ΙΙ,
1109 2160 1153 2242 9),
1179 2161 1256 2225 Phi·

79 2262 157 2346 lippi
180 2263 335 2346 apostoli‚
366 2267 402 2327 ut
424 2265 509 2341 dicit,
534 2265 640 2348 potius
669 2286 742 2328 vero
765 2265 867 2335 illius.
902 2265 956 2348 qui
979 2286 1018 2329 ex
1040 2271 1161 2349 septem
1189 2269 1257 2330 erat

81 2369 232 2452 cuiusque
253 2367 339 2432 filiae
356 2369 437 2433 dono
459 2367 647 2452 prophetiae
661 2368 825 2433 florebant.
871 2369 1019 2433 irenaeus
1034 2390 1106 2433 eum
1127 2369 1257 2453 insuper

82 2472 337 2537 contubernalem
351 2470 500 2556 (ἑταῖρον)
512 2472 682 2556 Polycarpi
694 2478 725 2538 et
742 2475 843 2538 virum
857 2478 995 2538 veterem
1008 2478 1101 2539 vocat
1113 2472 1253 2558 (Fragm.

80 2576 161 2658 Ι,4),
187 2582 220 2642 et
242 2577 288 2642 sic
310 2578 415 2641 dicens
439 2578 469 2641 ei
488 2578 618 2641 eandem
641 2577 708 2641 fere
731 2582 867 2642 aetatem
884 2578 1030 2643 attribuit
1053 2584 1148 2663 atque
1171 2579 1254 2643 huic.

80 2679 291 2765 Hieronymus
315 2680 451 2746 fortasse
475 2682 532 2746 illa
554 2683 650 2746 verba
665 2683 698 2745 in
719 2687 824 2747 mente
847 2682 960 2747 habuit
973 2682 1138 2748 Irenaeum
1161 2683 1254 2748 disci-

79 2786 190 2869 pulum
213 2784 333 2869 Papiae
357 2787 524 2870 appellans
548 2785 686 2870 (Fragm.
710 2786 826 2868 XVI1).

165 2889 247 2954 Gum
261 2889 379 2975 Papias
394 2891 495 2975 igitur
510 2890 576 2954 fere
599 2891 740 2974 aequalis
755 2891 926 2975 Polycarpi
946 2892 1043 2956 fuerit
1064 2913 1166 2977 neque
1182 2914 1256 2956 vero

81 2996 119 3058 ad
140 3018 298 3060 summam
314 3000 518 3072 senectutem,
543 3018 638 3080 quam
652 2997 705 3060 hio
728 3000 889 3061 assecutus
904 3000 962 3073 est,
978 2997 1157 3080 pervenisse
1172 2996 1255 3059 iudi-

81 3101 196 3164 candus
219 3101 271 3176 sn,
295 3100 363 3164 eius
378 3101 476 3164 vitam
499 3101 589 3164 annis
605 3101 756 3165 60-140
771 3100 821 3163 vel
837 3101 987 3164 70-150
1002 3100 1256 3164 circumscribere

80 3202 158 3267 licet.
207 3203 386 3268 Chronicon
414 3203 564 3288 paschale
593 3225 665 3267 eum
696 3205 806 3268 eodem
837 3208 977 3286 tempore
1000 3203 1148 3287 Pergami
1169 3225 1255 3266 mar·

79 3309 196 3390 tyrium
219 3308 354 3373 subiisse
376 3309 483 3384 refert,
508 3329 570 3391 quo
586 3308 782 3391 Polycarpus
798 3305 951 3388 Smyrnae
975 3305 1142 3370 defimotus
1157 3311 1253 3383 esset3

79 3409 163 3475 haud
185 3411 281 3475 dubie
304 3410 398 3487 false;
421 3411 533 3474 nititur
556 3410 639 3474 enim
661 3410 694 3474 in
716 3411 848 3476 Eusebii
870 3410 911 3474 H.
928 3409 966 3474 E.
983 3408 1039 3488 IV,
1059 3409 1108 3486 15,
1125 3411 1177 3486 48,
1200 3411 1256 3474 ubi

80 3514 198 3599 Papiae
225 3514 332 3579 locum
363 3515 486 3580 obtinet
508 3515 661 3599 Papylus.
707 3516 819 3600 Neque
842 3516 975 3599 Papiam
1005 3515 1147 3599 palmam
1169 3537 1254 3578 mar-

79 3621 151 3703 tyrii
175 3625 379 3685 consecutum
408 3641 476 3684 esse
498 3626 634 3698 constat,
663 3642 734 3684 cum
760 3620 899 3685 Eusebio
932 3619 1065 3703 aliisque
1097 3619 1255 3684 veteribus

79 3725 257 3789 tacentibus
281 3723 418 3788 maxime
433 3724 565 3789 dubium
588 3726 637 3802 sit,
662 3748 738 3789 num
753 3724 897 3803 Photius,
923 3724 977 3808 qui
996 3745 1068 3788 eum
1082 3729 1254 3807 martyrem

79 3833 169 3893 vocat
192 3827 334 3912 (Fragm.
352 3827 405 3909 X),
430 3829 632 3893 traditionem
654 3835 772 3893 certam
794 3829 949 3893 habuerit.

166 3931 302 4016 Scripsit
324 3929 446 4013 Λογίων
462 3942 622 4014 κυριακῶν
646 3931 823 4016 ἐξηγήσεως
839 3930 1067 4015 συγγράμματα
1088 3932 1138 3996 vel
1154 3929 1255 4015 βιβλία

79 4033 178 4100 πέντε.
225 4036 288 4101 Hic
318 4041 403 4101 certa
431 4040 512 4101 teste
534 4038 674 4103 Eusebio
703 4039 743 4102 H.
767 4038 805 4102 Ε.
828 4036 886 4114 ΠΙ,
910 4037 952 4102 39
980 4034 1032 4118 (of.
1056 4036 1184 4120 Fragm.
1208 4035 1253 4119 Il]

79 4141 191 4205 titulus
214 4140 321 4224 operis
345 4139 415 4204 fuit.
462 4141 673 4226 Hieronymus
697 4142 809 4224 (Catal.
828 4165 853 4207 o.
873 4140 925 4222 18)
949 4141 1058 4205 vertit:
1083 4143 1254 4223 Explana-

81 4251 125 4309 tr'o
147 4265 339 4310 ecmannum
363 4248 505 4309 Domini.
551 4245 709 4311 Maximus
725 4246 895 4311 Confessor
909 4244 1038 4309 titulum
1060 4243 1146 4309 haud
1161 4246 1256 4311 dubie

82 4349 277 4415 abbreviavit
299 4349 437 4432 prImum
461 4353 492 4413 et
516 4355 664 4434 quartum
686 4351 802 4416 librum
818 4357 878 4411 τῶν
902 4356 1061 4429 κυριακῶν
1078 4345 1255 4432 ἐξηγήσεων

82 4450 221 4537 allegam
251 4452 306 4535 (cf.
337 4451 462 4537 Fragm.
487 4452 565 4517 VIII
589 4459 621 4518 et
642 4454 710 4535 IX).
763 4452 901 4517 Sen'ores
931 4452 1001 4517 voci
1032 4450 1146 4535 λογίων
1177 4455 1254 4518 sub-

83 4555 249 4621 stituerimt
271 4577 381 4620 vocem
403 4554 506 4639 λόγων
530 4557 584 4641 (cf.
609 4559 735 4643 Fragm.
759 4557 829 4638 111).
