2834 5018
152 318 281 385 cmv
596 313 880 370 PROLEGOMENA.

152 493 349 559 scodicibus
381 493 581 557 emendatum
611 492 740 557 edidit¹.
787 491 849 557 Sed
877 514 979 576 neque
1010 492 1088 557 haec
1119 494 1214 558 editio
1248 494 1327 557 adeo

151 599 296 683 perfecta
310 603 368 675 est,
392 601 429 661 ut
451 620 514 661 non
529 598 725 662 emendatior
745 598 838 663 valde
854 598 1056 662 desideretur.
1086 597 1231 683 Namque
1247 600 1328 663 duos

151 707 276 768 tantum
307 702 444 779 codices,
475 700 596 766 scilicet
618 701 828 766 Dresdsnsem
851 701 945 782 (saec.
971 701 1044 783 XV)
1074 706 1107 767 st
1134 702 1328 768 Vaticanum

152 805 244 889 (saec.
263 805 352 889 XIV)
378 808 418 871 ab
441 805 576 870 Alberto
600 805 729 870 Dressel
750 804 901 871 collatum
923 805 1111 890 Hilgenfeld
1139 807 1328 872 adhibuerat

151 916 183 977 et
205 933 431 995 nonnunquam
453 911 491 974 iis
514 910 650 974 dimissis
679 915 801 974 textum
823 911 991 995 vulgatum
1020 910 1231 994 praetulerat,
1262 933 1328 976 non

152 1038 321 1099 quaerens,
351 1037 428 1080 num
450 1014 609 1079 codicibus
638 1014 774 1078 traditus
796 1018 880 1078 esset
906 1037 947 1078 an
968 1036 1041 1079 non.
1087 1014 1176 1078 Duas
1199 1016 1328 1100 quidem

151 1125 268 1205 partes,
292 1142 334 1186 sc.
358 1117 461 1184 bland.
478 1118 548 1195 ΧΠ,
565 1120 585 1182 3
602 1153 645 1163 -
661 1118 690 1195 5,
707 1119 743 1196 3,
776 1119 832 1183 ubi
853 1120 956 1184 versio
980 1119 1080 1183 altera
1101 1141 1156 1183 seu
1178 1118 1328 1184 Palatina

151 1224 297 1289 lacunam
318 1223 434 1299 habet,
467 1227 499 1286 et
522 1221 598 1287 Sim.
620 1222 674 1299 IX,
696 1223 748 1298 30,
773 1223 793 1286 3
816 1244 916 1307 nsque
938 1224 979 1287 ad
1000 1223 1112 1298 finem,
1143 1223 1199 1287 ubi
1220 1229 1327 1289 textus

152 1350 283 1414 graecus
310 1328 521 1402 desideratur,
553 1325 589 1391 Ο.
614 1327 653 1390 de
676 1325 838 1391 Gebhardt
860 1348 877 1390 e
900 1347 956 1390 sex
986 1327 1145 1392 codicibus
1175 1329 1273 1393 edidit
1296 1336 1328 1394 et

153 1433 259 1497 decem
281 1432 362 1496 alios
390 1431 513 1496 codices
540 1430 706 1513 descripsit
715 1426 737 1493 ².
783 1429 892 1494 Editio
921 1434 1027 1495 autem
1054 1432 1205 1496 versionis
1226 1433 1327 1497 totius

152 1537 263 1602 critica
285 1538 387 1602 adhuc
410 1538 506 1601 deest.

239 1641 401 1706 Versio
423 1641 574 1705 latina
595 1640 860 1705 alteracodice
875 1640 992 1704 tradita
1006 1645 1055 1704 est
1069 1639 1217 1705 Palatino
1231 1641 1325 1723 (saec.

152 1743 261 1826 XIV),
290 1767 373 1810 nunc
395 1744 567 1823 Vaticano,
600 1749 631 1809 et
659 1743 757 1829 vulgo
786 1744 981 1808 Palatina
1011 1748 1150 1808 vocatur.
1197 1745 1327 1809 Dressel

151 1851 272 1935 primus
301 1872 370 1915 eam
394 1870 431 1913 ex
459 1849 516 1912 illo
539 1849 645 1913 codice
676 1850 781 1913 edidit
827 1849 938 1914 Plures
968 1851 1054 1915 locos
1081 1852 1327 1916 emendaverunt

151 1953 348 2039 Hollenbcrg
357 1952 380 2031 ³,
394 1952 588 2037 Hilgenfeld,
605 1952 775 2032 Gebhardt,
791 1958 824 2017 et
845 1954 897 2018 hic
912 1955 1088 2020 versionem
1109 1956 1211 2020 denuo
1235 1957 1325 2039 prelo

152 2058 306 2123 submisit.
352 2058 385 2122 L.
404 2056 532 2121 Schnell
551 2058 689 2122 codicem
711 2058 827 2122 iterum
842 2058 987 2137 excussit,
1011 2064 1043 2124 et
1059 2080 1118 2143 ego
1133 2060 1284 2124 lectiones
1307 2082 1327 2123 a

151 2165 240 2226 textu
261 2161 462 2226 Dresseliano
485 2161 682 2245 divergentes
704 2161 892 2245 publicavi⁴.

240 2263 330 2342 Quod
352 2269 458 2329 autem
481 2265 521 2329 ad
543 2268 681 2330 aetatem
701 2268 881 2332 versionum
902 2268 1073 2333 latinarum
1096 2271 1219 2347 attinet,
1248 2271 1326 2335 olim

152 2390 260 2434 omnes
289 2374 476 2434 censuerunt
504 2368 668 2453 vulgatam
690 2370 778 2435 brevi
799 2375 874 2455 post
896 2372 1032 2437 Hermae
1054 2378 1179 2458 tempus
1212 2397 1325 2440 exara·

151 2476 226 2549 tam,
249 2473 314 2536 iam
336 2472 531 2538 Tertulliano
554 2475 715 2559 cognitam
737 2475 835 2541 fuisse
849 2476 898 2540 Dc
914 2480 992 2541 orat.
1017 2501 1043 2542 c.
1063 2480 1103 2543 16
1130 2480 1255 2558 dicenti,
1284 2480 1325 2544 li-

152 2578 247 2642 brum
261 2577 425 2643 Pastorem
448 2577 524 2659 (non
547 2575 696 2662 Ποιμὲνα)
719 2580 858 2658 inscribi,
882 2581 994 2646 saltem
1017 2581 1248 2667 Ps.·(lypriano
1275 2583 1327 2648 vel

152 2681 272 2746 auctori
295 2681 396 2747 libelli
419 2682 467 2747 De
490 2683 683 2748 aleatoribus
705 2686 831 2750 saeculo
854 2685 902 2751 III
924 2692 1067 2766 exeunte,
1092 2689 1146 2772 qui
1168 2691 1229 2754 cd
1246 2688 1323 2754 Sim.

150 2783 205 2864 IX,
223 2786 274 2862 31,
292 2787 377 2850 5-6
401 2786 544 2871 allegans
567 2793 651 2852 certe
673 2810 711 2852 ea
733 2812 808 2854 usus
833 2795 889 2854 est.
936 2790 1121 2856 Versionem
1143 2792 1326 2858 Palatinam

152 2888 303 2955 Hamaclr
326 2889 370 2975 (p.
394 2890 480 2956 LXV
502 2891 585 2976 sqq.)
611 2874 745 2958 'saeculo
768 2893 798 2957 V
821 2899 981 2960 exaratam
1008 2894 1105 2960 fuisse
1128 2897 1269 2974 coniecit,
1295 2901 1326 2962 et

152 2993 315 3059 Gebhardt
338 2994 382 3079 (p.
398 2994 519 3078 XXIV)
543 2997 609 3061 eius
633 3001 794 3062 auctorem
815 2999 990 3063 versionem
1004 2998 1169 3084 vulgatam
1183 3001 1217 3065 in
1231 3024 1325 3067 usum

151 3119 243 3161 suum
265 3101 454 3164 convertisse
478 3101 623 3179 ostendit,
648 3102 815 3185 praecipue
837 3103 871 3167 in
893 3102 1167 3183 Similitudinibus,
1197 3127 1269 3171 cum
1291 3106 1325 3171 in

152 3200 334 3267 Visionibus
357 3201 503 3286 (excepta
524 3204 591 3269 Vis.
609 3204 650 3287 V)
680 3205 903 3291 Mandatisque
926 3208 1066 3292 (praeter
1093 3210 1280 3276 Mandatum
1294 3212 1324 3293 Ι)

224 3388 378 3443 chrmae
405 3388 512 3444 Pastor.
549 3390 681 3446 Veterem
709 3391 825 3447 latinam
852 3394 1114 3465 interpretationem
1139 3415 1154 3453 e
1180 3399 1324 3455 codicibus

152 3472 242 3528 edidit
258 3475 291 3528 A.
310 3474 344 3529 H.
380 3475 492 3544 Lipsiae
511 3475 587 3531 1878.

219 3561 375 3616 2Hermae
393 3563 501 3620 Pastor.
537 3564 649 3633 Lipsiae
669 3567 735 3622 1877
755 3585 783 3636 p.
801 3566 987 3624 xlv-ms
1023 3570 1135 3626 Interea
1159 3573 1246 3626 etiam
1274 3574 1324 3627 alii

152 3647 261 3702 codices
280 3650 437 3703 versionem
454 3650 598 3705 tradentes
617 3653 723 3707 detecti
742 3657 816 3708 sunt.
853 3655 894 3709 cf.
908 3655 1044 3721 Ithrhard,
1064 3659 1119 3713 Die
1133 3660 1325 3716 oltcbn'stb'che

152 3732 303 3790 Matar
323 3737 389 3792 1000
407 3754 433 3806 p.
455 3737 511 3791 104.

221 3822 238 3873 3
256 3822 401 3876 Pastorem
414 3823 534 3877 Hermae
553 3825 721 3889 emendarit,
740 3826 861 3883 indicem
880 3830 1028 3884 verborum
1047 3832 1157 3886 addidit
1169 3832 1243 3888 Guil
1258 3834 1323 3888 Hol-

152 3904 276 3977 lenberg.
312 3908 437 3963 Berolini
457 3910 530 3965 1868.

220 3994 410 4063 dZeitscbn'ft
435 3998 484 4061 far
509 3998 552 4052 dic
578 3999 806 4055 commessura
834 4002 999 4071 &massan
1016 4004 1133 4060 XXXVI
1152 4007 1251 4076 (1885),
1272 4008 1324 4062 245

152 4078 245 4131 -249.
281 4081 429 4146 Harmas,
456 4083 609 4140 saunas
626 4085 673 4140 der
690 4087 828 4143 altctrr'stl.
847 4089 999 4146 Mantus
1017 4093 1029 4145 I
1048 4091 1147 4163 (1893),
1166 4095 1208 4157 51,
1228 4095 1262 4148 de
1282 4110 1323 4148 se-

152 4166 242 4219 cundo
261 4167 356 4221 codice
375 4168 500 4225 Romano
518 4171 591 4226 hano
617 4173 772 4228 versionem
791 4175 953 4232 continente
973 4179 1114 4246 loquitur,
1143 4197 1208 4234 eum
1228 4185 1322 4237 autem

151 4268 208 4306 non
227 4255 386 4310 accuratius
406 4256 544 4328 designat.
