2834 5018
152 306 213 371 120
619 299 633 352 1
653 299 859 355 σιπυπιιυιε

150 476 286 558 είδομεν
308 478 424 556 αὐτόν,
448 477 505 541 καὶ
521 478 583 541 οὐκ
606 476 696 557 εἶχεν
711 474 799 557 είδος
823 475 902 540 οὐδὲ
916 477 1052 558 κάλλος,
1076 477 1164 543 ἀλλά
1187 480 1225 543 τδ
1242 479 1320 561 είόος

150 585 256 646 αὐτοῦ
277 582 421 662 ἀτιμον,
451 580 610 645 ἐκλεῖπον
632 580 726 664 παρὰ
750 581 787 646 τὸ
811 581 899 662 εἶδος
921 588 992 646 τῶν
1015 581 1236 667 ἀνθρώπων·
1269 587 1320 649 ἀν·

150 683 293 769 θρωπος
316 686 355 750 ἐν
377 685 492 770 πληγῇ
520 687 572 749 ὢν
594 685 650 748 καῖ
672 687 769 768 πόνῳ
800 687 856 749 καὶ
880 686 978 767 είδώς
1000 688 1117 772 φέρειν
1144 687 1318 768 μαλακίαν

151 790 202 853 ὅτι
225 791 462 875 ἀπέστραπται
485 791 525 854 τὸ
548 791 737 874 πρόσωπον
760 793 875 869 αὐτοῦ,
900 790 1074 875 1ήτιμάοθη
1096 794 1153 856 καὶ
1177 796 1239 857 οόκ
1255 793 1320 859 ἐλο-

126 892 264 977 ιγίσθη.
311 899 341 959 4.
367 895 464 975 οὖτος
495 895 553 974 τὰς
583 896 748 978 ἁμαρτίας
780 897 880 977 ήμῶν
911 896 1005 980 φέρει
1036 898 1093 960 καὶ
1122 899 1200 982 περὶ
1230 901 1320 981 ήμῶι

151 998 323 1078 δδυνοῖται,
348 1000 405 1063 καί
428 1001 523 1081 ἡμεῖς
547 996 776 1080 ἐλογισάμεθα
800 999 905 1062 αὐτόν
928 1000 1014 1064 εἶναι
1037 1001 1075 1064 ἐν
1097 1003 1196 1084 πδυῳ
1219 1003 1276 1065 καὶ
1292 1002 1320 1065 έι

151 1102 265 1187 πληγῇ
294 1105 351 1168 καί
375 1104 413 1169 ἐν
447 1105 604 1167 κακώσει.
651 1104 681 1165 5.
704 1102 805 1183 αὐτὸς
838 1100 875 1165 δὲ
903 1102 1156 1188 έτραυμαιίσθη
1186 1104 1241 1169 διὰ
1271 1108 1320 1187 τὰς

151 1209 317 1291 ἁμαρτίας
333 1211 433 1291 ήμῶν
456 1208 512 1271 καὶ
527 1205 775 1287 μεμαλάκισται
799 1204 856 1271 διά
871 1209 930 1288 τὰς
954 1209 1096 1289 ἀνομίας
1113 1213 1221 1292 ήμῶν.
1251 1233 1320 1276 παι-

152 1311 226 1376 δεία
247 1314 383 1397 εἰρήνης
405 1314 504 1394 ήμῶν
526 1310 581 1374 ἐπ’
603 1311 723 1375 αὐτόν’
747 1318 795 1394 τῷ
818 1312 965 1393 μώλωπι
987 1315 1092 1377 αὐτοῦ
1110 1315 1205 1396 ἡμεῖς
1229 1313 1320 1398 ἰάθη-

115 1439 138 1476 ιο
151 1439 225 1497 μεν.
272 1420 301 1483 6.
327 1418 452 1497 πάντες
472 1419 519 1496 ώς
542 1419 697 1501 πρόβατα
713 1415 971 1499 ἐπλανήθημεν,
994 1415 1182 1501 ἄνθρωπος
1205 1422 1246 1503 τῇ
1261 1417 1320 1503 δόή

153 1523 258 1586 αὐτοῦ
280 1519 480 1604 ἐπλανήθη·
517 1520 545 1583 7.
568 1520 625 1583 καὶ
647 1522 762 1604 κύριος
793 1520 993 1606 παρέδωκεν
1015 1522 1121 1586 αὐτὸν
1150 1522 1238 1606 ὑπὲρ
1261 1529 1320 1587 τῶι

153 1627 329 1711 ἁμαρτιῶν
351 1628 461 1708 ήμῶν,
484 1625 540 1689 καί
563 1624 664 1705 αὐτὸς
687 1623 743 1689 διὰ
767 1626 804 1688 τό
820 1624 1041 1691 κεκακῶσθαι
1063 1628 1125 1690 οὐκ
1149 1627 1277 1710 άνοίγει
1292 1628 1320 1691 τὲ

153 1732 271 1810 στόμα.
318 1732 364 1810 ῶς
387 1731 562 1814 πρόβατον
584 1729 640 1795 ἐπί
665 1732 801 1814 σφαγήν
823 1728 925 1814 ήχθη,
949 1733 1006 1795 καί
1029 1734 1075 1812 ώς
1098 1732 1207 1813 ἀμνὸς
1231 1733 1321 1797 έναν·

156 1837 226 1899 ιῖον
247 1841 309 1900 τοῦ
332 1837 507 1919 κείραντος
530 1836 680 1917 ἀφωνος,
703 1839 811 1915 οὕτως
835 1838 897 1898 οὐκ
925 1836 1052 1918 ἀνοίγει
1074 1835 1113 1899 τὸ
1136 1838 1247 1916 στόμα
1269 1840 1320 1901 αδ

115 1958 138 1996 ιο
157 1945 223 2003 τοῦ.
270 1939 309 2002 ἐν
330 1942 372 2024 τῇ
394 1940 597 2003 ταπεινώσει
619 1941 642 2021 ή
664 1942 772 2022 κρίσις
795 1942 900 2004 αὐτοῦ
923 1938 1025 2024 ἤρθη.
1073 1943 1102 2006 8.
1123 1943 1186 2024 τήν
1208 1940 1320 2023 γενεάι

152 2047 257 2110 αὐτοῦ
279 2047 329 2125 τίς
353 2043 545 2127 διηγήσεται
551 2066 563 2119 ;
591 2044 642 2107 ότι
665 2045 793 2127 αἴρεται
817 2044 886 2107 άπὸ
910 2050 968 2128 τῆς
991 2051 1051 2129 γῆς
1074 2048 1096 2128 η
1120 2045 1191 2129 ζωή
1214 2049 1320 2111 αὐτοῦ

152 2152 182 2214 9.
207 2149 276 2213 ἀπὸ
299 2154 370 2212 τῶν
392 2148 547 2227 ἀνομιῶν
569 2154 629 2211 τοῦ
651 2147 736 2211 λαοῦ
751 2169 819 2227 μου
842 2151 915 2231 ήκει
938 2150 986 2228 είς
1001 2148 1165 2215 θάνατον.
1200 2153 1249 2217 10.
1275 2172 1320 2215 κα

152 2253 253 2318 δώσω
270 2255 348 2334 τοὺς
370 2255 543 2337 πονηροὺς
559 2253 634 2317 ἀντὶ
656 2257 716 2334 τῆς
732 2258 841 2335 ταφῆς
857 2255 962 2317 αὐτοῦ
978 2255 1128 2333 καὶτοὺς
1145 2253 1320 2335 πλουσίους

153 2359 227 2422 ἀντὶ
250 2365 311 2422 τοῦ
333 2356 488 2422 θανάτου
512 2361 632 2421 αὐτοῦ·
657 2358 708 2420 ότι
732 2358 879 2436 ἀνομίαν
903 2360 965 2421 οὐκ
981 2358 1152 2442 ἐποίησεν,
1176 2359 1255 2423 οὐδὲ
1276 2363 1320 2423 εὑ-

113 2485 140 2524 ιο
154 2462 241 2549 ρέθη
264 2462 363 2544 δόλος
393 2463 501 2546 ἐντῷ
535 2464 676 2543 στόματι
705 2464 820 2526 αὐτοῦ.
866 2464 923 2526 καὶ
946 2467 1062 2546 κύριος
1089 2462 1248 2545 βούλεται
1271 2485 1320 2529 κα·

153 2567 295 2654 θαρίσαι
317 2567 423 2633 αὐτόν
445 2573 503 2650 τῆς
535 2565 676 2650 πληγῆς.
725 2568 775 2632 11.
800 2567 861 2632 ἐὰν
891 2565 977 2631 δῶτε
1000 2570 1077 2652 περὶ
1109 2571 1320 2653 ἁμαρτίαςί

155 2677 247 2758 ψυχή
269 2677 369 2755 ὑμῶν
396 2675 519 2752 ὄψεται
543 2673 678 2756 σπέρμα
705 2673 903 2756 μακρόβιον.
952 2674 1002 2737 12.
1027 2673 1083 2735 καί
1113 2675 1227 2757 κύριος
1250 2675 1320 2756 βούΙ

152 2780 246 2845 λεται
269 2778 410 2861 ἀφελεῖν
432 2777 502 2840 ἀπὸ
526 2782 585 2841 τοῦ
609 2777 719 2839 πόνου
742 2781 800 2859 τῆς
824 2782 936 2859 ψυχῆς
960 2779 1085 2854 αὐτοῦ,
1109 2774 1216 2856 δεῖξαι
1238 2780 1320 2861 αδτή

152 2892 226 2968 φῶς
250 2884 307 2948 καί
330 2883 458 2947 πλάσαι
481 2886 523 2967 τῇ
546 2881 691 2960 συνέσει,
715 2878 892 2945 δικαιῶσαι
909 2881 1041 2946 δίκαιον
1064 2882 1102 2943 εὖ
1125 2880 1320 2946 δουλεύουσι

116 3014 140 3051 ιι
153 2988 313 3068 πολλοῖς·
338 2988 394 3052 καὶ
410 2987 469 3068 τὰς
492 2989 658 3071 άμαρτίσς
673 2987 789 3051 αὐτῶν
804 2986 905 3066 αὐτὸς
922 2987 1060 3050 άνοίσει.
1109 2989 1158 3052 13.
1183 2986 1238 3050 διὰ
1255 2992 1320 3050 τοῦΙ

154 3116 192 3159 το
215 3095 316 3174 αὐτὸς
332 3092 582 3177 κληρονομήσει
604 3090 754 3171 πολλοὺς
770 3091 825 3154 καί
849 3096 919 3156 τῶν
934 3093 1084 3176 ίσγυρῶν
1098 3097 1210 3175 μεριεῖ
1223 3091 1320 3155 σκῦλι

154 3196 235 3263 ἀνθ’
259 3197 310 3262 ὧν
338 3195 516 3281 παρεδόθη
540 3198 587 3276 είς
618 3194 774 3259 θάνατον
796 3198 818 3277 ή
844 3198 935 3278 ψυχή
965 3199 1087 3274 αὐτοῦ,
1115 3197 1171 3259 καὶ
1195 3196 1233 3261 ἐν
1263 3202 1320 3276 τοῖς

154 3303 296 3381 ἀνόμοις
319 3300 500 3384 ἐλογίσθη
527 3303 577 3365 14.
601 3301 657 3363 καὶ
681 3301 782 3380 αὐτὸς
799 3302 963 3382 ἁμαρτίας
988 3300 1128 3364 πολλῶν
1144 3302 1320 3384 δνήνεγκει

154 3408 210 3471 καὶ
242 3405 297 3470 διὰ
319 3406 378 3484 τὰς
409 3407 584 3489 ἁμαρτίας.
597 3408 712 3468 αὐτῶν
735 3403 922 3488 παρεδόθη.
971 3407 1021 3470 15.
1045 3405 1098 3465 καί
1121 3402 1216 3466 πάλιν
1239 3403 1320 3466 αὐτό

115 3538 141 3575 ου
156 3530 269 3594 φησιν·
301 3509 392 3593 Ἐγώ
416 3507 453 3573 δέ
476 3511 543 3590 είμι
567 3507 704 3592 σκώληξ
727 3510 782 3571 καὶ
807 3511 868 3572 οὐκ
891 3507 1093 3593 ἅνθρωπος,
1117 3509 1247 3589 ὄνειδος
1272 3510 1320 3572 ἀν·

157 3617 311 3701 θρώπων
333 3615 389 3678 καὶ
406 3612 622 3697 ἐξουθένημα
645 3612 739 3676 λαοῦ.
789 3614 838 3677 16.
863 3614 989 3692 πάντες
1006 3615 1037 3675 οί
1060 3610 1274 3695 θεωροῦντές
1289 3635 1320 3692 μι

156 3719 423 3803 ἐξεμυκτήρισάν
443 3740 506 3799 με,
534 3717 707 3801 ἐλάλησαν
730 3718 768 3781 ἐν
791 3716 948 3799 χείλεσιν,
972 3717 1135 3800 ἐκίνησαν
1157 3717 1312 3801 κεφαλήν

155 3824 329 3889 Ἠλτιισεν
352 3824 408 3887 ἐπὶ
431 3826 566 3908 κύριον,
600 3821 766 3907 ῥυσάσθω
790 3824 912 3899 αδτδν,
944 3824 1088 3886 σωσάτω
1123 3825 1248 3901 αὐτόν,
1281 3824 1317 3886 ότ

158 3927 248 3992 θέλει
273 3930 387 3992 αὐτόν.
436 3930 485 3993 17.
510 3926 620 4008 δρᾶτε,
656 3926 763 4008 ἄνδρες
787 3925 958 4010 ἀγαπητοί,
981 3925 1026 4000 τίς
1049 3925 1066 3987 ὁ
1089 3926 1320 4010 ὑπογραμμδςί

225 4171 242 4224 8
260 4168 397 4243 ἁμαρτίας
415 4212 440 4224 ..
460 4170 576 4241 ἀνομίας
585 4171 632 4223 AL
646 4189 652 4223 :
664 4180 711 4226 Ν
723 4169 769 4222 HS
785 4171 788 4235 ἓ
805 4170 837 4222 λῖ
858 4167 1103 4237 ἐνΗὸ(“ί),εαιιι1ι
1117 4187 1123 4220 :
1136 4171 1171 4236 >
1191 4171 1214 4223 A
1230 4169 1235 4237 Ι
1251 4169 1284 4224 30
1302 4167 1320 4223 δι’

157 4259 200 4311 As
213 4277 219 4310 τ
231 4261 266 4324 >
286 4258 333 4311 HL
