2834 5018
441 667 618 723 EPISTULA
637 668 688 722 AD
705 667 933 724 DIOGNETUM.
1188 675 1274 741 CXV

99 869 171 910 num
192 847 334 931 primum
358 846 510 909 editorem
533 845 592 921 vel,
615 845 647 908 id
666 845 749 928 quod
772 846 970 910 verisimilius
991 852 1082 925 esset,
1106 848 1274 913 nonnullos

99 974 115 1015 e
137 950 280 1027 Graecis,
312 951 367 1035 qui
389 948 482 1031 (saec.
507 950 581 1031 XV)
613 951 647 1014 iu
669 950 831 1033 Europam
859 952 1180 1037 transmigraverunt,
1205 974 1275 1017 eam

98 1057 270 1122 confecisse
294 1057 390 1140 idque
412 1061 448 1120 ut
469 1056 586 1121 librum
615 1078 702 1120 more
730 1060 871 1120 veterum
893 1058 1142 1133 conscriberent,
1173 1078 1275 1141 neque

98 1184 169 1226 vero
198 1167 234 1225 ut
264 1184 333 1226 eam
366 1162 486 1226 Iustino
515 1166 736 1245 supponerent.
788 1160 897 1225 Simile
925 1162 1075 1226 iudicium
1098 1161 1148 1225 Fr.
1174 1161 1274 1227 Over·

97 1266 195 1330 beck¹
222 1266 303 1330 fecit
325 1271 358 1330 et
380 1288 418 1330 cx
447 1267 584 1350 epistula
605 1268 740 1350 probare
770 1271 900 1331 conatus
924 1271 981 1332 est.
1026 1267 1156 1331 Putavit
1179 1268 1272 1346 enim,

97 1370 287 1452 scripturam
311 1371 350 1434 ed
374 1370 536 1435 saeculum
551 1371 721 1434 secundum
743 1371 792 1434 vel
815 1371 854 1434 ad
879 1376 1016 1435 aetatem
1032 1371 1275 1457 apologetarum

98 1473 342 1538 christianorum
365 1474 458 1557 plane
480 1498 544 1539 non
560 1477 723 1560 quadrare.
770 1476 938 1541 Neminem
953 1482 1079 1561 patrum
1102 1481 1169 1542 tam
1184 1499 1272 1542 arro·

97 1584 210 1663 gauter
233 1581 272 1642 de
302 1580 475 1663 gentilibus
498 1584 530 1643 et
552 1579 675 1644 Iudaeis
704 1581 875 1657 iudicasse,
908 1586 940 1644 et
962 1581 1148 1664 praesertim
1178 1603 1274 1666 argu·

96 1688 237 1747 mentum
262 1684 385 1760 deesse,
421 1686 505 1767 quod
527 1690 633 1767 pat-res
657 1707 694 1749 ex
717 1685 822 1750 effatis
849 1686 1079 1770 prophetarum
1101 1709 1159 1770 pro
1183 1686 1274 1751 Chri·

97 1788 261 1851 stianismo
285 1787 494 1871 protulerunt.
544 1789 630 1864 Quae
651 1790 683 1853 in
707 1812 733 1854 c.
752 1791 771 1853 5
795 1791 832 1853 de
849 1789 1036 1855 Christianis
1054 1791 1138 1855 diota
1161 1795 1273 1868 essent,

98 1915 132 1955 ea
156 1894 196 1956 ad
220 1892 381 1956 saeculum
405 1893 575 1956 secundum
598 1893 648 1956 vel
669 1894 798 1958 tertium
820 1917 883 1959 non
905 1916 998 1978 posse
1021 1895 1143 1959 referri.
1179 1896 1273 1961 Fide·

100 1996 144 2059 les
167 2001 243 2060 tunc
266 1997 419 2079 temporis
443 1997 564 2060 adhoc
587 1998 747 2061 saeculum
778 2021 841 2063 non
868 2005 935 2063 tam
964 2021 1065 2084 prope
1095 2001 1272 2075 accessisse,

99 2122 193 2183 quam
219 2107 329 2165 auctor
346 2101 471 2179 diceret,
495 2123 597 2185 neque
619 2124 729 2166 verum
744 2126 820 2181 esse,
844 2104 972 2169 illorum
987 2127 1092 2169 mores
1114 2127 1178 2169 nou
1194 2104 1273 2169 alios

99 2206 195 2269 luisse
219 2227 256 2269 ac
283 2227 385 2270 mores
415 2206 608 2290 reliquorum
637 2206 808 2273 hominum.
856 2208 918 2273 Sed
944 2210 995 2272 vix
1023 2209 1079 2272 uni
1101 2209 1152 2272 vel
1182 2208 1274 2272 alteri

100 2332 162 2372 rem
185 2310 232 2372 ita
255 2331 288 2373 se
311 2309 428 2374 habere
450 2312 644 2394 persuasisse
667 2313 799 2377 videtur.
847 2313 959 2379 Plures
975 2315 1164 2378 seutentiam
1184 2313 1272 2396 prio·

100 2435 162 2477 rem
185 2415 394 2478 defenderunt
416 2421 448 2479 et
469 2416 502 2479 id
524 2416 625 2479 solum
642 2422 871 2495 concesserunt,
895 2418 1064 2501 epistulam
1088 2441 1151 2483 non
1173 2417 1274 2481 multo

101 2524 170 2582 ante
200 2520 295 2582 finem
325 2519 444 2582 saeculi
471 2519 599 2583 secundi
629 2520 780 2603 scriptam
807 2542 883 2584 esse.
930 2519 1047 2585 Keim⁹
1078 2544 1147 2586 eam
1176 2521 1275 2584 refert

100 2624 137 2687 ad
158 2629 285 2707 tempus
301 2624 345 2688 M.
363 2622 485 2688 Aurelii
509 2628 541 2687 et
564 2625 689 2707 quidem
712 2624 752 2688 ad
774 2625 869 2688 finem
890 2625 1016 2709 imperii
1039 2626 1090 2690 vel
1113 2627 1152 2689 ad
1175 2645 1274 2688 annos

102 2727 280 2801 178-180,
305 2732 430 2812 putans,
456 2733 617 2792 auctorem
631 2729 659 2804 7,
676 2730 697 2791 4
720 2728 859 2792 alludere
880 2731 920 2793 ad
941 2731 1163 2814 imperatorem
1179 2728 1273 2793 Com·

99 2834 224 2896 modum
253 2832 355 2896 filium
386 2833 419 2896 in
450 2854 584 2916 regnum
621 2838 847 2911 assumentem,
883 2834 1027 2918 Lipsius³
1063 2836 1101 2899 ad
1136 2839 1271 2917 tempus,

100 2938 230 3019 quovis
253 2937 482 3020 persecutionis
498 2936 689 3001 Aurelianae
711 2938 775 3001 iam
798 2938 959 3003 confracta
975 2944 1052 3017 erat,
1076 2939 1128 3002 vel
1151 2939 1190 3002 ad
1215 2961 1272 3001 an-

100 3064 172 3106 num
207 3043 270 3106 180
305 3046 337 3106 et
370 3064 468 3106 annos
502 3047 686 3126 sequentes3
729 3041 838 3106 Zahn⁴
874 3043 914 3106 ad
948 3065 1046 3107 annos
1084 3043 1272 3114 250-310;

102 3144 197 3210 Gass⁶
221 3147 260 3209 ad
289 3146 421 3210 alteram
452 3146 571 3211 saeculi
593 3146 624 3209 Il
652 3150 792 3228 partem,
828 3147 998 3211 Harnaclr⁶
1023 3149 1062 3213 ad
1086 3167 1185 3211 annos
1210 3147 1273 3209 170

103 3252 213 3315 -300.
260 3250 284 3314 Ι.
309 3250 489 3315 Draeseke⁷
519 3251 689 3334 epistulam
716 3251 756 3315 ab
780 3250 894 3334 Apelle
924 3250 1072 3315 Gnostico
1106 3252 1146 3314 ad
1169 3249 1272 3334 Diog-

101 3360 204 3418 netum
232 3356 422 3440 magistrum
444 3354 546 3419 Marci
569 3354 691 3419 Aurelii
724 3355 830 3418 datam
858 3355 957 3419 fuisse
983 3355 1112 3420 censuit.
1159 3354 1273 3438 Neque

100 3481 169 3523 vero
193 3460 370 3538 defuerunt,
395 3460 449 3544 qui
473 3461 568 3524 etiam
583 3459 753 3543 epistulam
770 3460 980 3543 antiquiorem
996 3481 1063 3522 esse
1085 3459 1270 3523 iudicarent.

101 3563 175 3629 Cum
199 3566 414 3649 fragmentum
437 3564 615 3648 Apologiae
639 3562 788 3627 Aristidis
811 3585 911 3647 nuper
939 3562 1114 3628 detectum8
1138 3563 1273 3627 similem

100 3669 206 3733 stilum
229 3674 261 3733 et
281 3669 390 3753 plures
413 3668 531 3733 similes
554 3667 727 3732 sententias
750 3665 896 3730 exhibere
919 3667 1085 3744 videretur,
1110 3667 1151 3731 H.
1168 3666 1271 3731 Doul-

102 3790 304 3801 ᾖ

170 3845 181 3896 l
206 3841 288 3896 Ueter
305 3842 358 3896 den
375 3841 660 3909 psmdoiastinisctea
679 3841 763 3907 Brief
782 3857 820 3894 aa
838 3839 956 3908 Dioynct
976 3837 1059 3898 1872;
1089 3836 1203 3891 Studien
1220 3854 1272 3892 aar

102 3929 253 3983 Geschictte
270 3930 318 3984 der
335 3931 407 3983 alten
424 3929 526 3983 Kirche
546 3929 612 3983 1875
630 3928 650 3990 Ι,
672 3928 763 3982 1-92.

166 4014 182 4065 2
201 4016 426 4070 Proteetantische
444 4015 672 4085 Kirctenzeitunp
691 4015 757 4069 1873
776 4013 809 4066 N.
831 4015 863 4068 13
882 4017 910 4067 et
930 4013 970 4065 14.

167 4101 183 4154 3
203 4102 401 4156 Literan'sctee
422 4101 597 4156 Centrolblatt
616 4102 684 4155 1873
702 4100 733 4153 Ν.
753 4101 794 4154 40.

165 4190 183 4240 4
203 4188 388 4257 Gdttinpr'eche
403 4189 516 4258 pelehrte
533 4189 669 4257 Anaeipen
688 4187 755 4242 1873
773 4205 800 4256 p.
821 4185 965 4242 106-116.

166 4277 182 4328 5
200 4276 358 4342 Zcitsctritt
373 4276 423 4341 [ῆν
439 4275 692 4342 wissmechuftliche
712 4275 852 4343 Theoloys'c
872 4271 939 4328 1874
956 4288 982 4339 p.
1001 4269 1148 4323 474-478.

166 4363 183 4416 8
200 4362 406 4431 Prolegomena
417 4363 433 4432 ᾗ
446 4362 469 4414 2.
492 4361 646 4416 Gesctichte
657 4363 704 4416 der
721 4361 862 4416 oltchnstl.
875 4359 1028 4413 ureretur
1042 4355 1076 4419 11,
1092 4356 1111 4420 l,
1125 4356 1270 4412 tle-515.

167 4450 182 4502 7
201 4450 260 4503 Der
278 4450 362 4515 Brief
375 4467 413 4503 on
430 4449 580 4517 Diopnetos
600 4447 675 4501 1881.

165 4536 182 4590 8
201 4536 226 4591 S.
248 4535 388 4599 Aristidis,
406 4533 574 4602 Philosophi
592 4532 788 4596 Atheniensis,
817 4531 965 4585 Sermones
988 4530 1044 4583 duo
1063 4528 1123 4582 edd.
1143 4528 1195 4584 ΡΡ.
1215 4529 1271 4584 Me·

98 4623 263 4678 chitaristae
281 4621 512 4693 congregationis
530 4619 556 4675 S.
576 4621 684 4675 Lazari.
720 4618 848 4674 Venetiis
866 4618 943 4673 1878.

1011 4706 1061 4772 h*
