2834 5018
162 255 225 319 516
596 244 749 299 HERMAE
767 242 910 298 PASTOR

165 425 313 498 τοιούτοις
338 422 506 488 δύσκολόν
521 423 615 487 ἐστιν
637 424 684 503 είς
707 424 770 505 τήν
784 419 966 505 βασιλείαν
989 428 1058 485 τοῦ
1075 419 1175 486 θεοῦ
1196 420 1356 487 εἰσελθεῖν.

165 535 195 598 4.
221 528 303 592 ἀλλὰ
327 527 445 603 τούτοις
462 537 537 590 πᾶσι
553 525 701 609 μετάνοιά
717 524 790 603 ἐστι,
814 527 925 608 ταχινή
941 523 989 603 δέ,
1013 524 1101 590 ίν’ὃ
1126 537 1198 603 τοῖς
1219 526 1358 610 προτέρας

164 635 286 718 χρένοις
310 635 368 696 οὐκ
391 633 592 716 εἰργάσαντο,
622 640 675 695 νῦν
698 629 916 712 ἀναδράμωσιν
947 639 1018 705 ταῖς
1044 629 1192 714 ἡμέραις
1222 635 1278 695 καί
1299 634 1358 716 ἀγα·

166 740 226 806 θίν
249 760 277 801 τι
309 737 488 820 ποιήσωσιν.
535 736 606 822 [ἐάν
638 736 691 798 ούν
720 733 933 818 μετανοήσωσι
964 736 1021 797 καί
1058 736 1203 819 ἀγαθάν
1231 758 1260 802 τι
1289 736 1359 819 ποιή·

139 844 271 929 ισωσιΙ,
294 842 440 925 ζήσονται
463 848 506 924 τῷ
531 843 615 924 θεῷ·
639 839 693 903 ἐὰν
716 839 750 902 δέ
773 838 950 921 ἐπιμείνωσι
974 847 1048 914 ταῖς
1074 839 1239 922 πράξεσιν
1263 843 1358 917 αὐτῶν,

164 947 440 1031 παραδοθήσονται
470 953 537 1019 ταῖς
566 942 703 1028 γυναιξίν
734 942 880 1023 ἐκείναις,
912 943 1030 1018 αίτινες
1067 946 1195 1022 αὐτοὺς
1227 944 1359 1012 θανατύ

165 1074 281 1116 οουσιν.

253 1152 316 1222 21.
341 1153 401 1217 Ἐκ
423 1155 457 1217 δέ
480 1163 534 1216 τοῦ
557 1152 705 1234 τετάρτου
728 1154 817 1234 ὄρους
839 1161 893 1214 τοῦ
915 1152 1050 1233 ἔχοντος
1077 1152 1228 1238 βοτάνας
1244 1156 1359 1230 πολλάς

165 1262 204 1322 τά
227 1261 281 1342 μέν
305 1259 411 1322 ἐπάνω
434 1268 495 1322 τῶν
518 1257 658 1343 βοτανῶν
680 1255 808 1339 χλωρά,
831 1257 869 1317 τὰ
892 1255 926 1317 δὲ
949 1257 1030 1337 πρδς
1054 1267 1132 1334 ταῖς
1157 1259 1265 1343 ῥίζαις
1286 1259 1360 1344 ξηρά,

127 1387 151 1423 ιο
166 1364 244 1438 τινές
267 1363 301 1425 δὲ
324 1363 377 1424 καί
401 1363 540 1424 ἀπὸτοῦ
563 1360 652 1444 ἡλίου
668 1359 891 1444 ξήραινύμεναι,
916 1360 944 1423 οἱ
967 1362 1218 1440 πιστεύσαντες
1241 1365 1360 1429 τοιοῦτοί

164 1468 256 1531 εἰσιν·
281 1467 309 1530 οί
332 1468 387 1549 μὲν
410 1466 544 1549 δίψυχοι,
569 1466 598 1529 οί
620 1465 654 1527 δέ
677 1466 729 1528 τὸν
751 1464 856 1546 κύριον
886 1465 1014 1546 ἔχοντες
1038 1464 1097 1529 ἐπί
1122 1470 1167 1531 τά
1193 1469 1299 1553 χείλη,
1320 1469 1360 1532 ἐπὶ

164 1575 219 1655 τὴν
241 1571 370 1655 καρδίαν
393 1571 428 1634 δὲ
451 1573 492 1654 μή
516 1572 649 1653 ἔχοντες.
696 1573 725 1636 2.
750 1569 801 1632 διά
823 1578 912 1632 τοῦτο
936 1571 975 1631 τὰ
991 1570 1144 1652 θεμέλια
1170 1577 1282 1639 αὐτῶν
1296 1574 1361 1658 ξηρά

166 1676 230 1739 ἐστι
253 1677 305 1739 καί
329 1677 457 1759 δύναμιν
481 1678 522 1759 μή
546 1676 669 1757 έχοντα,
692 1675 746 1737 καί
768 1675 807 1736 τά
829 1673 951 1757 ῥήματα
973 1675 1087 1739 αὐτῶν
1106 1678 1198 1759 μδνα
1223 1681 1311 1758 ζῶα,
1331 1681 1362 1740 τὰ

166 1782 200 1844 δὲ
223 1782 299 1865 ἔργα
334 1782 437 1844 αὐτῶν
466 1777 561 1859 νεκρά
595 1776 687 1841 ἐστιν.
733 1777 761 1840 οί
784 1786 914 1840 τοιοῦτοι
946 1774 1038 1862 [οὔτε
1070 1779 1181 1857 ζῶσιν
1214 1782 1362 1868 0612]oe-

128 1907 153 1943 ιι
168 1885 334 1968 θνήκασιν.
380 1887 480 1968 ὅμοιοι
495 1880 548 1946 οὖν
573 1882 630 1944 είοί
653 1890 717 1956 τοῖς
732 1881 890 1964 διψύχοις·
913 1882 967 1943 καί
991 1882 1057 1964 γάρ
1084 1884 1118 1946 οί
1144 1885 1283 1970 δίψυχοι
1305 1889 1363 1950 ούτε

165 1989 282 2072 χλωροί
299 1989 375 2052 εἰσιν
391 1991 462 2050 οὔτε
479 1985 580 2071 ξηροί·
604 1988 675 2048 ούτε
689 1987 749 2070 γάρ
765 1985 859 2062 ζῶσιν
874 1987 945 2047 οὔτε
960 1985 1183 2068 τεθνήκασιν.
1212 1997 1245 2059 3.
1272 1993 1364 2071 ὥσπερ

165 2096 225 2179 γάρ
249 2096 351 2157 αὐτῶν
385 2094 416 2155 αί
440 2092 566 2178 βοτάναι
593 2090 680 2172 ήλιον
711 2090 830 2152 ἰδοῦσαι
860 2087 1106 2173 ἐξήράνθήσαν,
1145 2098 1237 2161 οὕτω
1271 2099 1323 2160 καί
1341 2094 1364 2157 ά

166 2197 301 2279 δίψυχοι,
326 2199 400 2259 ὅταν
424 2195 533 2277 θλίψιν
557 2193 730 2272 ἀκούσωσι,
760 2192 811 2255 διὰ
833 2194 888 2274 τήν
910 2190 1030 2254 δειλίαν
1055 2195 1177 2262 αὐτῶν
1203 2198 1364 2264 εἰδωλολα-

166 2311 270 2383 τροῠσι
293 2302 346 2363 καί
369 2302 404 2363 τδ
427 2303 525 2383 ὄνομα
548 2298 785 2380 ἐπαισχύνονται
808 2307 862 2360 τού
884 2295 994 2378 κυρίου
1019 2299 1149 2364 αὐτῶν.
1203 2309 1236 2371 4.
1264 2304 1293 2368 o!
1315 2324 1365 2365 τοι·

127 2426 152 2463 νο
166 2414 250 2468 οῦτοι
267 2406 320 2466 οὑν
346 2403 432 2490 [οὔτε
447 2404 555 2486 ζῶσιν]
580 2405 650 2464 οὔτε
665 2400 865 2484 τεθνήκασιν.
910 2400 994 2463 ἀλλὰ
1017 2404 1076 2465 καί
1094 2403 1196 2471 οὖτοι
1222 2408 1282 2472 ἐὰν
1297 2411 1366 2490 ταχύ

166 2508 408 2592 μετανοήσωσιν,
441 2507 638 2594 [δυνήσονται
661 2508 769 2589 ζήσαι·
801 2505 855 2568 ἐὰν
878 2504 912 2566 δέ
935 2506 977 2587 μή
1000 2509 1296 2600 μετανοήσωσινΙ,
1316 2514 1366 2596 ἤδη

166 2610 409 2695 παραδεδομένοι
426 2612 483 2674 εἰσί
499 2621 565 2686 ταῖς
579 2610 698 2694 γυναιξί
714 2619 779 2686 ταῖς
795 2606 1045 2692 ἀπσφερομέναις
1063 2613 1129 2694 τήν
1147 2615 1245 2700 ζωὴν
1263 2620 1367 2681 αὐτῶν.

254 2715 317 2784 22.
353 2715 412 2779 Ἐκ
441 2717 476 2779 δέ
508 2726 563 2778 τοῦ
593 2717 681 2797 ὄρους
712 2725 767 2779 τοῦ
797 2713 937 2797 πέμπτου
969 2721 1024 2774 τού
1059 2714 1209 2798 ἔχοντος
1242 2720 1368 2807 βοτάνας

164 2821 290 2905 χλωρὰς
312 2823 365 2883 καί
394 2820 524 2903 τραχέος
556 2822 642 2894 ὄντος
671 2818 700 2883 οί
722 2818 941 2892 πιστεύσαντες
972 2820 1118 2883 τοιοῦτοί
1152 2824 1238 2888 εἰσι·
1274 2827 1368 2890 πιστά

126 2948 151 2986 ιο
165 2926 231 3010 μέν,
254 2927 425 3009 δυσμαθεῖς
449 2926 558 2989 δὲκαὶ
582 2924 732 2999 αὐθάδεις
753 2925 806 2986 καί
830 2923 950 2997 ἑαυτοῖς
976 2920 1196 3008 ἀρέσκοντες,
1223 2931 1370 3004 θέλοντες

164 3031 266 3093 πάντα
288 3028 451 3113 γινώσκειν
482 3030 535 3091 καί
559 3029 648 3092 οὐδέν
678 3028 759 3103 δλως
780 3026 978 3113 γινώσκουσι.
1024 3031 1057 3093 2.
1085 3030 1144 3094 διά
1180 3037 1245 3119 τὴν
1268 3037 1369 3103 αὐθά-

164 3133 248 3196 δειαν
278 3135 380 3196 αὐτῶν
411 3132 525 3217 ταύτην
548 3133 667 3218 ἀπέστη
696 3132 876 3195 ἀπἀὐτῶν
907 3131 1087 3214 ήσύνεσις,
1120 3140 1186 3200 καί
1222 3141 1370 3225 εἰσῆλθεν

235 3290 251 3342 3
271 3297 329 3355 ταῖς
343 3307 349 3340 :
362 3287 393 3344 ἐν
411 3289 507 3356 ταῖςίῖ
523 3292 527 3356 Ι
542 3291 589 3355 4Ι5
607 3289 656 3346 ἐὰν
675 3320 707 3329 -
726 3294 860 3361 ποιήσωσι
878 3288 924 3341 LA
937 3305 943 3339 ι
957 3286 1029 3354 >G
1047 3288 1052 3358 Ι
1070 3289 1088 3343 6
1111 3296 1370 3368 γυναιξίνςπράξ.

165 3374 504 3447 εσινύΙΙθχλωράς...
523 3376 661 3449 ξηράςίὶΙ
680 3376 713 3429 14
731 3373 795 3434 οὔτε
815 3381 837 3446 ζ.
857 3371 921 3432 οὔτε
938 3374 1120 3448 ΙιΑι>ίὶΙ
1141 3379 1179 3434 16
1200 3387 1369 3454 χλωροὶ...

165 3461 319 3615 ἱηχνοὶὲύᾶ
332 3461 413 3516 ΝΕ
429 3462 433 3531 Ι
449 3460 484 3513 20
496 3459 560 3519 οὔτε
572 3469 655 3532 ζῶσιν
666 3463 712 3516 LA
725 3482 731 3516 :
744 3463 815 3529 >G
832 3464 836 3531 Ι
852 3464 884 3516 21
904 3466 1073 3534 δυνήσονται
1094 3493 1129 3503 -
1145 3475 1370 3542 μετανοήσωσψ

198 3667 240 3725 21,
262 3666 284 3718 Ι.
315 3665 356 3719 cf.
385 3666 450 3720 Sim.
469 3665 546 3730 VIII,
572 3669 601 3731 Ι,
621 3668 650 3729 l;
677 3666 841 3722 Vis.¹tibus
859 3670 953 3735 μεθείς
982 3668 1153 3725 sacrificant
1175 3678 1261 3731 enim
1281 3679 1365 3733 dubii

164 3750 210 3813 111,
233 3753 256 3816 7,
278 3756 299 3808 l.
763 3784 798 3793 —
816 3752 1040 3825 ἐπαισχύνονται]
1059 3756 1106 3810 ef.
1122 3758 1198 3816 Sim.
1216 3763 1293 3828 vm,
1306 3767 1330 3827 6,
1342 3767 1364 3818 4.

199 3839 223 3890 2.
243 3837 277 3893 τά
295 3838 405 3910 ῥήματα
421 3840 491 3910 ατί]
513 3841 530 3893 i.
551 3855 573 3892 e.
586 3839 737 3894 Dominum
800 3838 845 3903 22,
867 3843 888 3894 l.
908 3837 949 3892 cf.
964 3838 1031 3893 Sim.
1047 3841 1127 3909 VIII,
1141 3846 1169 3909 6,
1186 3849 1224 3913 53
1244 3852 1306 3906 Vis.
1320 3851 1362 3909 ΙΙΙ,

164 3921 194 3972 in
206 3921 289 3976 labiis
302 3924 414 3988 habent,
428 3944 484 3980 non
498 3930 592 3981 autem
604 3926 634 3979 in
647 3927 737 3989 corde,
750 3964 752 3995 ,
766 3927 788 3990 7,
810 3927 834 3980 1.
870 3925 989 3979 Hermas
1009 3928 1070 3982 fere
1091 3935 1238 3990 omnibus
1251 3938 1361 3993 Gnosti-

165 4006 199 4058 cf.
219 4024 242 4059 v.
264 4010 285 4061 l.
749 3998 811 4067 Ισσε
831 4012 971 4081 respicere
983 4013 1108 4069 videtur.
1139 4021 1243 4077 Aliter
1256 4024 1362 4079 iudicat

199 4091 223 4142 3·
252 4096 360 4165 θλῖψιν]
388 4098 405 4150 i.
425 4115 447 4152 e.
475 4098 696 4168 persecutionem
721 4086 841 4152 assZahn
860 4099 877 4152 l.
897 4115 918 4152 c.
938 4117 965 4168 p.
985 4100 1038 4155 304
1058 4119 1102 4171 sq.
1130 4137 1167 4148 -
1194 4110 1359 4180 δυσμαθεῖς]

164 4176 378 4244 magistratibus
392 4188 506 4249 motam,
525 4191 557 4239 ut
575 4202 607 4239 ex
621 4200 737 4252 sequen·
749 4156 752 4254 Ι
764 4184 811 4238 hic
829 4202 912 4240 sensu
928 4187 1045 4255 passivo
1064 4188 1305 4265 intellegendum
1318 4199 1357 4251 est
