2834 5018
528 629 850 687 mnumrusrou.
1141 638 1269 705 fflffl

101 809 259 891 quominus
285 808 322 872 id
351 808 548 893 colligamus.
594 808 669 874 Sim.
687 809 725 887 X,
744 811 807 889 1,1
832 810 967 875 Hermas
995 810 1087 875 illum
1118 815 1267 898 angelum
1295 853 1298 861 ,

100 914 277 978 indomum
302 935 392 977 suam
416 914 587 978 intrantem
618 914 785 979 confestim
808 916 969 1000 agnoscit,
1002 939 1072 981 cum
1095 939 1209 983 nomen
1232 941 1269 984 ac

99 1041 204 1084 munus
227 1019 416 1095 Michaelis,
447 1041 638 1102 quamquam
664 1019 716 1084 hic
739 1018 815 1083 Sim.
838 1018 917 1084 VIII
940 1021 979 1085 ab
1001 1021 1091 1086 initio
1123 1027 1266 1107 apparet,

99 1128 204 1206 postea
219 1124 250 1188 ei
275 1123 498 1207 explicandum
513 1123 618 1186 fuerit.
665 1122 786 1187 Deinde
809 1123 899 1189 illum
916 1124 1064 1210 angelum
1085 1148 1149 1191 non
1164 1127 1268 1192 solum

99 1225 217 1303 ἔνδοξον
243 1227 335 1311 (sim.
352 1227 423 1306 VH,
443 1228 471 1291 1.
489 1230 517 1292 3.
536 1229 570 1307 53
592 1226 648 1305 IX,
668 1229 695 1306 1,
713 1227 763 1309 3),
795 1228 850 1292 sed
872 1229 967 1293 etiam
990 1233 1023 1294 et
1048 1231 1175 1314 quidem
1197 1231 1267 1296 loco

98 1333 195 1416 primo
220 1355 258 1398 ac
281 1332 460 1416 principali,
486 1331 553 1395 Vis.
569 1332 608 1409 V,
626 1334 655 1409 2,
681 1330 868 1413 σεμνότατον
883 1333 1048 1398 nominans
1070 1356 1103 1398 se
1125 1357 1197 1399 eum
1211 1357 1266 1399 su·

98 1438 249 1520 perierem
279 1438 428 1503 habuisse
456 1437 574 1501 annuit.
621 1437 742 1501 Revera
770 1436 825 1501 ille
852 1438 983 1522 angelus
1011 1438 1113 1503 filium
1134 1438 1195 1503 Dei
1217 1440 1268 1504 vel
1373 1474 1378 1483 ·

99 1539 256 1606 Christum
279 1541 453 1607 exaltatum
476 1564 513 1607 ac
535 1542 747 1627 glorificatum
770 1548 1005 1626 repraesentare
1027 1544 1178 1609 videtur¹.

655 1717 710 1781 Vl.

180 1855 296 1920 Pastor
322 1878 406 1920 nune
428 1862 555 1940 praeter
583 1861 706 1922 textum
729 1879 878 1942 graecum
904 1859 936 1922 in
960 1859 1080 1923 duabus
1111 1856 1265 1922 versioni·

96 1961 152 2024 bus
174 1960 282 2024 latinis
305 1964 337 2024 et
359 1960 392 2023 in
416 1962 556 2026 versione
572 1963 749 2046 aethiopica
772 1967 883 2027 exstat.
929 1963 991 2027 Per
1012 1963 1145 2047 longum
1160 1967 1266 2027 autem

95 2069 219 2149 tempus
241 2054 376 2130 versio
406 2066 539 2130 latina
566 2067 682 2150 prior
712 2068 776 2131 vel
806 2067 982 2152 vulgata
1003 2067 1072 2131 sola
1092 2071 1170 2130 nota
1193 2065 1263 2130 fuit.

96 2169 220 2234 Primus
243 2191 314 2234 eam
335 2171 421 2254 typis
450 2171 605 2255 expressit
628 2171 688 2236 Iac.
712 2171 815 2236 Faber
837 2171 1066 2256 scapulensis2.
1113 2170 1175 2234 Sed
1198 2170 1265 2233 edi-

95 2275 138 2339 tio
161 2274 248 2338 haud
272 2275 383 2358 paucis
409 2275 495 2339 vitiis
524 2275 692 2351 laboravit3
725 2277 863 2340 codicem
886 2276 987 2351 enim,
1020 2296 1112 2359 quem
1134 2274 1264 2349 invenit,

96 2377 197 2444 Faber
219 2380 323 2444 minus
347 2383 490 2444 accurate
512 2379 626 2457 edidit,
659 2381 714 2444 sed
735 2381 893 2465 permulta
912 2381 952 2445 ad
974 2380 1138 2444 arbitrium
1160 2382 1264 2442 muta·

95 2484 147 2561 vit,
176 2485 343 2568 antiquum
372 2505 545 2548 sermonem
573 2505 666 2567 saepe
696 2484 826 2560 delevit,
856 2489 1004 2568 corrupta
1031 2488 1150 2547 temere
1171 2482 1264 2546 resti·

94 2587 191 2664 tuit³3
222 2609 323 2672 neque
347 2593 467 2653 ceterae
490 2589 642 2653 editiones
666 2589 783 2655 saeculi
805 2588 884 2654 XVI
906 2594 961 2653 aut
984 2611 1029 2667 ea,
1055 2609 1149 2672 quam
1171 2586 1263 2670 Oasp.

95 2690 216 2756 Burth⁴
239 2693 374 2776 paravit,
392 2690 494 2756 multo
517 2692 663 2756 meliores
680 2697 777 2756 erant.
824 2692 903 2757 Rem
918 2693 1075 2776 promovit
1091 2690 1265 2756 Cotelerius

93 2797 194 2860 tribus
217 2796 377 2861 codicibus
399 2794 630 2861 Parisiensibus
654 2796 796 2874 collatis,
827 2798 1017 2881 etamplius
1046 2797 1264 2880 promovisset,

94 2902 120 2965 si
140 2923 205 2966 non
227 2901 326 2966 libros
350 2902 450 2966 editos
473 2923 567 2985 saepe
589 2901 678 2966 libris
700 2900 923 2983 manuscriptis
945 2901 1157 2985 praetulisset.
1182 2898 1265 2963 Tum

94 3005 169 3070 duos
193 3006 315 3070 codices
346 3006 529 3090 anglicanos
560 3006 704 3070 adhibuit
726 3003 828 3083 Fell⁶‚
859 3009 891 3068 et
919 3004 1053 3070 alterum
1083 3006 1148 3069 sive
1170 3004 1263 3068 ham·

93 3110 266 3175 bethanum
299 3111 400 3175 denuo
433 3110 655 3174 conferendum
690 3109 811 3174 curavit
844 3107 1000 3185 (hericum
1034 3113 1157 3174 textum
1189 3130 1263 3172 vero

93 3213 145 3278 ille
174 3236 239 3279 non
268 3215 417 3291 mutavit,
450 3215 503 3279 hic
532 3214 692 3279 rarissime
722 3217 847 3277 tantum
875 3214 1019 3277 correxit.
1065 3212 1228 3278 Fabricius
1239 3211 1261 3290 ⁶,

94 3316 220 3396 Russel‚
246 3317 408 3394 (deflendi,
438 3319 568 3396 Helele,
599 3317 708 3400 Migne
738 3316 872 3380 editores
903 3317 1024 3400 priores
1051 3316 1151 3382 secuti
1179 3319 1262 3379 sunt.

94 3421 220 3487 Dressel
253 3422 422 3507 diligenter
450 3423 578 3506 quidem
608 3420 741 3486 contulit
770 3420 908 3485 codicem
939 3420 1138 3487 Vaticanum.
1184 3417 1264 3484 Cum

94 3531 197 3591 autem
219 3526 370 3591 lectiones
393 3528 497 3592 minus
520 3529 560 3592 ad
582 3530 702 3591 textum
725 3527 950 3591 recensendum
964 3524 1144 3589 adhibuerit
1168 3546 1263 3609 quam

93 3629 229 3696 innotis
252 3631 383 3696 editioni
405 3654 481 3696 suae
504 3630 697 3716 apposuerit,
721 3628 761 3694 A.
785 3630 973 3715 Hilgenfeld
995 3630 1117 3714 primus
1139 3632 1263 3693 textum

162 3805 175 3857 1
197 3803 240 3857 Cf.
259 3803 330 3856 Linlr
348 3803 367 3856 1,
387 3821 408 3857 c.
427 3820 454 3871 p.
467 3802 579 3857 43-49.
616 3801 707 3865 Liber,
727 3817 811 3868 quem
823 3800 953 3855 Heurtier
971 3816 995 3853 a.
1012 3799 1079 3853 1900
1092 3797 1262 3867 publicavit:

93 3889 133 3943 Le
150 3891 241 3959 doymo
259 3890 291 3944 de
308 3891 336 3944 lo
353 3890 445 3944 trinite‘
470 3889 538 3943 deno
556 3888 657 3956 l’dpilre
678 3887 710 3942 de
729 3887 757 3945 S.
778 3888 893 3942 OEtmmt
909 3887 941 3941 de
959 3886 1043 3940 Rotae
1060 3891 1084 3939 et
1104 3885 1127 3938 le
1145 3885 1263 3938 Pcotecr

91 3976 244 4042 d'Hermar,
262 3978 386 4031 nondum
404 3977 441 4030 ad
459 3993 504 4030 me
521 3976 657 4046 pervenit.

159 4067 176 4117 2
194 4064 278 4118 Liber
286 4064 371 4117 trium
381 4065 505 4118 virorum
517 4068 546 4118 et
555 4063 640 4118 trium
650 4061 841 4133 spiritualium
851 4060 990 4130 virgo'num
998 4063 1049 4113 etc.
1062 4057 1179 4111 Parisiis
1187 4059 1261 4114 1513.

159 4150 177 4203 3
196 4150 238 4205 Cf.
258 4150 427 4221 Hilgenfeld,
447 4151 567 4205 Hermae
584 4151 685 4205 Pastor
704 4149 816 4217 18731).
836 4148 882 4202 Ill.

158 4237 176 4290 4
196 4236 222 4291 S.
240 4238 332 4307 patris
358 4238 448 4291 nostri
467 4237 616 4292 Claudiani
634 4235 742 4290 Ecdicii
766 4232 896 4288 Mamerti
924 4234 958 4287 de
977 4235 1054 4286 statu
1079 4231 1190 4286 animae
1209 4235 1260 4287 etc

90 4324 223 4393 Cygneae
242 4325 316 4380 1655.

159 4413 176 4465 5
195 4411 222 4465 S.
241 4412 387 4466 Barnabae
399 4412 497 4479 Apost.
517 4411 600 4480 epist.
619 4408 768 4464 catholica
804 4407 930 4462 Accessit
943 4405 968 4460 S.
982 4406 1103 4461 Hermae
1121 4405 1175 4460 viri
1193 4421 1258 4474 ape

88 4499 182 4554 stolici
201 4498 309 4554 Pastor.
346 4496 472 4552 Oxoniae
492 4496 565 4551 1685.

157 4586 175 4641 6
194 4585 305 4640 Codicis
325 4583 479 4654 apocryphi
496 4582 529 4636 N.
550 4584 580 4638 Τ.
600 4599 667 4653 pars
685 4581 779 4638 tertia.
816 4581 973 4653 Hamburgi
992 4582 1067 4635 1719.
