2834 5018
177 304 240 367 534
611 285 766 343 HERMAE
784 282 925 340 PASTOR

176 470 219 545 εἰς
242 474 296 554 την
320 469 485 551 οίκοδομην
517 475 571 528 τού
593 464 727 547 πύργου,
762 460 990 547 βασταζόμενοι
1021 460 1094 524 ὑπὸ
1120 469 1192 524 τῶν
1223 459 1370 543 παρθένον

177 577 289 650 καθὼς
312 575 365 636 καί
389 573 418 636 οί
439 572 591 654 πρότεροι.
627 570 706 652 μετὰ
728 568 763 630 δέ
787 566 913 640 τούτους
936 564 1112 650 ἀνέβησαν
1138 564 1204 646 λε’,
1229 568 1285 628 καί
1307 563 1369 628 ούια

177 680 290 764 ὁμοίως
312 678 519 761 ῆρμύσθησαν
550 675 593 749 είς
615 675 669 736 τὸν
698 672 826 756 πύργον.
871 671 949 753 μετὰ
973 669 1011 732 δὲ
1034 669 1184 745 τούτους
1214 672 1314 754 ἕτερα
1332 670 1369 731 ἂν

177 784 293 870 έβησαν
316 782 402 848 λίθοι
426 780 471 863 μ’,
503 780 557 841 καί
579 775 663 841 ούτοι
693 775 807 850 πάντες
829 772 1016 859 ἐβλήθησαν
1049 775 1100 850 εἰς
1125 777 1191 858 τὴν
1223 775 1370 858 οἰκοδομὴν

152 898 233 952 ττού
256 887 390 970 πύργου·
415 882 574 970 [ἐγένοντο
597 884 650 945 ούν
674 890 793 964 στοῖχοι
815 877 964 960 τέσσαρες
987 877 1022 941 ἐν
1048 889 1123 956 τοῖς
1147 879 1318 965 θεμελίοις
1331 888 1369 942 τα]

177 991 321 1077 πύργου].
367 995 396 1056 4.
420 990 473 1051 καί
506 987 682 1050 ἐπαύσαντο
710 984 748 1047 ἐκ
776 993 832 1047 τοῦ
862 982 964 1068 βυθοῦ
996 983 1262 1069 ἀναβαίνοντες·
1295 984 1370 1048 ἐπα)

178 1118 273 1160 σαντο
296 1096 330 1158 δὲ
351 1095 405 1155 καί
429 1092 457 1155 οί
480 1091 715 1173 οἰκοδομοῦντες
739 1088 859 1171 μικρὸν.
902 1089 957 1150 καί
980 1087 1085 1152 πάλιν
1111 1089 1282 1169 ἐπέταξαν
1303 1086 1370 1163 οίὲξ

178 1201 285 1282 ἀνδρες
308 1207 352 1281 τῷ
375 1197 493 1280 πλήθει
516 1204 571 1258 τού
594 1194 691 1278 ὄχλου
706 1193 744 1256 ἐκ
766 1201 828 1256 τῶν
851 1190 948 1274 δρέιυν
968 1193 1182 1277 παραφέρειν
1208 1194 1371 1271 λίθουςυξ

178 1307 233 1387 την
256 1302 421 1384 οἰκοδομὴν
445 1310 498 1363 τοῦ
527 1299 656 1383 πύργου.
702 1302 732 1363 5.
756 1295 966 1379 παρεφέροντο
998 1293 1055 1360 ούν
1091 1298 1135 1362 ἐκ
1168 1301 1305 1366 πάντων
1323 1308 1371 1362 τύν

140 1429 165 1465 ιι
179 1406 275 1489 δρέιυν
299 1405 406 1488 χρύαις
435 1404 590 1480 ποικίλαις
613 1401 857 1485 λελατομημένοι
886 1400 947 1462 ύπδ
969 1408 1033 1463 τῶν
1067 1403 1207 1486 ἀνδρῶν
1240 1407 1296 1468 καί
1316 1403 1372 1466 ἐπ·

179 1511 299 1575 δίδοντο
321 1519 388 1584 ταῖς
410 1509 598 1591 παρθένοις·
631 1508 664 1570 αί
686 1507 721 1570 δὲ
743 1505 894 1588 παρθένοι
924 1503 1071 1588 διέφερον
1097 1510 1227 1586 αύτούς
1259 1512 1311 1575 διὰ
1330 1519 1372 1590 τῆς

179 1615 278 1700 πύλης
300 1617 353 1678 καί
377 1614 535 1678 ἐπεδίδουν
558 1614 601 1689 είς
624 1616 679 1696 τὴν
703 1612 869 1694 οἰκοδομὴν
891 1619 947 1673 τοῦ
968 1610 1106 1694 πύργου.
1157 1617 1221 1678 καί
1247 1614 1372 1685 δτανείς

179 1724 235 1804 τὴν
250 1721 416 1802 οἰκοδομὴν
440 1718 596 1802 ἐτέθησαν
611 1716 640 1779 οί
663 1715 748 1781 λίθοι
764 1715 793 1778 οί
815 1712 960 1791 ποικίλοι,
977 1715 1083 1796 ὅμοιοι
1103 1716 1266 1801 ἐγένοντο
1281 1718 1372 1782 λευκοὶ

179 1829 232 1889 καί
255 1829 310 1902 τὰς
332 1825 429 1909 χρόας
457 1826 513 1899 τὰς
535 1822 678 1897 ποικίλας
705 1820 875 1903 ἠλλασσον.
921 1823 951 1886 6.
974 1819 1057 1892 τινὲς
1094 1820 1133 1884 δὲ
1157 1821 1257 1890 λίθοι
1288 1823 1371 1887 ἐπεδί-

142 1952 167 1989 π
181 1932 271 1995 δοντο
295 1932 355 1994 ὑπὸ
386 1939 448 1994 τῶν
472 1928 592 2010 ἀνδρῶν
615 1927 657 2002 είς
686 1929 741 2009 τὴν
765 1925 930 2007 οἰκοδομὴν
961 1925 1016 1986 καί
1039 1925 1107 1988 οὐκ
1131 1925 1287 2012 ἐγίνοντο
1307 1929 1371 2010 λαμ·

180 2036 261 2117 προί,
285 2035 355 2098 ἀλλ’
381 2031 438 2098 οίοι
462 2031 632 2117 ἐτέθησαν,
667 2040 799 2095 τοιοῦτοι
826 2030 879 2091 καί
911 2027 1111 2113 εὑρέθησαν·
1152 2034 1195 2096 ού
1221 2037 1286 2120 γάρ
1306 2033 1371 2119 ἦσαν

181 2141 241 2202 ύπδ
264 2150 325 2204 τῶν
354 2137 521 2220 παρθένων
550 2134 759 2218 ἐπιδεδομένοι
789 2134 860 2197 οὐδὲ
882 2134 933 2197 διά
960 2142 1015 2215 τῆς
1043 2133 1156 2219 πύλης
1192 2159 1372 2223 παρενηνιγ·

181 2243 276 2326 μένοι.
306 2242 388 2307 ούτοι
412 2241 466 2306 οὖν
490 2243 518 2306 οἱ
541 2241 628 2308 λίθοι
651 2241 801 2322 ἀπρεπεῖς
823 2236 902 2323 ἦσαν
927 2236 959 2299 ἐν
982 2247 1021 2321 τῆ
1037 2236 1209 2326 οἰκοδομῇ
1233 2253 1291 2307 τού
1311 2241 1371 2323 πίρ

181 2369 248 2432 γου.
296 2351 325 2413 7.
349 2348 463 2422 ίδύντες
487 2347 521 2410 δέ
543 2347 572 2410 οί
595 2345 627 2423 ἓξ
651 2346 759 2427 ἀνδρες
781 2347 852 2419 τοὺς
875 2343 985 2418 λίθους
1007 2346 1084 2419 τοὺς
1110 2346 1278 2429 ἀπρεπεῖς
1300 2348 1371 2427 ἐνιῆ

143 2471 168 2507 2⁰
183 2451 341 2534 οἰκοδομῆ,
365 2450 533 2514 ἐκέλευσαν
558 2453 669 2524 αύτούς
692 2450 828 2532 ἀρθῆναι
853 2448 906 2510 καί
929 2446 1124 2530 ἀπαχθῆναι
1148 2453 1251 2517 κάτω
1275 2452 1371 2529 είςτέι

182 2557 259 2619 ἴδιον
282 2556 394 2633 τύπον,
425 2557 502 2621 ὅθεν
531 2554 725 2639 ἠνέχθησαν.
771 2557 800 2620 8.
823 2554 877 2615 καί
900 2550 1025 2636 λέγουσι
1055 2562 1126 2630 τοῖς
1157 2557 1301 2642 ἀνδράσι
1321 2564 1371 2626 τυζ

182 2659 413 2743 παρεμφέρουσι
436 2662 506 2735 τούς
529 2659 656 2735 λίθους·
690 2657 796 2733 Ὅλιυς
818 2658 904 2740 ὑμεῖς
927 2658 968 2739 μὴ
997 2654 1163 2722 ἐπιδίδοτε
1188 2661 1239 2737 εἰς
1263 2666 1318 2746 την
1337 2661 1370 2724 οἱ·

182 2765 318 2847 κοδομὴν
342 2763 465 2840 λίθους·
500 2764 606 2831 τίθετε
628 2764 662 2826 δέ
685 2765 797 2838 αὐτοὺς
819 2763 904 2844 παρὰ
926 2762 979 2824 τὸν
1001 2759 1139 2844 πύργον,
1163 2765 1225 2830 ἵνα
1248 2769 1284 2832 αἱ
1305 2787 1369 2847 παρ

183 2869 270 2934 θένοι
292 2870 343 2933 διά
365 2880 419 2953 τῆς
440 2868 540 2952 πύλης
568 2866 800 2951 παρενέγκιυσιν
823 2867 934 2940 αύτούς
965 2865 1018 2927 καί
1042 2863 1239 2937 ἐπιδιδῶσιν
1263 2874 1306 2948 είς
1326 2875 1370 2952 τὴν

145 2994 170 3032 π
184 2974 360 3057 οἰκοδομήν.
407 2974 461 3036 ἐὰν
484 2973 555 3057 γάρ,
579 2973 665 3056 φασί,
689 2973 740 3035 διὰ
762 2980 825 3034 τῶν
847 2978 959 3054 χειρῶν
974 2977 1037 3032 τῶν
1060 2973 1250 3055 παρθένων
1266 2976 1369 3040 τούτων

182 3081 225 3161 μη
253 3082 473 3162 παρενεχθῶσι
504 3078 556 3141 διὰ
583 3086 638 3160 τῆς
668 3074 784 3158 πύλης,
817 3076 872 3149 τὰς
901 3071 997 3155 χρόας
1030 3074 1141 3139 αὐτῶν
1172 3078 1316 3158 ἀλλάξαι
1341 3079 1369 3140 ού

183 3182 342 3245 δύνανται·
367 3184 408 3263 μὴ
431 3190 563 3244 κοπιᾶτε
587 3177 650 3259 ούν,
674 3177 779 3262 φασίν,
803 3176 846 3253 εἰς
869 3176 977 3260 μάτην.

271 3285 307 3353 ὅ.
332 3285 395 3348 Καί
424 3285 576 3369 ἐτελέσθη
599 3293 637 3368 τῆ
665 3281 766 3366 ῆμέρᾳ
796 3280 900 3364 ἐκείνη
921 3280 943 3364 η
966 3279 1141 3365 οἰκοδομή,
1175 3287 1244 3350 οὐκ
1272 3289 1368 3351 ἄπετε·

183 3388 285 3473 λέσθη
309 3391 342 3453 δέ
365 3389 382 3452 ὁ
404 3390 535 3473 πύργος·
559 3387 671 3471 ἐμελλε
692 3389 752 3470 γὰρ
775 3385 869 3449 πάλιν
893 3383 1203 3467 ἐποικοδομεῖσθαι·
1235 3394 1291 3455 καί
1313 3387 1367 3474 ἐγέ-

144 3518 170 3553 υο
184 3514 253 3556 νετο
276 3494 375 3576 ἀνοχὴ
397 3503 451 3575 τῆς
475 3492 649 3574 οἰκοδομῆς.
695 3488 865 3553 ἐκέλευσαν
889 3489 924 3551 δέ
947 3487 975 3551 οί
998 3487 1031 3565 ἐξ
1055 3490 1171 3572 ἀνδρες
1194 3499 1274 3571 τοὺς
1296 3495 1366 3558 ούιο

183 3596 354 3678 δομοῠντας
377 3599 578 3679 ἀναχωρῆσαι
609 3595 718 3677 μικρὸν
742 3593 861 3666 πάντας
883 3593 936 3654 καί
966 3591 1219 3679 ἀναπαυθῆναι·
1255 3607 1320 3674 ταῖς
1339 3596 1366 3658 δέ

182 3697 351 3780 παρθένοις
373 3700 525 3776 ἐπέταξαν
556 3699 695 3760 ἀπὸτοῦ
727 3695 850 3780 πύργου
873 3697 915 3778 μὴ
946 3696 1166 3779 ἀναχωρῆσαι.
1216 3697 1364 3766 ἐδδκειδί

183 3823 234 3884 μοι
271 3805 326 3878 τὰς
363 3804 539 3885 παρθένους
576 3802 828 3883 καταλελεῖφθαι
859 3809 913 3863 τού
945 3799 1120 3882 φυλάσσειν
1153 3807 1211 3871 τδν
1249 3807 1364 3891 πύργον.

253 3976 298 4042 5ί6
317 3973 498 4048 ἐγένοντο-
521 3975 631 4049 πύργου
657 3974 775 4044 L¹L²(A)
788 3994 794 4027 :
807 3975 884 4042 >G
910 3973 914 4044 Ι
939 3972 955 4026 6
973 3970 1137 4034 ἐπαύσαντο
1157 3979 1205 4035 G:
1219 3979 1363 4052 †lapide⁸

184 4062 231 4116 LA
247 4063 251 4132 ί
270 4065 300 4116 17
320 4060 374 4118 ίπύ
388 4062 493 4119 εάπὸίὶ
509 4064 513 4132 Ι
529 4062 563 4117 20
572 4063 749 4130 κάτω>ΒΔ
765 4063 769 4133 ί
786 4064 817 4116 21
831 4063 988 4134 ἠνέχθησαν
999 4079 1006 4113 :
1019 4062 1267 4137 -Ι-ύτυιιείιιύὶηιιο
1279 4084 1362 4122 unum·

184 4165 323 4218 quemque
348 4148 536 4218 deposuerunt
554 4151 586 4203 [τί
611 4151 615 4220 l
640 4151 674 4202 29
691 4151 774 4207 πάλιν
788 4169 794 4203 :
809 4149 900 4203 adhuc
918 4151 950 4213 A,
970 4164 987 4201 a
1006 4165 1037 4203 ne
1055 4149 1199 4219 L¹,>1.¹
1227 4157 1232 4227 Ι
1258 4157 1291 4212 31
1307 4155 1362 4210 πάι·

185 4239 278 4302 τοις>
295 4236 342 4290 LA
