2834 5018
423 609 650 665 MARTYRIUM
669 611 695 665 S.
714 610 929 666 POLYCARPI.
1193 615 1266 681 CIII

90 789 238 871 posterius
273 788 533 866 declaraverunt,
564 789 682 873 quippe
711 810 791 872 quae
814 811 877 854 non
907 795 1011 854 essent
1032 789 1187 875 epistula,
1210 790 1265 855 sed

90 898 161 957 nota
183 895 275 978 quasi
301 894 546 978 chronographi,
570 898 602 958 et
616 894 669 959 hic
683 894 826 978 inprimis
842 894 930 972 dixit,
956 894 1023 960 fore
1039 899 1075 958 ut
1090 894 1263 977 Smyrnaei,

91 997 249 1063 siomnino
260 1000 404 1064 animum
414 1001 619 1076 induxissent,
628 999 699 1063 aliis
708 999 849 1063 ecclesiis
859 998 1117 1083 diemPolycarpi
1126 999 1265 1063 natalem

91 1102 194 1167 sedulo
216 1104 372 1181 indicare,
395 1127 433 1169 eo
456 1127 532 1170 sane
547 1105 616 1169 loco
640 1106 677 1169 de
698 1104 807 1168 haere
830 1104 992 1181 dixissent,
1015 1104 1072 1168 ubi
1086 1103 1180 1168 huius
1204 1103 1266 1168 diei

90 1208 127 1271 ab
148 1208 228 1291 ipsis
252 1209 437 1274 celebrandi
463 1210 654 1274 mentionem
676 1209 820 1273 fecerunt
841 1206 907 1288 (18,
924 1206 974 1290 2);
1010 1229 1046 1272 ac
1067 1207 1265 1291 proconsulis

90 1332 209 1387 nomen,
236 1336 300 1397 quo
324 1335 405 1397 opus
426 1336 491 1378 non
512 1314 626 1379 fuisset
648 1314 757 1378 eodem
780 1335 842 1397 quo
864 1335 914 1378 res
930 1317 1039 1398 gestae
1061 1317 1166 1377 essent
1181 1335 1263 1377 anuo

90 1419 292 1482 narrantibus
316 1424 349 1483 et
379 1419 413 1482 in
435 1418 514 1483 Asia
545 1419 747 1503 degentibus,
778 1440 843 1483 non
871 1419 905 1483 in
935 1419 1107 1503 appendice
1135 1419 1264 1482 tandem

89 1523 284 1606 postscripta
305 1529 543 1599 memorassent,
567 1529 737 1608 postquam
752 1524 849 1588 octies
871 1524 905 1588 in
927 1524 1065 1608 epistula
1085 1523 1264 1588 omisissent
1319 1524 1328 1545 ⁸

91 1623 186 1704 (3,1;
214 1629 256 1705 43
284 1627 314 1705 9,
332 1629 362 1691 2.
380 1629 414 1703 3;
453 1629 554 1706 10,2;
587 1629 687 1705 11,1;
713 1630 816 1707 12,1;
852 1630 902 1704 17,
926 1626 968 1711 2).
1016 1627 1095 1693 Cum
1118 1627 1265 1693 Chronici

90 1730 247 1812 paschalis
271 1738 391 1808 auctor,
425 1732 479 1816 qui
501 1754 604 1816 pauca
626 1754 643 1796 e
666 1732 837 1816 Polycarpi
860 1731 1013 1816 Martyrio
1036 1731 1262 1816 exscripsisset,

90 1839 183 1918 caput
205 1838 246 1901 21
271 1859 336 1901 non
358 1837 565 1922 neglexisset,
598 1859 662 1900 non
683 1836 852 1900 verisimile
874 1857 951 1910 esse,
974 1836 1158 1909 Eusebium,
1180 1841 1263 1900 tem·

90 1961 201 2020 porum
216 1941 451 2024 exploratorem
466 1964 530 2006 non
545 1942 649 2006 minus
665 1943 831 2020 curiosum,
850 1941 904 2024 qui
919 1941 960 2005 H.
976 1942 1014 2006 Ε.
1032 1941 1088 2019 IV,
1107 1943 1157 2019 15,
1176 1941 1204 2005 l.
1220 1943 1263 2006 46

91 2042 125 2106 de
147 2043 293 2128 tempore
316 2044 410 2110 huius
432 2047 575 2129 martyrii
598 2046 675 2110 satis
696 2047 842 2130 ignarum
865 2067 898 2109 se
913 2047 1092 2110 ostenderet
1113 2067 1171 2110 nec
1186 2047 1264 2109 certi

92 2147 164 2229 quid
186 2170 221 2212 se
243 2149 324 2213 scire
347 2150 519 2226 simularet,
543 2151 577 2214 in
600 2149 754 2215 Chronico
776 2150 962 2233 martyrium
981 2149 1061 2214 false
1084 2151 1124 2214 ad
1146 2172 1264 2214 annum

91 2252 257 2334 septimum
280 2254 406 2338 imperii
430 2254 474 2320 M.
497 2254 622 2319 Aurelii
644 2254 791 2331 referret,
823 2253 906 2318 hanc
928 2276 1037 2318 ansam
1064 2275 1128 2319 non
1150 2275 1263 2337 accep·

91 2359 193 2420 turum
210 2357 318 2436 fuisse,
343 2359 372 2422 si
395 2359 465 2442 quis
481 2359 544 2442 ipsi
564 2358 663 2422 talem
677 2358 885 2443 praebuisset.
909 2356 1007 2442 Sequi
1022 2357 1147 2440 quidem
1162 2358 1213 2435 22,
1233 2356 1261 2436 l,

92 2481 167 2543 quae
191 2461 232 2524 ad
263 2462 434 2545 epistulam
456 2464 614 2546 pertinere
642 2462 840 2538 riderentur3
871 2463 926 2527 sed
952 2463 1068 2526 codicis
1095 2468 1263 2545 praestan·

91 2564 201 2630 tissimi
222 2587 411 2631 eonsensum
427 2588 498 2632 cum
520 2569 662 2632 versione
677 2568 787 2646 latina,
811 2591 831 2632 a
854 2568 967 2652 quibus
983 2570 1108 2645 absunt,
1132 2570 1262 2634 demon·

90 2674 205 2748 strare,
238 2675 313 2754 post
336 2669 440 2736 Pionii
470 2671 556 2736 illius
579 2676 724 2756 tempora
744 2672 802 2736 illa
831 2673 953 2737 adiecta
975 2694 1058 2750 esse,
1090 2673 1144 2758 qui
1167 2676 1218 2752 22,
1242 2676 1263 2740 3

90 2773 309 2852 praecedentia
332 2797 366 2838 se
395 2775 597 2859 descripsisse
627 2777 760 2854 diceret,
792 2777 844 2840 vel
865 2777 962 2841 etiam
984 2776 1138 2853 Socratis,
1170 2800 1263 2862 quem

89 2877 183 2959 paulo
207 2882 281 2942 ante
304 2878 435 2944 Pionius
467 2882 575 2945 eadem
597 2881 799 2965 profitentem
830 2880 957 2945 faceret.
1001 2880 1032 2945 A
1054 2880 1158 2945 Pionii
1180 2883 1263 2947 enim

90 2982 269 3047 recensione
293 3005 402 3048 omnes
431 2985 525 3050 huius
547 2986 696 3070 Martyrii
718 2987 840 3051 codices
870 3007 999 3071 graecos
1022 3008 1080 3051 neo
1107 3009 1170 3050 non
1192 3009 1261 3051 ver·

90 3085 208 3150 sionem
240 3086 374 3151 latinam
400 3090 545 3172 pendere.
590 3091 676 3155 Eum
698 3095 804 3155 autem
833 3091 867 3154 in
888 3091 984 3155 finem
1006 3096 1080 3155 vota
1101 3090 1167 3168 illa,
1193 3092 1261 3175 epi·

89 3189 190 3254 stulse
213 3212 327 3254 sonum
349 3191 414 3255 iam
437 3194 625 3258 exstinctum
647 3195 885 3271 resuscitantis,
917 3195 1036 3259 inserta
1058 3216 1142 3270 esse,
1165 3199 1202 3258 ut
1224 3217 1262 3259 ea

90 3314 229 3376 quoque,
264 3317 345 3379 quae
367 3297 401 3360 in
424 3319 449 3361 c.
474 3300 515 3362 21
539 3298 728 3382 legerentur,
762 3298 916 3382 epistulae
938 3297 1182 3382 Smyrnaeorum
1204 3321 1262 3384 per

89 3395 208 3475 Caium,
232 3397 410 3478 Socratem,
435 3401 583 3466 Pionium
613 3402 747 3466 fideliter
778 3402 952 3487 descriptae
980 3425 1054 3487 pars
1085 3426 1152 3469 esse
1174 3405 1261 3468 vide·

89 3504 204 3565 rentur.

175 3605 264 3682 Quae
287 3612 474 3691 argumenta
497 3608 642 3694 equidem
663 3608 741 3673 olim
764 3609 840 3674 satis
862 3610 975 3676 idonea
997 3612 1104 3676 habui.
1138 3611 1262 3677 Interea
1359 3658 1361 3662 »

88 3731 160 3774 vero
175 3710 362 3795 Lightf00t¹
386 3714 617 3796 postscriptum
632 3713 891 3798 chronologicum
910 3736 965 3779 ssu
980 3737 1006 3779 c.
1024 3716 1064 3779 21
1090 3717 1261 3800 genuinum

89 3818 120 3877 et
141 3815 182 3879 ab
205 3819 334 3880 auctore
356 3816 501 3900 Martyrii
530 3818 709 3900 profectum
732 3841 799 3883 esse
829 3820 1005 3885 luculenter
1027 3821 1259 3886 demonstravit.

87 3919 193 3985 Pauca
215 3922 401 4004 exponenda
416 3927 498 3988 sunt.
545 3921 648 3987 Simili
670 3926 875 3990 modoetiam
896 3927 929 3990 iu
944 3925 1053 3989 multis
1076 3924 1145 3988 aliis
1161 3926 1260 4009 scrip-

86 4025 166 4088 turis
198 4031 325 4109 tempus
357 4026 499 4108 martyrii
530 4024 705 4105 indicatur,
738 4029 771 4093 in
798 4028 888 4095 Actis
920 4030 1156 4095 scillitanorum
1178 4051 1204 4093 c.
1230 4032 1259 4105 5,

87 4127 190 4193 Pionii
213 4152 238 4194 c.
257 4132 309 4207 23,
334 4130 463 4195 Achatii
485 4151 510 4193 c.
529 4131 557 4208 5,
582 4128 714 4196 Maximi
737 4155 762 4198 c.
780 4135 809 4211 3,
833 4135 921 4199 Petri
935 4133 1081 4198 Andreae
1103 4137 1161 4197 eto.
1186 4155 1212 4197 o.
1230 4134 1259 4209 6,

86 4231 217 4298 Luciani
239 4237 272 4297 et
294 4233 449 4298 Marciani
472 4255 497 4297 c.
516 4235 545 4310 8,
571 4232 720 4319 Cypriani
742 4259 768 4302 c.
785 4237 814 4316 6,
839 4237 962 4303 Claudii
985 4241 1043 4302 etc.
1067 4260 1092 4302 c.
1110 4238 1139 4314 6,
1164 4241 1223 4302 etc.
1238 4233 1260 4301 ².

157 4389 171 4441 l
194 4386 249 4441 ere
265 4387 405 4455 Apostolic
423 4386 542 4441 Fatlrers
560 4387 594 4450 ΙΙ,
613 4388 632 4451 I,
653 4388 800 4444 610-621.

155 4473 172 4527 2
191 4472 234 4527 uf.
255 4473 381 4534 Ruinart,
400 4474 475 4527 Acta
492 4477 649 4543 martyrum
668 4474 710 4528 ed.
731 4475 837 4530 Gulura
855 4475 875 4539 Ι,
896 4475 953 4531 191.
972 4478 1031 4532 347.
1050 4477 1108 4532 356.
1128 4476 1186 4530 361.
1200 4475 1259 4530 367.

85 4559 154 4623 683,
172 4560 206 4625 Π,
224 4560 268 4614 48.
290 4560 345 4614 144.
