2834 5018
195 323 259 388 318
536 316 760 372 MARTYRIUM
778 316 804 371 S.
823 315 1028 371 POLYOARPI

192 493 377 560 ἀνθυπάτου
401 493 522 560 πείθειν
549 495 643 557 αὐτόν
676 495 729 557 καί
757 493 921 577 λέγοντος,
945 495 1000 575 τὴν
1028 490 1152 574 ἡλικίαν
1176 491 1273 553 αὐτοῦ
1297 512 1372 554 κατ-

192 608 357 681 οικτεῖραι,
389 599 490 682 έαυτῶ
523 598 723 662 ἐπεσπάσατο
749 600 785 661 τό
808 597 920 682 θηρίον
943 595 1231 681 προσβιασάμενος,
1261 594 1370 678 τάχιον

190 713 245 766 τοῦ
281 703 390 766 ἀδίκου
424 705 477 765 καί
520 703 636 787 ἀνόμου
671 702 738 788 βίου
772 705 874 766 αὐτῶν
914 701 1135 785 ἀπαλλαγῆναι
1170 699 1369 785 βουλόμενος.

192 812 221 873 2.
248 807 285 870 ἐκ
307 807 419 870 τούτου
442 805 496 870 ούν
519 817 581 870 πᾶν
605 809 640 870 τὸ
655 807 790 891 πλῆθος,
814 806 985 889 θαυμάσαν
1009 807 1064 887 τλγν
1086 805 1292 889 γενναιότητα
1314 813 1369 868 τοῦ

165 934 177 971 ι
192 911 362 995 θεοφιλοῦς
377 913 430 974 καί
455 911 625 997 θεοσεβοῦς
640 912 749 996 γένους
771 921 834 976 τῶν
849 911 1056 994 Χριστιανῶν,
1080 909 1270 995 ἐπεβόησεν·
1293 907 1369 992 Αίρε

188 1018 259 1090 τοὺς
283 1015 419 1092 ἀθέους·
444 1015 603 1099 ζητείσθω
625 1015 843 1098 Πολύκαρπος.

275 1122 330 1186 IV.
355 1118 410 1196 Είς
433 1120 483 1199 δέ,
515 1119 641 1202 ὀνόματι
664 1119 813 1197 Κόϊντος,
847 1118 949 1203 Φρύξ,
980 1118 1169 1202 προσφάτως
1200 1117 1368 1203 ἐληλυθὼς

188 1223 252 1286 ἀπό
274 1234 329 1306 τῆς
345 1223 495 1308 Φρυγίας,
521 1223 594 1286 ἰδὼν
610 1225 649 1285 τά
672 1223 769 1307 θηρία
785 1223 965 1287 ἐδειλίασεν.
1011 1222 1100 1298 ούτος
1123 1222 1158 1285 δέ
1172 1221 1210 1307 ἦν
1234 1223 1368 1307 ὀπαρα-

189 1326 375 1412 βιασάμενος
404 1327 517 1391 ἑαυτόν
545 1348 580 1390 τε
610 1327 664 1390 καί
695 1349 779 1402 τινας
808 1327 996 1410 προσελθεῖν
1025 1327 1165 1402 ἑκόντας.
1216 1329 1368 1392 τοῦτονό

154 1456 178 1493 10
193 1431 377 1507 ἀνθύπατος
399 1430 503 1495 πολλά
526 1430 737 1514 ἐκλιπαρησας
759 1432 880 1494 ἔπεισεν
905 1431 1016 1513 ὀμόσαι
1039 1432 1092 1493 καί
1116 1431 1276 1497 ἐπιθῦσαι.
1315 1434 1367 1496 διὰ

186 1546 277 1598 τοῦτο
311 1533 383 1615 σύν,
415 1535 562 1618 ἀδελφοί,
596 1538 654 1599 οὐκ
677 1536 861 1619 ἐπαινοῦμεν
894 1539 965 1611 τοὺς
993 1536 1194 1618 προδιδόντας
1225 1536 1365 1616 ἑαυτούς,

186 1639 292 1723 ἐπειδὴ
316 1642 374 1723 οὐχ
397 1642 495 1716 ούτως
518 1641 658 1704 διδάσκει
679 1643 715 1703 τό
738 1639 930 1725 εὐαγγέλιον.

271 1747 311 1811 V.
334 1744 370 1808 Ὁ
394 1746 428 1809 δὲ
460 1744 722 1828 θαυμασιώτατος
744 1743 951 1828 Πολύκαρπος
973 1747 1009 1809 τό
1031 1747 1087 1829 μέν
1117 1754 1240 1827 πρῶτον
1269 1746 1364 1811 ἀκού-

185 1872 242 1926 σας
258 1853 316 1914 ούκ
339 1851 513 1936 ἐταράχθη,
531 1849 603 1913 ἀλλ’
625 1849 772 1935 ἐβούλετο
787 1853 870 1913 κατά
886 1850 975 1914 πόλιν
992 1850 1113 1933 μένειν·
1139 1850 1167 1912 σί
1182 1850 1218 1913 δέ
1237 1850 1363 1927 πλείους

146 1976 171 2014 ιι
186 1955 316 2020 ἔπειθον
340 1957 434 2019 αὐτόν
450 1954 644 2032 ὑπεξελθεῖν.
689 1956 742 2017 καί
766 1954 943 2040 ὑπεξῆλθεν
960 1956 1002 2031 είς
1026 1956 1162 2039 άγρίδιον
1186 1958 1223 2019 ού
1239 1958 1363 2039 μακρὰν

184 2060 303 2143 ἀπέχον
335 2060 397 2123 ἀπό
429 2071 483 2144 της
505 2059 627 2135 πόλεως
657 2061 710 2122 καί
743 2058 889 2144 διέτριβεν
922 2058 989 2142 μετ’
1012 2058 1145 2143 ὀλίγων,
1180 2060 1281 2123 νύκτα
1309 2062 1362 2123 καί

182 2162 300 2247 ἡμέραν
324 2165 413 2228 ούδέν
436 2165 541 2247 ἕτερον
563 2175 660 2230 ποιῶν
683 2166 968 2249 ῆπροσευχόμενος
990 2167 1058 2248 περί
1081 2166 1208 2229 πάντων
1230 2168 1361 2231 καὶτῶν

183 2270 266 2330 κατὰ
290 2270 344 2349 τὴν
367 2267 550 2353 οἰκουμένην
574 2269 767 2354 ἐκκλησιῶν,
791 2272 866 2352 όπερ
890 2269 927 2355 ἦν
951 2271 1087 2354 σύνηθες
1110 2272 1207 2353 αύτῷ.
1254 2275 1284 2337 2.
1308 2272 1360 2334 καί

182 2372 431 2454 προσευχόμενος
460 2372 492 2436 ἐν
524 2375 658 2459 ὀπτασίᾳ
684 2375 812 2459 γέγονεν
842 2377 901 2457 πρό
932 2386 1024 2457 τριῶν
1055 2374 1178 2458 ἡμερῶν
1208 2386 1264 2439 τοῦ
1289 2373 1360 2438 συλ-

143 2497 168 2534 ιιι
182 2475 344 2559 ληφθῆναι
373 2477 483 2557 αὐτόν,
515 2481 568 2541 καί
598 2477 677 2543 εἶδεν
708 2482 743 2542 τὸ
772 2478 1026 2561 προσκεφάλαιον
1057 2482 1153 2543 αύτοῠ
1181 2479 1242 2542 ὑπὸ
1266 2482 1359 2564 πυρός

181 2580 446 2663 κατακαιόμενον·
480 2586 533 2646 καί
557 2588 703 2668 στραφεὶς
726 2584 810 2649 είπεν
834 2588 909 2667 πρός
933 2589 1004 2661 τοὺς
1027 2590 1083 2649 σὺν
1106 2587 1211 2670 αὐτῷ·
1245 2585 1301 2650 Δεῖ
1322 2607 1360 2669 με

181 2685 284 2762 ζῶντα
306 2688 475 2769 καυθῆναι.

268 2791 324 2855 VI,
349 2790 412 2853 Καί
442 2791 649 2875 ἐπιμενόντων
672 2803 733 2857 τῶν
764 2794 939 2879 ζητούντων
964 2797 1058 2858 αὐτόν
1090 2794 1204 2879 μετέβη
1228 2795 1273 2871 είς
1296 2797 1357 2859 ἔτε-

180 2913 233 2975 ρον
256 2895 408 2978 ἀγρίδισν,
437 2898 491 2959 καί
514 2897 635 2974 εὐθέως
658 2898 832 2983 ἐπέστησαν
855 2899 883 2961 οἱ
906 2899 1070 2982 ζητοῦντες
1093 2900 1208 2963 αὐτόν·
1239 2901 1356 2983 καὶμὴ

141 3015 166 3053 νο
180 2997 320 3079 εύρόντες
343 3001 551 3086 συνελάβοντο
581 3003 729 3085 παιδάρια
752 3004 824 3083 δύο,
854 3001 897 3068 ὧν
920 3006 955 3067 τό
985 3006 1089 3086 ἕτερον
1112 3003 1356 3089 βασανιζόμενον

179 3101 391 3189 ὡμολόγησεν.
437 3104 474 3190 ἦν
500 3109 561 3190 γὰρ
596 3109 649 3170 καί
676 3107 827 3172 ἀδύνατον
861 3108 974 3173 λαθεῖν
1001 3109 1113 3186 αὐτόν,
1146 3107 1213 3172 ἐπεί
1240 3111 1296 3173 καί
1329 3108 1356 3172 οἱ

251 3260 263 3311 l
283 3258 415 3330 λέγοντος
432 3278 451 3329 p
467 3260 576 3333 τλὲγειν
594 3261 683 3314 bhm
696 3279 713 3313 ν
729 3262 733 3331 Ι
749 3262 766 3314 2
784 3262 881 3334 τάχιον
899 3263 916 3316 b
931 3263 950 3316 h
964 3280 979 3314 v
992 3281 998 3314 ι
1011 3267 1056 3319 καὶ
1076 3284 1099 3319 τ.
1118 3281 1178 3331 mp
1202 3264 1206 3334 Ι
1229 3265 1247 3319 3
1265 3264 1356 3321 αὐτῶν

178 3343 383 3402 ύλιΕτιιύτδν
401 3350 545 3414 mv‚>p
568 3347 571 3417 Ι
596 3348 612 3399 5
630 3354 781 3417 θεοφιλοῦς
800 3390 824 3402 ..
844 3350 1104 3422 θεοσεβοῦςιωλι
1120 3356 1124 3419 Ι
1141 3351 1156 3403 7
1175 3350 1206 3406 δέ
1224 3350 1354 3420 bhpv:

178 3424 228 3486 οὖν
244 3449 280 3489 111,
299 3432 367 3483 tunc
385 3430 407 3484 L
422 3434 426 3497 Ι
450 3434 570 3499 Κόϊντος
582 3451 588 3486 :
601 3435 706 3501 κοπτός
724 3434 751 3497 h,
769 3437 871 3502 κυστός
889 3453 906 3489 ν
932 3437 936 3502 Ι
962 3437 994 3488 10
1013 3434 1099 3492 ἐκλιπ.
1118 3432 1230 3494 ἔπεισεν
1249 3437 1353 3508 ςιέξε-

177 3517 342 3589 λειπάρηοεν
351 3536 378 3569 111
395 3520 398 3583 Ι
418 3518 446 3571 ll
461 3521 672 3592 προδιδόνταςίι
683 3538 701 3573 ν
712 3539 718 3572 :
728 3522 923 3594 προοιόνταςύ
933 3541 989 3593 mp
1005 3528 1009 3586 1
1031 3520 1146 3591 ἑαυτούς
1156 3524 1174 3576 h
1186 3543 1213 3577 m
1227 3544 1234 3577 ι
1248 3524 1354 3592 ἑαυτοῖς

177 3602 221 3672 bl)
230 3620 255 3667 v,
268 3620 297 3657 Se
308 3602 380 3658 ultro
391 3605 412 3658 L
428 3607 432 3673 Ι
450 3605 481 3658 15
491 3603 653 3676 ὑπεξελθεῖν
663 3606 842 3677 ςτύπεξιέναι
850 3629 878 3663 m
894 3610 898 3679 Ι
913 3614 958 3666 καί
969 3610 1014 3680 ΙΙ
1022 3614 1149 3677 πεισθεὶς
1158 3612 1186 3680 ν)
1196 3609 1355 3682 ὑπεξῆλθεν

178 3687 273 3757 ετίπ.
287 3686 373 3747 ούνιιι
389 3702 392 3755 1
411 3693 593 3760 16άπό>ω
608 3695 612 3765 Ι
628 3690 779 3768 ἐτριβεύν
794 3698 799 3765 Ι
815 3698 945 3754 νύκτανίι
961 3701 965 3765 Ι
983 3696 1152 3769 17ημὲραω
1168 3697 1172 3768 Ι
1189 3697 1353 3769 οίύένύθρ

176 3775 220 3845 (Ε)
234 3776 337 3848 ιμηόἐν
355 3797 414 3832 mv
431 3779 435 3848 Ι
453 3780 485 3834 18
502 3780 574 3838 κατὰ
597 3787 647 3853 τὴν
665 3782 716 3839 οἰκ.
730 3802 736 3836 :
749 3798 796 3856 της
815 3784 976 3855 οἰκουμένης
995 3785 1013 3837 h
1039 3786 1043 3855 Ι
1069 3786 1101 3840 19
1120 3784 1282 3857 γέγονεν)
1299 3805 1329 3840 m
1347 3786 1350 3854 Ι

175 3864 209 3917 20
227 3865 304 3932 τό)
323 3865 342 3918 b
367 3865 371 3935 Ι
396 3868 428 3921 21
448 3867 499 3924 σὺν
516 3887 543 3921 m
557 3868 603 3935 (E)
616 3888 622 3921 :
635 3872 769 3938 συνόντας
786 3890 806 3942 g
831 3872 834 3942 Ι
859 3871 933 3947 αύτῷ
952 3872 1014 3925 mL
1033 3891 1039 3924 :
1057 3872 1091 3943 -Ι-
1108 3882 1292 3946 προφητικῶς
1310 3874 1350 3943 g}

175 3951 209 4004 22
227 3952 324 4023 κάηναι
342 3971 370 4005 m
395 3952 399 4022 Ι
424 3956 457 4008 25
476 3948 517 4012 ὧν
541 3988 576 3996 -
602 3964 698 4030 βασαν.
718 3979 724 4011 :
742 3959 967 4032 βασανιζομένων
994 3959 1024 4016 ὀὲ
1051 3968 1108 4016 τῶν
1134 3965 1291 4034 παιδαρίων
1309 3962 1328 4014 h
1347 3963 1349 4027 Ι

175 4039 208 4092 26
227 4038 404 4111 ύμυλόγησαν
420 4042 439 4094 h

176 4175 221 4228 die
242 4178 281 4231 19.
300 4177 431 4231 Ianuarii.
456 4210 491 4218 -
515 4179 689 4250 ἀνθιπιάιου]
709 4198 745 4235 ετ.
758 4182 762 4265 Ι
774 4184 823 4236 tet.
833 4215 867 4222 -
883 4186 1134 4258 προσβιασάμενος]
1145 4186 1186 4240 Cf.
1201 4186 1261 4257 Ign.
1273 4187 1351 4242 Rom.

172 4261 202 4317 L.
222 4262 309 4318 Statii
328 4263 478 4329 Quadrati,
497 4269 530 4320 ut
548 4283 582 4320 ex
601 4283 624 4324 c.
646 4269 677 4321 21
697 4285 746 4337 pa·
758 4268 761 4338 Ι
774 4271 797 4333 5,
816 4269 839 4323 2.
858 4272 1005 4343 -τάχιον
1020 4272 1091 4342 κτλ]
1110 4273 1185 4327 Acta
1204 4274 1290 4344 Carpi
1303 4275 1351 4329 36:
