2834 5018
201 338 266 404 150
669 331 683 385 1
701 329 906 387 οιοιιοιιτιο

200 511 352 594 γένοιντο
376 513 407 574 οί
429 512 496 575 υἱοί
525 513 640 575 αὐτῶν
663 510 734 573 ἀπὸ
766 511 950 593 σωτηρίας·
985 503 1297 592 κοίαβρισθείησαν
1321 505 1374 568 ἐπί

200 613 323 700 θύραις
339 615 509 698 ἡσσόνων,
525 615 582 679 καί
606 617 667 679 οὐκ
683 616 777 678 ἔσται
799 615 818 676 δ
834 610 1090 696 ἐξαιρούμενος·
1114 611 1215 695 ἀγὰρ
1236 610 1375 690 ἐκείνοις

201 722 413 802 ἡτοίμασται,
437 716 559 782 δίκαιοι
582 716 726 796 ἔδονται,
749 717 844 781 αὐτοὶ
868 715 905 779 δὲ
928 716 964 779 ἐκ
988 720 1105 779 κακῶν
1128 718 1189 779 οὐκ
1214 712 1376 800 ἐξαίρετοι

201 824 345 887 ἔσονται,

173 948 187 986 ε
287 929 352 994 XL.
376 926 547 1011 Προδήλων
570 925 623 990 οὖν
647 925 719 1009 ἡμῖν
743 927 840 989 ὄντων
863 925 998 1004 τούτων,
1025 925 1078 986 καί
1102 923 1312 1007 ἐγκεκυφότες
1334 926 1376 1001 είς

201 1033 240 1094 τὰ
263 1031 349 1116 βάθη
373 1041 427 1115 τής
451 1030 541 1106 θείας
564 1028 727 1114 γνώσεως,
758 1029 860 1091 πάντα
882 1026 965 1104 τάξει
989 1037 1087 1091 ποιεῖν
1109 1027 1294 1111 ὀφείλομεν,
1318 1031 1375 1093 ὅσα

200 1133 218 1196 δ
241 1134 393 1219 δεσπότης
416 1134 566 1198 ἐπιτελεῖν
590 1133 754 1198 ἐκέλευσεν
775 1135 858 1197 κατὰ
882 1136 1008 1215 καιροὺς
1023 1133 1238 1217 τεταγμένους.
1268 1139 1297 1201 2.
1322 1135 1376 1210 τάς

200 1261 235 1302 τε
257 1241 436 1322 προσφορὰς
459 1240 511 1302 καί
535 1236 725 1320 λειτουργίας
749 1235 971 1315 ἐπιτελεῖσθαι,
994 1239 1047 1300 καί
1072 1240 1130 1301 οῦκ
1144 1240 1213 1323 εἰκῆ
1236 1240 1257 1323 ή
1280 1240 1375 1302 ἀτάκ·

202 1364 263 1419 τως
279 1342 444 1407 ἐκέλευσεν
459 1342 613 1427 γίνεσθαι,
637 1340 709 1404 ἀλλ’
725 1340 904 1424 ὡρισμένοις
918 1351 1036 1424 καιροῖς
1058 1345 1111 1405 καί
1128 1344 1231 1426 ὥραις.
1263 1348 1292 1410 3.
1316 1353 1375 1407 ποῦ

162 1473 188 1510 10
201 1470 235 1511 τε
258 1449 311 1510 καί
333 1448 384 1510 διὰ
405 1447 497 1511 τίνων
526 1446 737 1512 ἐπιτελεῖσθαι
762 1445 865 1525 θέλει,
895 1447 987 1521 αὐτὸς
1015 1447 1124 1529 ὥρισεν
1152 1458 1190 1532 τῇ
1220 1449 1375 1532 ὑπερτάτη

201 1553 297 1615 αὐτοῦ
320 1551 482 1636 βουλήσει,
513 1550 554 1614 ἵν’
577 1550 669 1626 ὁσίως
698 1551 801 1614 πάντα
822 1551 970 1635 γινδμενα
992 1550 1025 1615 ἐν
1050 1552 1211 1636 εὐδοκήσει
1243 1554 1374 1637 εὐπρόσ-

200 1657 296 1720 δεκτα
326 1658 440 1742 εἴητῷ
473 1655 627 1740 θελήματι
660 1657 765 1721 αὐτοῦ.
812 1660 841 1722 4.
867 1656 895 1718 οἱ
918 1653 972 1718 οὖν
1003 1664 1066 1730 τοῖς
1098 1657 1375 1741 προστεταγμένοις

199 1770 318 1844 καιροῖς
340 1772 499 1836 ποιοῦντες
526 1764 582 1836 τάς
604 1762 783 1844 προσφορὰς
813 1762 916 1823 αὐτῶν
939 1760 1158 1844 εῦπρδσδεκτοί
1180 1782 1214 1824 τε
1241 1764 1295 1824 καί
1318 1783 1375 1846 μα-

199 1866 320 1949 κάριοι·
344 1876 408 1941 τοῖς
430 1869 491 1950 γάρ
514 1865 652 1950 νομίμοις
675 1875 729 1928 τοῦ
753 1865 905 1928 δεσπότου
921 1863 1172 1940 ἀκολουθοῦντες
1196 1867 1235 1928 οὐ
1248 1866 1375 1950 διαμαρ-

160 1987 186 2025 ιτ
200 1970 354 2035 τάνυυσιν.
401 1974 429 2036 5.
454 1978 498 2054 τῷ
527 1973 588 2055 γὰρ
616 1971 752 2053 ἀρχιερεῖ
780 1969 854 2032 ίδιαι
882 1968 1068 2054 λειτουργίαι
1097 1968 1259 2053 δεδομέναι
1290 1970 1375 2051 εἰσίν,

200 2075 339 2149 καὶτοῖς
370 2074 500 2156 ἱερεῦσιν
529 2075 606 2149 ἴδιος
636 2074 768 2149 δτέπος
791 2072 1034 2156 προστέτακται,
1068 2075 1120 2135 καί
1144 2071 1282 2148 λευίταις
1304 2075 1375 2137 ίδιαι

200 2178 352 2241 διακονίαι
384 2177 567 2242 ἐπίκεινται·
599 2177 748 2253 δλαῖκδς
778 2180 946 2260 ἄνθρωπος
976 2186 1038 2252 τοῖς
1069 2176 1190 2252 λαϊκοῖς
1221 2179 1375 2263 προστάγ-

201 2300 293 2363 μασιν
315 2279 445 2344 δέδεται.

288 2386 367 2451 XLI.
391 2383 548 2460 Ἕκαστος
577 2385 683 2469 ήμῶν,
714 2383 859 2467 ἀδελφοί,
895 2384 927 2447 ἐν
950 2393 994 2468 τῷ
1018 2385 1083 2470 ἰδίῳ
1113 2386 1246 2470 τάγματι
1270 2387 1375 2470 εὐαρε-

160 2506 187 2546 εο
202 2488 311 2552 στείτω
334 2499 378 2574 τῷ
402 2493 469 2573 θεῷ
494 2489 526 2553 ἐν
550 2491 660 2574 ἀγαθή
689 2490 860 2572 συνειδήσει
893 2490 1062 2572 ὑπάρχων,
1094 2492 1135 2573 μή
1158 2489 1375 2575 παρεκβαίνων

200 2595 253 2656 τὸν
277 2592 445 2678 ὡρισμένον
468 2604 522 2677 τῆς
544 2593 736 2678 λειτουργίας
760 2595 855 2656 αὐτοῦ
878 2593 1007 2673 κανόνα,
1031 2593 1063 2656 ἐν
1087 2595 1261 2678 σεμνότητι.
1285 2598 1316 2660 2.
1340 2595 1375 2657 οῦ

200 2707 371 2780 πανταχοῦ,
397 2697 536 2781 ἀδελφοί,
559 2699 784 2781 προσφέρονται
808 2696 917 2764 θυσίαι
945 2696 1164 2780 ένδελεχισμοῦ
1187 2699 1208 2780 ή
1230 2699 1334 2780 εὐχῶν
1356 2698 1376 2781 ή

200 2803 269 2884 περί
299 2802 449 2885 ἁμαρτίας
478 2804 532 2865 καί
569 2802 790 2887 πλημμελείας,
821 2800 893 2864 ἀλλ’
925 2803 945 2885 ἡ
975 2801 1008 2864 ἐν
1039 2801 1244 2885 Ἰερουσαλὴμ
1280 2802 1375 2885 μόνη·

201 2907 296 2969 κάκεῖ
326 2907 361 2970 δέ
384 2909 442 2970 οὐκ
473 2907 505 2971 έν
528 2909 619 2970 παντί
649 2908 734 2991 τόπῳ
767 2905 991 2989 προσφέρεται,
1023 2905 1096 2968 ἀλλ’
1118 2907 1300 2989 ἔμπροσθεν
1322 2914 1376 2969 τοῦ

162 3028 188 3066 ιτ
202 3020 277 3073 ναοῦ
301 3012 376 3093 πρὸς
399 3012 434 3073 τδ
457 3011 689 3094 θυσιαστήριον,
713 3012 969 3095 μωμοσκοπηθὲν
992 3013 1027 3073 τὸ
1050 3011 1304 3093 προσφερόμενον
1326 3010 1376 3073 διὰ

270 3182 287 3236 8
305 3184 513 3256 λειτουργίας]-
521 3182 657 3253 ἐπιμελῶς
666 3183 816 3252 Lightfoot
827 3196 830 3253 Ι
842 3182 1029 3240 ἐπιτελεῖσθαι
1038 3186 1084 3238 καί
1094 3180 1145 3233 ΑΗ
1155 3199 1161 3233 ι
1172 3184 1206 3247 >
1214 3180 1255 3234 LS
1265 3181 1364 3251 Knopf
1369 3181 1373 3251 Ι

203 3269 236 3324 10
253 3268 394 3342 ὑπερτάτη
403 3269 430 3322 Η
439 3269 474 3325 cf.
485 3271 525 3334 36,
537 3272 565 3324 2:
585 3289 731 3342 υπερτατω
742 3271 767 3323 Α
783 3271 786 3339 Ι
805 3271 834 3322 11
849 3270 940 3325 πάντα
952 3267 993 3322 LS
1008 3286 1013 3319 :
1027 3270 1061 3337 Ι·
1075 3267 1108 3324 τά
1120 3267 1173 3320 ΑΗ
1188 3267 1192 3337 Ι
1210 3268 1243 3320 12
1256 3288 1376 3339 προστα-

200 3365 272 3430 γτῖσι
289 3356 314 3408 Η
330 3359 334 3424 Ι
353 3358 384 3411 16
402 3355 462 3423 ὁ>
481 3358 507 3410 H
523 3358 527 3427 Ι
545 3357 577 3411 18
595 3356 700 3413 δέδεται
718 3357 743 3409 Α
755 3375 761 3408 :
775 3355 882 3412 δέδοται
901 3355 968 3409 HLS
990 3355 993 3424 Ι
1018 3354 1050 3409 19
1068 3375 1146 3423 υμων
1164 3355 1189 3404 Α
1211 3354 1214 3423 Ι
1239 3353 1317 3419 19]·20
1335 3352 1376 3410 εὖ·

200 3447 351 3517 αρεστείτω
364 3443 431 3498 HLS
447 3463 659 3517 τενχαριστειτω
672 3445 696 3496 Α
712 3446 716 3510 Ι
733 3444 766 3497 22
784 3452 947 3517 προσευχῶν
958 3442 984 3494 Η
1005 3445 1009 3510 Ι
1025 3442 1059 3497 23
1077 3442 1322 3512 πλημμελημάτων
1334 3441 1373 3508 ΗΙ

200 3532 317 3602 ubre>
335 3530 361 3582 Η

237 3669 292 3731 XL,
313 3670 335 3722 1.
363 3667 449 3723 Clem.
478 3669 519 3722 Al.
548 3669 648 3724 Strom.
666 3671 712 3731 IV,
734 3670 773 3734 17,
836 3673 859 3724 ί).
880 3671 976 3740 τόπος]
988 3670 1005 3723 i.
1017 3687 1040 3723 e.
1052 3669 1120 3725 ordo
1131 3668 1203 3721 sacri
1216 3668 1375 3722 ministerii.

204 3759 253 3813 112
270 3775 298 3826 p.
319 3758 377 3813 613.
396 3788 431 3796 -
456 3754 651 3830 ἐγκεκυφότες]
672 3757 712 3812 Cf.
732 3759 774 3822 45,
803 3757 844 3812 cf.
863 3759 904 3819 44,
924 3760 957 3819 5;
978 3759 1035 3828 [ρο.
1055 3757 1148 3825 Polyc.
1170 3757 1192 3817 1,
1212 3757 1243 3817 2;
1269 3756 1375 3825 Smyrn.

202 3845 233 3907 23
260 3844 301 3906 53,
323 3847 350 3907 1;
379 3844 419 3908 62,
440 3845 470 3906 3;
499 3845 592 3913 Polyc.
612 3846 683 3899 Phil.
703 3846 730 3909 3,
750 3846 775 3899 2.
802 3846 825 3904 6,
847 3848 875 3907 1;
894 3844 987 3913 Polyc.
1006 3844 1077 3897 Phil.
1099 3843 1186 3906 11,1;
1212 3843 1278 3896 Eue.
1300 3844 1333 3897 Η.
1346 3842 1375 3897 Ε.

201 3959 236 3968 —
253 3930 338 4003 βάθη]
359 3931 401 3985 cf.
420 3932 498 3985 Rom.
520 3933 559 3995 11,
579 3932 626 3994 33;
645 3933 657 3985 Ι
676 3933 737 3987 Cor.
750 3936 774 3997 2,
802 3933 835 3996 V,
857 3934 881 3994 5,
899 3931 922 3986 2.
960 3931 1079 3986 constit.
1106 3934 1195 4000 apost.
1215 3930 1253 3993 11,
1275 3934 1314 3986 11.
1338 3931 1375 3984 13.

204 4016 243 4071 10.
262 4047 297 4055 -
315 4017 400 4087 τάξει]
420 4016 461 4070 Cf.
480 4018 494 4070 I
512 4019 573 4073 Cor.
594 4020 633 4082 14,
652 4020 693 4074 40.
803 4019 950 4089 -λαϊκόςΙ
962 4017 1101 4072 Credibile
1112 4018 1162 4082 est,
1172 4034 1271 4071 vocem
1284 4019 1377 4084 λαῖκδς

237 4104 261 4156 2.
280 4104 450 4174 Interpretes
477 4106 585 4160 minore
611 4106 666 4158 fide
696 4105 776 4174 digni
802 4104 937 4158 usitatam
957 4106 1033 4174 apud
1045 4105 1217 4159 Hellenistas
1230 4105 1326 4167 fuisse,
1345 4106 1376 4158 ut

201 4194 267 4244 sunt
295 4206 379 4256 quam
396 4194 482 4245 testes
507 4192 609 4262 graeci,
630 4192 775 4246 ethorum
802 4191 1009 4260 significaretur
1032 4192 1141 4246 alienus
1165 4209 1183 4245 υ
1199 4193 1277 4246 tribu
1296 4192 1375 4247 Levis

201 4279 296 4330 textus
313 4278 382 4331 mihi
409 4279 525 4332 ssolerari
549 4295 632 4348 posse
655 4277 773 4332 videtur.
802 4282 852 4332 aut
873 4278 958 4333 etiam
971 4278 1105 4348 prosapia
1116 4279 1245 4333 Aaronis.
1270 4280 1375 4344 Quibus
