2834 5018
434 1126 663 1200 ΡΑΡΙΑΕ
701 1124 1089 1199 FRAGMENTA

363 1280 441 1336 cau
459 1279 693 1335 TESTIMONIIS
711 1278 891 1334 manaan
911 1279 1156 1335 scaurorum

685 1472 840 1480 ——o-—.

751 1597 775 1662 L

260 1741 288 1803 1.
312 1738 445 1815 Quando
469 1743 500 1803 et
533 1743 679 1803 creatura
708 1743 859 1803 renovata
890 1742 921 1801 et
954 1737 1088 1802 liberata
1115 1739 1359 1805 multitudinem

173 1843 378 1909 fructificabit
399 1843 564 1908 universae
580 1865 679 1920 escae,
704 1865 743 1907 ex
759 1865 830 1908 rore
846 1842 925 1907 caeli
948 1847 981 1907 et
996 1864 1035 1907 ex
1050 1842 1222 1908 fertilitate
1237 1849 1357 1909 terrae:

147 1949 439 2034 oquemadmodum
463 1949 641 2032 presbyteri
664 1949 885 2025 meminerunt,
910 1948 966 2031 qui
988 1947 1139 2011 Ioannem
1163 1947 1358 2032 discipulum

173 2053 291 2118 domini
313 2053 475 2129 viderim,
507 2052 632 2117 audisse
654 2074 688 2116 se
712 2053 752 2117 ab
776 2074 828 2130 eo,
853 2051 1116 2137 quemadmodum
1140 2050 1177 2114 de
1201 2053 1357 2136 tempori·

172 2159 232 2223 bus
255 2157 319 2221 illis
342 2158 475 2222 docebat
497 2156 642 2221 dominus
666 2161 698 2221 et
721 2157 864 2221 dicebat:

282 2263 311 2325 2.
339 2260 495 2337 „Venient
522 2261 606 2338 dies,
641 2261 674 2326 in
703 2262 817 2346 quibus
850 2260 959 2324 vineae
988 2264 1173 2336 nascentur,
1209 2260 1356 2346 singulae

260 2366 367 2430 decem
389 2365 491 2430 millia
520 2365 688 2449 palmitum
712 2366 881 2442 hasbaniae,
915 2369 947 2429 et
968 2364 1001 2427 in
1023 2385 1087 2428 uno
1116 2363 1253 2447 palmite
1278 2365 1357 2430 dena

207 2517 227 2569 1.
256 2518 324 2571 Pars
352 2516 434 2572 huius
464 2518 620 2590 fragmenti
650 2518 870 2583 maior‚lcnnda
887 2519 949 2572 vice
975 2519 1010 2572 de
1028 2518 1106 2572 caelo
1130 2516 1289 2573 interram
1311 2519 1356 2573 ad·

173 2602 281 2658 scilicet
299 2620 396 2658 versus
419 2607 503 2671 1-3‚
530 2606 635 2676 legitur
661 2607 746 2661 etiam
775 2607 891 2661 venerit.
928 2606 999 2660 Rem
1024 2605 1115 2675 ipsam
1141 2606 1220 2673 quod
1244 2607 1356 2669 attinet

172 2690 338 2744 armeniace.
359 2690 480 2746 Tertum
492 2694 683 2747 armeniacum
691 2709 749 2747 una
777 2711 873 2749 omnes
898 2693 1012 2760 quidem
1038 2692 1176 2761 primaevi
1200 2692 1356 2748 Christiani

173 2791 236 2829 cum
260 2777 388 2831 versione
412 2777 503 2833 latina
526 2779 633 2847 primus
659 2780 749 2835 edidit
776 2781 924 2836 orthodoxi
952 2781 1104 2834 secundum
1135 2780 1214 2834 dieta
1244 2782 1357 2850 aposto·

172 2863 252 2918 Pitra
269 2864 461 2934 inSpicilegio
473 2866 640 2921 Solesmensi
650 2868 670 2932 I,
682 2869 694 2920 1
707 2884 747 2934 sq.
775 2869 867 2924 lorum
880 2873 908 2923 et
926 2868 1066 2936 promissa
1082 2866 1292 2937 prophetarum
1310 2884 1356 2922 no·

172 2951 264 3021 (1852)
290 2967 305 3004 e
329 2950 401 3006 libro
428 2953 636 3023 manuscripto,
664 2971 748 3021 quem
775 2973 842 3010 vum
870 2954 979 3008 eaelum
1007 2956 1036 3007 et
1053 2971 1155 3008 novam
1182 2958 1291 3008 terram
1313 2970 1356 3008 ex·

171 3038 382 3093 Mechitariatae
410 3037 523 3093 saeculo
547 3039 600 3095 XII
623 3041 747 3110 adscrip-
776 3045 940 3111 spectarunt
963 3041 1138 3095 insecundo
1165 3040 1292 3095 Messiae
1311 3039 1356 3093 ad·

172 3130 276 3189 serunt,
296 3125 387 3179 denuo
397 3123 510 3193 Harvey
519 3126 550 3180 in
559 3127 625 3182 edit.
637 3127 662 3180 S.
676 3129 748 3181 Iren.
775 3132 861 3182 ventu
873 3128 921 3182 isti
930 3128 1135 3182 restituendam
1148 3128 1293 3190 felicitati,
1302 3143 1357 3194 qua

170 3212 233 3268 libr.
252 3212 278 3266 V
297 3214 358 3268 adv.
377 3213 452 3266 haer.
471 3213 563 3283 (1857)
582 3215 615 3278 II,
635 3213 687 3268 448
706 3231 746 3280 sq.
777 3219 843 3269 ante
862 3217 972 3283 lapsum
990 3215 1093 3269 Adami
1112 3212 1242 3269 florebat.
1263 3215 1356 3282 Atque

171 3300 276 3369 Incipit
294 3300 484 3370 fragmentum
503 3298 548 3354 his
567 3300 673 3355 verbis:
693 3301 747 3355 lre-
775 3301 849 3356 hauc
862 3302 1031 3357 felicitatem
1049 3301 1165 3371 plurimi
1179 3318 1238 3356 non
1258 3302 1290 3356 in
1302 3302 1357 3372 spi·

171 3387 236 3440 naci
254 3392 297 3441 est
316 3403 414 3442 sermo.
451 3387 559 3442 'lentus
573 3389 748 3441 armeniacus
776 3387 927 3442 ritualibus
947 3388 1038 3442 solum
1055 3387 1151 3452 bonis,
1170 3389 1221 3442 sed
1240 3390 1272 3442 et
1288 3394 1356 3444 tem·

173 3490 235 3527 cum
253 3475 380 3528 versione
398 3474 507 3528 henaci
524 3473 616 3528 latina
634 3475 693 3528 fere
712 3475 747 3528 ad
761 3475 922 3545 :penalibus
941 3476 1111 3542 posuerunt,
1131 3476 1271 3543 persuasi,
1292 3478 1357 3530 tunc

172 3561 288 3614 verbum
302 3562 451 3616 consentit.
489 3562 635 3616 lectiones
652 3562 749 3617 variae
761 3590 763 3649 ἱ
777 3562 867 3617 solum
879 3563 971 3615 terrae
990 3578 1007 3613 a
1024 3558 1225 3614 maledictione
1244 3562 1283 3616 ob
1296 3578 1358 3632 pec·

172 3665 279 3718 paucae
292 3665 348 3702 non
361 3649 561 3703 exscribendae
580 3664 640 3702 esse
652 3647 748 3701 viden·
760 3654 763 3685 ¹
776 3653 871 3703 catum
884 3646 987 3701 Adami
1000 3646 1026 3700 ei
1040 3644 1150 3700 inflicta
1160 3645 1286 3702 liberum
1298 3649 1359 3703 fore

172 3738 224 3789 tur.
760 3762 763 3797 ι
777 3753 810 3789 ae
823 3733 1028 3789 abundantiam
1042 3733 1133 3787 omnis
1146 3733 1215 3788 boni
1233 3735 1297 3789 sine
1310 3736 1359 3789 hu·

207 3823 231 3875 2.
249 3821 364 3876 venient
392 3822 452 3877 dies
480 3825 545 3895 etc]
577 3824 651 3878 Mira
681 3839 748 3876 sanc
775 3838 858 3876 mano
883 3820 980 3875 labore
1006 3821 1192 3889 prolatmum.
1230 3822 1313 3886 Quae
1331 3825 1359 3877 et

172 3914 250 3973 sunt,
278 3924 350 3976 quae
371 3908 474 3979 Papias
499 3910 605 3978 aliique
624 3910 747 3964 seniores
775 3909 931 3978 priscorum
941 3907 1110 3961 ludaeorum
1129 3906 1185 3962 fuit
1205 3909 1358 3969 sententia

173 3996 282 4062 dixere,
307 4013 336 4049 se
356 4014 373 4049 a
390 3998 494 4051 Ioanne
520 3998 650 4067 apostolo
671 4013 748 4051 accc·
775 3998 806 4049 ut
826 3993 1059 4048 exRabbinorum
1068 3993 1151 4048 dictis
1166 3993 1360 4063 aRaymundo

172 4084 247 4153 pisse
265 4084 416 4138 servatoris
440 4083 531 4138 nostri
549 4084 636 4139 effata
654 4084 689 4138 de
707 4084 747 4138 in·
776 4082 892 4134 Martini
903 4080 1066 4151 inPugione
1077 4080 1359 4138 fideiPart.IIIDist.

171 4169 277 4225 usitato
301 4170 437 4226 frumenti
464 4171 579 4238 vinique
607 4175 747 4241 proventu
775 4169 815 4221 lll
833 4184 854 4221 c.
877 4170 908 4223 15
932 4171 960 4221 et
979 4167 1112 4222 Galatino
1132 4166 1192 4221 Lib.
1213 4168 1239 4223 Χ
1260 4172 1361 4241 capi

173 4255 239 4309 olim
257 4255 368 4322 futuro,
398 4274 460 4310 cum
487 4258 598 4312 scilieet
625 4258 686 4327 ipse
705 4274 746 4311 se·
776 4255 917 4309 adiunctis
936 4254 1036 4322 liquet.
1073 4254 1181 4321 Quibus
1204 4257 1281 4311 addo
1300 4275 1360 4314 rer-
