2834 5018
128 262 266 329 mur
574 258 856 316 ascensoriam.

130 439 202 503 iude
232 461 251 502 a
279 436 509 521 Martyrologio
541 437 790 520 Hieronymiano
822 461 894 504 eum
924 443 1096 522 martyrem
1128 437 1300 523 appellant.

130 539 301 626 Gregorius
332 541 522 606 Turonensis
553 539 650 623 (Hist.
675 540 786 606 Franc.
811 543 835 619 Ι,
860 542 915 625 25)
944 565 1017 608 eum
1039 542 1176 608 Traiano
1199 544 1300 626 impe-

128 650 219 710 rante
241 667 371 730 passum
393 667 461 710 esse
483 645 593 709 refert.
640 644 703 709 Sed
726 647 881 712 Eusebius
909 653 942 712 et
964 647 1175 730 Hieronymus
1198 648 1233 712 ll.
1258 671 1300 713 cc.

129 756 263 816 mortem
285 757 532 816 commemorant
557 750 680 815 nullam
702 751 847 834 martyrii
868 751 1060 816 mentionem
1083 751 1245 827 facientes,
1271 757 1302 816 et

131 856 278 920 Irenaeus
300 855 322 919 l.
346 877 372 920 c.
396 857 479 919 inter
500 855 664 939 episcopos
687 855 848 919 Romanos
877 855 995 919 ahino
1018 878 1119 939 usque
1142 858 1183 921 ad
1204 856 1301 920 Ellen-

128 962 254 1025 therum
277 960 506 1044 Telesphorum
528 961 632 1025 solum
655 965 824 1043 martyrem
846 964 959 1044 putare
982 961 1113 1025 videtur.
1160 960 1303 1024 Traditio

130 1067 168 1130 de
192 1066 258 1129 eius
281 1066 435 1149 martyrio
466 1066 539 1129 inde
569 1065 723 1149 originem
751 1064 878 1129 trahere
907 1066 1023 1149 potuit,
1054 1066 1140 1149 quod
1161 1070 1303 1148 tempore

130 1175 273 1235 currente
303 1193 374 1235 cum
407 1170 480 1234 Tito
512 1169 623 1234 Flavio
655 1168 815 1234 Clemente
845 1168 929 1232 idem
957 1169 1143 1234 habebatur.
1191 1169 1303 1253 Neque

129 1280 236 1339 tamen
266 1274 392 1337 silentio
423 1274 686 1357 praetereundum
719 1276 776 1350 est,
809 1273 905 1337 etiam
935 1273 1115 1357 nuperrime
1143 1274 1303 1338 nonnullis

130 1379 205 1442 viris
228 1378 328 1442 doctis
349 1382 473 1461 patrem
496 1377 682 1462 martyrium
703 1377 837 1442 subiisse
859 1379 961 1443 visum
982 1380 1083 1442 esse¹.

694 1551 735 1615 ΙΙ.

218 1690 266 1754 De
288 1693 491 1774 tempore,
516 1711 578 1773 quo
602 1689 739 1773 epistula
761 1689 905 1754 confecta
926 1696 983 1767 est,
1007 1691 1143 1755 multum
1159 1691 1304 1775 disputa·

132 1798 236 1862 batur.
283 1794 400 1861 Omnes
433 1796 558 1879 quidem
587 1795 786 1860 consentiunt
818 1798 850 1858 et
878 1816 917 1858 ex
946 1794 1083 1877 epistula
1111 1796 1181 1878 ipsa
1204 1799 1303 1879 patet,

131 1923 200 1965 eam
231 1905 374 1983 tempore
396 1899 622 1982 persecutionis
653 1899 704 1963 vel
733 1898 821 1963 brevi
849 1905 922 1982 post
944 1900 1096 1983 scriptam
1118 1920 1196 1964 esse.
1244 1899 1305 1964 Sed

131 2007 300 2089 quaeritur,
335 2025 414 2088 quae
444 2005 486 2068 sit
515 2003 573 2067 illa
600 2003 787 2087 persecutio
833 2001 867 2067 Si
890 2025 1008 2086 paucos
1038 2003 1111 2067 illos
1135 2004 1303 2088 exceperis,

130 2110 186 2194 qui
206 2109 384 2192 nuperrime
415 2108 607 2192 argumentis
637 2108 784 2171 invalidis
813 2107 982 2190 epistulam
1005 2107 1134 2171 Traiani
1162 2108 1214 2172 vel
1236 2108 1304 2172 Ha-

130 2214 231 2278 driani
253 2213 447 2296 temporibus
470 2212 680 2290 vindicavere,
714 2214 793 2276 duae
824 2212 997 2276 sententiae
1028 2211 1191 2295 expositae
1221 2214 1304 2276 sunt.

130 2317 226 2402 Hugo
250 2317 377 2383 Grotius
388 2314 411 2392 ²,
436 2315 540 2380 David
562 2315 729 2394 Blondel³‚
753 2316 778 2379 Ι.
802 2315 840 2379 E.
865 2315 968 2381 Grabe
981 2317 1004 2394 ⁴,
1028 2315 1070 2380 Η.
1096 2317 1242 2395 Wotton
1268 2318 1305 2384 G.

131 2421 170 2486 A.
195 2420 269 2486 Orsi
280 2419 303 2495 ⁶,
327 2421 366 2484 A.
392 2419 547 2495 (labandi,
572 2419 616 2483 M.
640 2419 664 2483 I.
682 2419 855 2494 Wocher⁶‚
880 2419 919 2484 D.
945 2419 1102 2485 Schenkel
1114 2420 1137 2499 ⁷,
1163 2421 1305 2488 (1011-

130 2523 245 2600 horn⁸‚
269 2522 303 2588 0.
326 2523 350 2587 Ι.
368 2524 490 2601 Helela,
515 2521 755 2600 0.Wiese1er⁹‚
779 2523 802 2587 Ι.
827 2523 1004 2602 Nirschl¹⁰‚
1029 2529 1061 2589 et
1082 2526 1229 2590 nonnulli
1253 2526 1307 2590 alii

132 2628 299 2711 epistulam
330 2629 419 2693 brevi
446 2632 520 2711 post
548 2627 683 2692 Neronis
710 2627 960 2710 persecutionem
993 2651 1018 2692 c.
1044 2652 1071 2692 a.
1096 2630 1138 2694 68
1161 2635 1307 2695 exortam

131 2754 199 2797 esse
221 2735 408 2809 statuerunt,
432 2753 470 2795 ex
494 2732 562 2806 al
587 2735 619 2794 et
633 2752 659 2794 c.
677 2732 805 2795 40-41
829 2730 1025 2816 colligentes,
1050 2733 1307 2818 Hierosolymam

130 2841 198 2901 tum
230 2837 381 2921 temporis
412 2837 551 2899 nondum
582 2836 717 2899 deletam
749 2835 846 2899 fuisse
877 2839 909 2899 ot
940 2835 1061 2900 cultum
1090 2838 1252 2904 iudaicam
1274 2840 1307 2904 in

130 2940 249 3025 templo
282 2939 569 3022 Hierosolymitano
603 2938 706 3002 adhuc
736 2937 884 3022 viguisse.
931 2936 993 3002 Sed
1021 2946 1213 3024 argumenta
1244 2965 1307 3007 non

206 3163 218 3214 1
240 3162 265 3235 J:
284 3163 315 3216 Β.
336 3161 370 3216 de
387 3162 486 3225 Bassi,
512 3163 647 3216 Bulleta'uo
665 3163 695 3215 di
712 3162 880 3232 crebeoloqr'a
903 3164 1181 3231 methbaa18641703
1211 3165 1240 3219 Ρ.
1260 3165 1307 3220 a}-

131 3248 200 3311 lard,
219 3248 292 3302 Hiat.
311 3248 356 3303 dee
372 3250 552 3317 perseeutione
574 3249 694 3317 pmdout
711 3250 750 3303 les
767 3248 837 3302 deux
858 3251 986 3316 premam
1009 3252 1099 3306 cicala
1120 3253 1187 3307 1885
1208 3271 1236 3322 p.
1258 3252 1306 3308 169

130 3333 224 3388 -176,
261 3335 302 3387 Cf.
322 3335 486 3396 Duchesne,
514 3333 596 3387 Liber
623 3333 795 3402 pontificalis
813 3334 825 3385 I
844 3334 935 3404 (1886)
953 3353 981 3404 p.
1001 3334 1069 3390 XCI.

200 3421 217 3472 2
235 3418 325 3488 Epist.
345 3421 381 3474 ad
400 3420 496 3476 Gallos
517 3422 567 3476 154
585 3422 661 3490 apud
679 3423 850 3476 Cotelerium
867 3422 884 3475 l.
905 3439 928 3475 c.
948 3423 968 3485 Ι,
990 3424 1039 3479 133
1058 3442 1099 3492 sq.

202 3508 218 3561 3
237 3508 345 3561 Ibidem
363 3527 390 3577 p.
412 3510 469 3563 135,

199 3595 217 3645 4
235 3592 419 3665 spicilegium
438 3594 483 3648 88.
503 3594 618 3648 Petrum
637 3592 679 3647 ed
699 3593 725 3645 Π
746 3594 811 3647 1700
830 3593 849 3656 l,
867 3593 920 3647 254
937 3611 999 3661 sqq.

200 3680 531 3736 Hammoniacum
551 3681 617 3734 1747
637 3679 725 3742 Lacr
747 3696 788 3746 sq.

200 3767 217 3818 6
236 3766 290 3821 Die
307 3768 401 3836 Bnase
417 3769 464 3821 der
480 3774 564 3836 apost.
584 3767 664 3821 ther
677 3766 795 3821 Clericus
811 3768 869 3820 aud
881 3768 1051 3838 polycarpus
1069 3771 1136 3825 1830
1155 3789 1182 3840 p.
1199 3773 1232 3826 10
1245 3790 1307 3840 sqq.

201 3853 216 3904 7
235 3852 277 3906 De
296 3853 415 3908 ecclesia
434 3853 558 3908 Corinth.
578 3853 724 3922 primaeva
744 3854 811 3908 1838
829 3870 857 3921 p.
877 3853 926 3906 105
944 3870 1006 3920 sqq.

200 3938 217 3992 8
237 3940 393 4008 Zeitscbnft
406 3941 460 4008 fair
476 3942 568 3995 beator.
586 3939 724 4006 Tlreoloqie
738 3939 802 3993 1851
822 3957 849 4007 p.
865 3939 925 3991 322.
944 3938 1034 3993 Aliter
1052 3941 1119 3996 ibid.
1136 3944 1204 3998 1866
1222 3963 1250 4014 p.
1265 3944 1308 3998 33.

200 4025 218 4078 0
240 4024 475 4095 Ualarsucbauqeu
500 4027 565 4080 iiber
591 4025 642 4078 deu
667 4025 862 4093 Hebrderbries
878 4026 943 4080 1861
971 4043 998 4094 p.
1019 4026 1035 4079 3
1055 4045 1110 4095 sq.;
1138 4030 1310 4086 Jobrbitcber

126 4111 178 4178 far
196 4110 318 4165 mucra
338 4112 478 4182 Tlreolopa'e
497 4111 563 4167 1877
582 4129 609 4179 p.
629 4110 775 4164 383-406.

184 4195 217 4251 10
234 4197 388 4268 Potroloys'e
405 4199 417 4251 Ι
436 4199 536 4268 (1881),
556 4198 590 4252 68
602 4198 667 4249 -70,
