2834 5018
527 649 680 706 ausula
700 650 851 706 aaaron.
1112 657 1275 724 CXXXIX

104 828 144 892 Et
164 828 314 913 quadrati
344 827 466 911 lapides
498 828 665 893 confestim
694 829 727 892 in
749 829 877 895 illorum
908 830 979 895 loco
1007 831 1155 896 collocati
1183 836 1274 908 sunt;

104 932 224 997 rotundi
240 937 349 996 autem
371 932 461 996 iuxta
475 933 589 997 tmrim
610 934 707 1017 positi
722 939 805 1011 suut,
829 940 865 999 ut
886 941 996 1019 postea
1016 937 1274 1001 circumcideren-

102 1041 150 1101 tur
172 1038 268 1102 etad
298 1037 548 1101 aedificationem
582 1037 807 1103 adhiberentur
829 1038 867 1122 (c.
894 1037 937 1121 6).
985 1038 1072 1117 Quae
1095 1063 1167 1104 cum
1188 1040 1275 1106 facta

103 1148 211 1219 essent,
236 1142 383 1206 dominus
405 1141 501 1205 turris
524 1141 645 1225 lapides
668 1143 757 1206 iuxta
778 1144 892 1209 turrim
906 1145 1043 1210 iacentes
1065 1145 1186 1229 pastori
1206 1149 1274 1209 tra-

101 1247 187 1321 didit,
211 1252 249 1310 ut
272 1267 326 1310 eos
348 1246 529 1330 purificaret
551 1250 746 1330 poneretque
767 1247 801 1310 in
824 1252 998 1327 stnrctnra,
1032 1249 1181 1333 quicum
1204 1249 1274 1314 aliis

101 1351 266 1416 convenire
289 1354 428 1434 possent,
453 1355 574 1415 ceteros
596 1351 692 1435 longe
714 1353 879 1436 proiceret,
904 1359 936 1418 et
959 1354 1046 1419 abiit.
1069 1354 1184 1419 Pastor
1205 1355 1274 1438 ipse

100 1456 238 1521 recessit.
283 1455 364 1520 Post
386 1456 464 1520 duos
487 1461 593 1520 autem
622 1457 687 1521 dies
709 1479 851 1522 reversus
873 1464 922 1523 est
942 1458 1065 1542 lapides
1094 1459 1274 1524 considera·

100 1564 189 1625 turus
213 1559 253 1643 (c.
272 1559 314 1643 7).
360 1559 441 1625 Octo
470 1581 588 1644 genera
617 1560 737 1624 invenit
760 1559 798 1643 (c.
816 1563 836 1626 8
853 1597 891 1607 -—
910 1583 935 1626 o.
953 1562 983 1638 9,
1000 1558 1033 1645 4)
1063 1565 1095 1626 et
1116 1583 1188 1638 eos,
1222 1561 1276 1646 qui

100 1665 322 1730 destructura
351 1665 459 1729 reiecti
489 1668 579 1741 sunt,
613 1665 743 1729 tradidit
778 1664 962 1730 mulieribus
994 1666 1158 1731 duodecim
1189 1670 1275 1730 veste

100 1770 192 1855 nigra
213 1769 336 1833 vestitis
361 1773 393 1832 et
423 1768 556 1852 capillos
578 1768 766 1832 habentibus
796 1768 935 1846 solutos,
964 1773 1001 1832 ut
1023 1790 1076 1833 eos
1089 1769 1144 1857 ¹ibi
1166 1791 1274 1852 repor-

100 1878 213 1949 tarent,
238 1874 321 1938 unde
344 1872 435 1938 allati
457 1876 555 1937 erant.
604 1872 712 1936 Turris
736 1876 841 1936 autem
856 1871 1021 1955 splendida
1043 1878 1111 1937 erat
1132 1877 1164 1937 et
1185 1873 1276 1957 quasi

100 1979 277 2053 monolitha
300 1976 337 2061 (c.
355 1978 385 2055 9,
403 1976 511 2060 5-7).
558 1976 638 2042 Cum
661 1977 781 2041 formae
795 1977 947 2061 lapidum,
972 1978 1027 2059 qui
1049 1976 1168 2042 sublati
1191 1976 1275 2041 etin

99 2087 261 2147 structura
281 2083 413 2167 repositi
428 2085 527 2160 erant,
552 2081 695 2165 expletae
718 2085 749 2144 et
772 2081 878 2145 omnia
892 2080 975 2144 circa
996 2082 1109 2145 turrim
1122 2081 1275 2145 mundata

100 2187 245 2264 dissent,
270 2186 349 2251 abiit
363 2191 483 2271 pastor,
506 2186 657 2250 Hermam
673 2208 745 2250 cum
758 2186 935 2271 virginibus
956 2186 1136 2269 relinquens
1152 2184 1190 2268 (o.
1210 2183 1273 2267 11).

101 2291 257 2356 Reversus
280 2291 523 2375 explicationem
545 2290 761 2354 similitudinis
784 2290 886 2366 dedit,
910 2290 1047 2373 primum
1069 2290 1107 2353 de
1129 2293 1220 2373 petra
1243 2292 1275 2353 et

100 2401 194 2479 porta
217 2399 249 2460 et
272 2396 309 2459 de
331 2396 399 2460 viro
430 2395 553 2459 excelso
577 2398 609 2458 et
637 2394 768 2478 reliquis
797 2395 872 2458 viris
895 2392 934 2477 (c.
960 2395 1028 2474 12),
1051 2394 1110 2458 bos
1134 2393 1273 2478 angelos,

100 2499 188 2574 illos,
221 2499 341 2564 scilicet
372 2504 495 2583 petram
517 2504 549 2563 et
578 2503 703 2582 portam
727 2503 758 2562 et
780 2499 881 2563 virum
910 2499 1068 2563 excelsum
1089 2497 1192 2562 filium
1213 2496 1275 2561 Dei

102 2603 279 2688 designans,
303 2608 373 2667 tum
396 2603 434 2667 de
456 2604 538 2667 turri
561 2608 592 2667 et
615 2604 653 2667 de
668 2602 844 2688 virginibus
868 2607 899 2668 et
913 2603 1098 2668 mulieribus
1121 2601 1160 2685 (c.
1179 2602 1274 2666 13-

102 2730 126 2772 c.
146 2707 196 2784 15,
213 2708 257 2788 3),
289 2707 399 2771 deinde
422 2708 459 2771 de
490 2707 649 2792 lapidibus
673 2709 710 2773 de
741 2708 899 2792 profundo
931 2707 1038 2771 allatis
1060 2705 1101 2789 (c.
1128 2706 1177 2784 15,
1195 2707 1215 2771 4
1232 2742 1274 2751 -

102 2834 127 2876 c.
146 2811 210 2895 16),
234 2833 330 2895 porro
353 2812 391 2876 de
413 2813 574 2877 montibus
598 2821 636 2895 (c.
657 2815 696 2876 17
714 2815 796 2876 -'c.
814 2813 865 2889 29,
882 2813 916 2890 3)
940 2815 972 2875 et
994 2811 1032 2874 de
1054 2810 1212 2894 lapidibus
1237 2811 1273 2875 de

102 2938 212 3000 campo
236 2915 343 2980 allatis
366 2915 405 2997 (c.
423 2915 475 2993 29,
492 2917 512 2979 4
530 2952 569 2959 -
586 2936 611 2979 c.
629 2916 681 2992 31,
698 2913 748 2997 3),
781 2919 813 2978 et
834 2918 1002 2998 postquam
1033 2913 1142 2978 fideles
1165 2935 1273 2978 omnes

103 3020 288 3084 adhortatus
310 3023 367 3096 est,
391 3023 427 3082 ut
448 3019 676 3102 paenitentiam
699 3022 838 3102 agerent,
862 3019 936 3082 dum
950 3019 1045 3083 turris
1068 3018 1170 3082 adhuc
1187 3019 1273 3083 aedi-

101 3124 248 3189 ficaretur
272 3121 310 3206 (c.
328 3125 379 3201 31,
396 3126 474 3188 4-
491 3145 517 3188 o.
534 3122 600 3206 32),
626 3123 757 3204 denique
780 3123 937 3206 exposuit,
962 3122 1037 3206 quid
1059 3122 1275 3206 significarent
1303 3136 1307 3141 '

102 3228 219 3293 formae
248 3228 391 3312 lapidum
414 3228 454 3312 (c.
481 3227 546 3311 33).
578 3264 621 3272 -
650 3227 825 3311 Postquam
853 3231 960 3291 autem
992 3227 1127 3291 Hermas
1158 3226 1275 3291 librum

103 3332 243 3416 scripsit,
274 3332 361 3397 venit
390 3332 522 3417 angelus
544 3332 628 3415 ipse,
660 3332 714 3415 qui
737 3354 809 3396 eum
840 3333 962 3416 pastori
995 3331 1177 3409 tradiderat,
1201 3332 1222 3394 i.
1247 3353 1272 3395 e.
1322 3416 1325 3420 .

103 3435 185 3500 filius
207 3434 278 3513 Dei,
302 3437 412 3520 paucis
434 3438 463 3501 ei
486 3437 601 3513 dicens,
627 3458 708 3520 quae
731 3441 814 3501 esset
838 3437 891 3502 via
912 3437 1034 3514 salutis,
1059 3457 1191 3517 eumque
1213 3456 1272 3518 pa·

103 3541 180 3605 stori
201 3542 317 3606 iterum
338 3543 464 3606 tradens
486 3545 518 3606 et
539 3542 716 3626 virginibus
739 3541 960 3606 commendans
984 3537 1073 3622 (sim.
1096 3538 1147 3621 X).

667 3714 706 3778 V.

187 3852 225 3917 ln
258 3854 360 3938 capite
392 3854 598 3938 praecedente
631 3853 802 3917 identidem
836 3852 967 3937 angelus
1001 3850 1190 3915 venerabilis
1223 3850 1274 3915 vel

102 3958 258 4043 gloriosus
281 3958 424 4037 occurrit,
450 3957 526 4022 Sim.
543 3956 632 4035 VIII,
648 3958 678 4035 3,
695 3959 715 4021 3
735 3956 873 4021 Michael
894 3956 1083 4034 nominatur,
1109 3977 1180 4019 cum
1202 3955 1273 4019 aliis

101 4063 179 4127 locis
195 4061 340 4126 Christus
363 4083 431 4126 esse
454 4063 606 4139 videatur,
631 4065 663 4125 et
679 4060 848 4145 quaeritur,
874 4082 953 4144 quae
969 4059 1104 4123 Hermas
1127 4059 1165 4123 de
1181 4058 1272 4123 chri·

100 4172 149 4231 sto
172 4167 239 4242 rel,
271 4171 308 4230 ut
329 4166 397 4249 ipse
427 4166 502 4230 dicit
525 4164 650 4249 (nomen
674 4165 792 4230 Christi
822 4165 905 4229 enim
935 4186 1092 4248 nusquam
1121 4162 1271 4246 exhibet),

101 4272 138 4336 de
160 4270 227 4334 filio
249 4269 311 4334 Dei
342 4270 492 4347 senserit,
523 4291 617 4353 quem
640 4269 715 4334 Sim.
731 4267 787 4345 IX,
807 4270 870 4346 1,l
902 4268 1035 4333 eundem
1066 4254 1138 4332 bum
1161 4268 1273 4352 spiritu

99 4379 211 4439 sancto
234 4374 381 4439 declarat.
426 4373 616 4458 Priusquam
639 4379 745 4438 autem
768 4373 835 4436 eius
851 4370 1066 4456 Christologia
1088 4372 1272 4456 exquiritur,

99 4501 266 4564 exponam,
290 4480 365 4564 quid
388 4480 426 4543 de
450 4499 487 4541 ea
509 4478 567 4558 uiri
583 4477 668 4541 docti
690 4476 877 4541 recentiores
892 4475 1108 4555 iudicaverint,
1132 4496 1272 4553 monens,

100 4605 164 4663 eos,
189 4584 244 4667 qui
259 4588 331 4649 ante
355 4605 472 4649 annum
489 4583 582 4661 1856,
607 4603 668 4666 quo
691 4585 796 4645 textus
819 4600 950 4665 graecus
972 4580 1005 4644 in
1020 4579 1123 4645 lucem
1144 4579 1272 4664 prodiit,
