2834 5018
518 632 672 689 naenia
691 634 840 690 cisson.
1087 639 1265 707 cxxxvi]

97 811 196 896 potins
217 813 337 890 Deum,
371 813 425 897 qui
448 813 569 878 saliare
591 814 693 898 possit
716 819 748 878 et
769 814 898 897 perdere
922 812 1019 896 (ΧΠ).
1042 851 1085 860 -
1109 815 1263 881 Similitu-

98 917 177 981 dines
204 918 311 1001 prima
334 923 366 981 et
400 919 536 982 secunda
558 924 659 1003 agimt
689 919 726 983 de
749 919 947 1003 eleemosyna
976 919 1028 984 vel
1048 921 1263 986 beneficentia

96 1020 128 1084 ln
147 1021 205 1086 illa
228 1021 319 1105 (Sim.
336 1020 364 1103 Ι)
388 1023 584 1088 demonstrat
606 1027 729 1100 auctor,
761 1045 832 1088 cum
852 1024 905 1089 hic
926 1025 1060 1088 mundus
1083 1026 1180 1089 servis
1203 1025 1265 1090 Dei

93 1147 152 1190 non
183 1127 226 1191 sit
249 1126 372 1211 patria,
403 1149 496 1211 agros
519 1132 552 1191 et
581 1127 691 1192 domus
714 1131 746 1192 et
775 1129 853 1193 alias
883 1150 935 1192 res
964 1128 1081 1193 similes
1112 1151 1175 1193 nou
1197 1152 1264 1195 esse

93 1231 330 1315 comparandas,
356 1231 411 1295 sed
433 1231 539 1314 potius
562 1232 758 1295 redimendas
781 1253 849 1296 esse
865 1233 985 1296 animas
1007 1233 1045 1296 de
1067 1233 1263 1297 necessitati-

93 1336 157 1398 bus.
204 1334 381 1418 Propterea
412 1334 515 1398 Deum
544 1335 635 1399 nobis
667 1334 791 1399 divitias
821 1336 959 1413 dedisse,
991 1341 1029 1400 ut
1049 1336 1265 1421 indigentibus

91 1459 320 1502 succurramus.
366 1438 403 1502 In
425 1439 486 1503 hac
510 1437 566 1520 (ll)
591 1438 735 1522 exponit,
765 1438 894 1502 divitem
917 1439 1051 1504 similem
1079 1462 1146 1505 esse
1169 1440 1263 1506 ulmo.

92 1541 193 1618 Quam
224 1543 352 1626 quidem
384 1564 513 1607 exesse
544 1543 668 1607 nullum
696 1543 779 1606 ferre
802 1543 958 1622 fructum,
991 1545 1137 1609 adiuvare
1159 1551 1266 1610 autem

92 1648 205 1723 vitem,
239 1647 286 1711 ita
318 1651 355 1710 ut
387 1647 466 1711 haec
496 1647 651 1729 producat
681 1646 820 1711 fructum
853 1648 1115 1714 abundantiorem
1142 1648 1265 1732 (1-4).

92 1749 246 1817 Similiter
268 1751 399 1817 divitem
422 1772 489 1815 esse
512 1772 685 1835 pauperem
708 1756 781 1815 ante
804 1751 923 1828 Deum;
953 1754 980 1817 si
1003 1760 1110 1821 autem
1138 1778 1265 1820 succur-

91 1860 140 1920 rat
162 1857 306 1941 pauperi,
330 1855 423 1932 hunc,
448 1856 536 1919 cuius
552 1856 653 1919 oratio
676 1861 808 1939 accepta
822 1857 864 1920 sit
887 1858 971 1941 apud
985 1856 1168 1936 Dominum,
1191 1881 1265 1944 pre·

91 1982 140 2026 ces
155 1961 271 2048 offerre
285 1981 344 2044 pro
360 1982 397 2024 eo
413 1965 445 2024 et
459 1965 628 2043 utrumque
641 1966 816 2025 consortem
831 1962 899 2025 fieri
914 1962 1017 2044 operis
1032 1963 1108 2028 iusti
1120 1963 1264 2046 (5-10).

90 2101 133 2110 —
155 2065 233 2130 Sim.
259 2064 306 2129 Ill
330 2065 407 2129 dicit
427 2068 537 2148 pastor
558 2064 711 2140 Hermae,
735 2064 817 2127 sicut
839 2067 979 2147 tempore
1001 2066 1114 2132 hiemis
1138 2069 1265 2133 arbores

92 2170 197 2234 aridae
220 2175 254 2234 et
274 2169 364 2233 vivae
386 2169 588 2253 nonpossint
609 2169 692 2233 inter
714 2190 748 2232 se
763 2169 924 2253 distingui,
947 2171 993 2235 ita
1013 2171 1048 2236 in
1066 2172 1127 2237 hoc
1148 2173 1266 2237 mundo

90 2275 190 2339 iustos
214 2296 278 2338 non
300 2295 393 2357 posse
417 2274 550 2338 discerni
572 2296 592 2337 a
612 2274 848 2358 peccatoribus,
880 2295 988 2338 omnes
1010 2275 1117 2358 potius
1148 2276 1266 2340 similes

91 2400 167 2442 csse.
193 2414 235 2423 —
259 2376 335 2442 Sim.
352 2377 399 2441 IV
422 2379 575 2454 ostendit,
606 2379 766 2444 saeculum
788 2379 931 2444 futurum
958 2380 1049 2445 iustis
1072 2401 1139 2444 esse
1161 2386 1265 2446 aesta·

91 2487 164 2559 tem,
187 2483 314 2547 iniustis
337 2483 491 2559 hiemem;
524 2483 650 2547 forent
678 2505 775 2567 opera
801 2483 929 2548 illorum
959 2483 1208 2562 manifestentur,
1231 2486 1267 2549 hi

92 2593 198 2650 autem
219 2591 383 2670 tamquam
399 2586 489 2671 ligna
511 2587 598 2652 arida
614 2588 847 2651 comburantur.
871 2623 912 2632 -
938 2587 1012 2652 Sim.
1036 2588 1067 2653 V
1088 2591 1264 2672 exponitur,

93 2690 166 2774 quid
189 2691 232 2754 sit
261 2711 370 2755 verum
400 2690 551 2755 ieiunium
576 2690 614 2773 (c.
642 2689 688 2773 1),
719 2695 751 2755 et
774 2691 899 2756 additur
921 2693 1075 2776 parabola
1097 2694 1135 2758 de
1157 2699 1265 2778 patre·

91 2795 240 2871 familias,
267 2795 322 2879 qui
344 2816 470 2859 servum
485 2796 764 2878 comprobantibus
785 2795 853 2858 filio
876 2817 933 2859 suo
956 2801 989 2860 et
1012 2798 1120 2863 amicis
1136 2798 1264 2863 cohere-

92 2901 162 2965 dem
184 2922 257 2965 cum
278 2901 346 2965 filio
367 2901 512 2978 reddidit,
537 2901 698 2984 quianon
720 2901 822 2964 solum
844 2901 983 2977 vineam,
1015 2903 1165 2985 quam-in
1188 2924 1266 2987 agro

93 3025 148 3070 suo
169 3008 330 3089 posuerat,
355 3005 525 3068 secundum
547 3005 729 3068 mandatum
752 3004 836 3088 palis
858 3005 1028 3089 obsaepsit,
1052 3006 1106 3070 sed
1129 3007 1224 3070 etiam
1247 3030 1266 3071 a

92 3110 217 3174 zizaniis
239 3110 390 3193 purgavit
418 3114 450 3173 et
473 3109 630 3173 conservis
661 3109 700 3172 de
723 3108 800 3172 cibis
824 3109 1079 3187 communicavit,
1111 3131 1189 3192 quos
1212 3132 1265 3175 ac·

93 3217 220 3298 ceperat
243 3236 263 3277 a
284 3214 409 3277 domino
433 3213 471 3295 (c.
499 3213 542 3293 2).
589 3211 669 3276 Cum
690 3212 826 3277 Hermas
847 3218 1007 3295 pastorem
1029 3219 1133 3299 roget,
1163 3220 1199 3279 ut
1221 3217 1265 3280 si·

93 3318 300 3383 militudinem
326 3317 470 3401 explicet,
493 3317 631 3399 primum
654 3317 830 3381 accuratius
846 3318 992 3394 ostendit,
1017 3320 1174 3402 quomodo
1194 3342 1266 3385 eum

93 3422 232 3487 ieiunare
253 3425 399 3505 oporteat
422 3419 461 3502 (c.
487 3420 537 3504 3),
563 3425 595 3485 et
616 3426 786 3505 postquam
808 3443 880 3484 eum
903 3423 1074 3501 admonuit,
1097 3429 1134 3488 ut
1156 3448 1175 3488 a
1197 3426 1264 3491 Do-

93 3526 177 3590 mino
199 3529 323 3610 peteret
337 3526 526 3609 sapientiam
549 3525 587 3607 (c.
604 3522 648 3606 4),
673 3525 810 3608 explicat
829 3526 1014 3608 parabolam
1037 3526 1075 3610 (c.
1093 3529 1123 3593 ὅ.
1141 3528 1183 3611 6),
1209 3530 1265 3593 ad·

93 3628 224 3694 hortans
239 3650 320 3706 eum,
343 3633 380 3693 ut
397 3651 525 3694 carnem
540 3652 654 3712 puram
669 3633 771 3695 servet
787 3628 825 3710 (c.
846 3627 888 3712 7).
906 3667 947 3676 -
964 3629 1087 3697 Deinde
1104 3633 1191 3716 (Sim.
1207 3633 1265 3716 VI)

92 3734 123 3798 iii
155 3755 234 3819 agro
256 3734 394 3798 Hermae
427 3735 566 3799 ostendit
593 3740 753 3818 pastorem
782 3735 926 3799 iuvenem
954 3735 1122 3801 habentem
1149 3737 1266 3802 multas

93 3859 165 3902 ores
187 3837 383 3902 luxuriantes
406 3841 438 3902 et
461 3839 587 3916 hilares,
612 3862 745 3924 quarum
761 3840 841 3903 aliae
863 3839 925 3903 huc
946 3839 1024 3904 illuc
1039 3841 1265 3919 discurrebant,

92 3942 173 4006 aliae
201 3963 264 4005 non
297 3941 499 4007 exsultabant
531 3942 568 4025 (c.
594 3941 643 4024 1),
676 3948 708 4007 et
738 3944 836 4007 alium
866 3948 1026 4025 pastorem
1054 3965 1205 4029 magnum
1235 3950 1267 4009 et

92 4050 258 4131 agrestem,
284 4045 337 4128 qui
361 4045 479 4110 abillo
502 4068 575 4111 ores
597 4070 661 4113 non
684 4048 877 4112 exsultantes
900 4049 1075 4133 accipiebat
1095 4071 1211 4134 easque
1233 4050 1266 4115 in

91 4148 196 4214 locum
218 4150 355 4214 ducebat
376 4149 540 4233 spinosum
562 4155 595 4215 et
617 4151 708 4225 valde
739 4152 872 4215 vexabat
895 4151 933 4233 (c.
950 4153 980 4228 2,
998 4151 1106 4234 5-7).
1152 4153 1267 4219 Pastor

90 4254 145 4318 ille
168 4257 275 4318 autem
298 4256 366 4317 erat
387 4255 519 4338 angelus
543 4256 743 4333 deliciarum,
774 4260 884 4339 pastor
904 4256 957 4320 hic
980 4257 1113 4340 angelus
1135 4280 1265 4343 poenae,

90 4378 165 4422 oves
181 4362 272 4421 erant
295 4357 417 4420 diversa
432 4379 549 4443 genera
570 4364 773 4444 peccatorum
795 4357 1002 4441 (e.2,1-4;
1026 4383 1052 4425 c.
1069 4359 1112 4444 3).
1159 4361 1267 4427 Poena

88 4467 293 4546 peccatorum
321 4461 406 4525 idem
436 4465 561 4545 tempus
593 4463 719 4546 quidem
749 4462 841 4525 durat
862 4484 899 4527 ac
928 4463 1090 4547 voluptas,
1123 4466 1178 4530 sed
1199 4471 1264 4530 tre-

90 4567 208 4632 centies
231 4566 377 4650 sexagies
399 4566 501 4631 maior
522 4572 580 4644 est,
603 4568 650 4632 ita
672 4571 708 4632 ut
731 4570 808 4651 quot
830 4566 897 4630 dies
911 4567 1091 4633 luxuriatur
1113 4569 1192 4653 quis,
1216 4571 1266 4632 tot
