2834 5018
412 664 545 720 PAPIAE
564 663 790 721 FRAGMENTA
806 664 840 730 Π,
861 666 936 721 1-4.
1197 671 1259 735 351

80 845 206 905 tantum
233 842 329 906 etiam
353 841 502 908 Irenaeus
524 844 669 908 meminit
683 843 770 908 velut
792 845 833 908 ab
857 866 894 908 eo
910 843 1109 927 scriptorum,
1134 844 1200 909 fere
1216 845 1260 909 sio

81 947 209 1012 dicens:
233 946 323 1012 Haec
339 951 445 1012 autem
469 952 500 1012 et
515 948 633 1032 Papias
650 953 707 1013 ete.
755 950 784 1012 2.
808 949 852 1013 Et
866 948 943 1012 haec
960 948 1085 1032 quidem
1099 948 1258 1013 Irenaeus.

81 1051 127 1115 At
150 1072 224 1115 vero
248 1052 366 1136 Papias
388 1052 458 1135 ipse
480 1053 514 1116 in
536 1052 698 1135 prooemio
721 1074 900 1117 sermonum
923 1073 1050 1116 suorum
1074 1074 1107 1117 se
1130 1058 1258 1118 sancto·

80 1179 152 1220 rum
169 1157 386 1240 apostolorum
402 1160 614 1239 spectatorem
637 1161 733 1241 atque
750 1157 926 1222 auditorem
945 1157 1042 1222 fuisse
1057 1180 1259 1242 nequaquam

81 1261 167 1337 dicit,
200 1261 254 1326 sed
278 1262 317 1325 ab
341 1283 451 1325 eorum
475 1260 686 1326 familiaribus
707 1283 851 1325 normam
872 1261 946 1325 fidei
968 1283 1000 1326 se
1028 1263 1187 1346 accepisse
1208 1266 1285 1326 te-⁵

82 1370 186 1430 statur
208 1366 259 1430 his
281 1365 401 1429 verbis:

214 1472 243 1536 3.
270 1471 358 1548 ,Nec
387 1471 554 1537 haesitabo
578 1493 631 1549 ea,
656 1495 737 1556 quae
760 1474 918 1557 quondam
941 1495 960 1536 a
983 1472 1158 1536 senioribus
1180 1473 1260 1536 bene

170 1575 265 1639 didici
279 1580 312 1640 et
326 1577 407 1641 bene
423 1577 594 1641 memoriae
610 1577 766 1654 mandavi,
783 1575 1097 1660 interpretationibus
1111 1576 1258 1653 inserere,

173 1680 336 1745 affirmans
361 1683 398 1746 de
421 1681 487 1745 illis
502 1682 678 1746 veritatem.
725 1681 799 1746 Non
814 1681 906 1759 enim,
930 1686 967 1746 ut
988 1680 1131 1765 plerique
1146 1680 1258 1757 solent,

169 1807 222 1849 eos
246 1785 398 1862 sectabar,
425 1787 478 1870 qui
500 1787 604 1851 verbis
629 1786 802 1863 affluerent,
827 1787 882 1850 sed
905 1807 968 1864 eos,
994 1786 1048 1870 qui
1069 1808 1178 1851 verum
1201 1787 1257 1851 do·
1274 1798 1298 1834 1⁰

172 1894 287 1968 serent,
311 1912 413 1975 neque
437 1911 499 1968 eos,
524 1891 579 1974 qui
602 1889 706 1955 aliena
728 1893 907 1974 praecepta,
932 1890 986 1954 sed
1009 1912 1072 1967 eos,
1098 1891 1152 1974 qui
1167 1914 1258 1956 man-

168 1995 243 2059 data
272 2017 331 2078 per
362 1995 523 2083 dominum
553 1996 625 2059 fidei
656 1997 775 2060 tradita
804 1999 835 2059 et
865 1995 999 2078 abipsa
1027 1996 1161 2060 veritate
1184 2019 1258 2079 pro-

169 2099 254 2164 fecta
284 2105 503 2165 memorarent.
550 2103 579 2164 4.
605 2099 724 2177 Quodsi
748 2101 817 2185 quis
848 2100 975 2164 advenit
995 2099 1170 2175 interdum,
1205 2100 1259 2183 qui

170 2227 241 2268 oum
265 2205 439 2269 senioribus
455 2208 599 2269 versatus
615 2205 738 2283 fuisset,
755 2205 839 2269 dicta
861 2203 1021 2268 seniorum
1036 2203 1256 2286 exquirebam:

81 2337 150 2391 ditis
171 2355 219 2392 seu
247 2339 389 2393 canonicis
415 2358 497 2393 usum
522 2341 610 2394 fuisse
628 2343 658 2394 et
684 2356 758 2407 quae
772 2338 820 2393 alii
834 2338 870 2392 ab
889 2337 946 2392 illis
958 2336 1134 2391 audivissent
1146 2337 1257 2407 ipsique

79 2425 233 2478 maximam
252 2426 353 2480 saltem
372 2427 521 2482 effatorum
545 2427 657 2483 Domini
685 2426 948 2486 communicassent,
968 2439 1107 2493 exponere
1124 2424 1205 2478 velle.
1224 2455 1258 2466 -—

79 2517 189 2582 partem
209 2530 243 2567 ex
261 2514 305 2566 his
325 2513 539 2584 deprompsisse,
560 2532 657 2569 cume
684 2515 760 2586 παρὰ
778 2534 801 2570 τ.
827 2510 1032 2585 πρεσβυτέρων]
1051 2511 1068 2564 i.
1089 2526 1111 2563 e.
1137 2511 1172 2565 ab
1193 2529 1258 2581 apo-

79 2617 122 2654 vv.
143 2601 213 2655 3-4
232 2599 356 2664 eluceat,
385 2616 449 2655 eum
469 2603 527 2656 alia
545 2619 657 2670 quoque
685 2601 765 2656 stolis
784 2601 828 2654 vel
848 2598 992 2668 discipulis
1011 2598 1138 2660 Domini,
1157 2601 1191 2651 ut
1207 2601 1257 2653 Pa

80 2687 116 2739 ab
135 2686 274 2755 apostolis
300 2687 344 2740 vel
372 2688 518 2758 discipulis
543 2689 657 2744 Domini
683 2689 746 2758 pias
771 2687 847 2741 infra
865 2707 889 2741 v.
909 2690 927 2741 4
951 2687 1027 2741 clare
1050 2687 1159 2743 indicat
1182 2691 1211 2742 et
1229 2687 1258 2741 in

82 2776 209 2844 accipere
227 2775 354 2844 potuisse
373 2777 403 2829 et
421 2775 593 2831 hauddubie
611 2793 655 2829 ac·
683 2781 753 2831 nota
772 2779 935 2846 exponetur.
972 2776 1033 2829 Hoc
1056 2776 1118 2830 loco
1143 2792 1210 2844 ergo
1229 2790 1259 2828 se

80 2862 197 2931 cepisse.
235 2861 269 2915 A.
287 2862 379 2916 Resoh
397 2864 518 2926 censuit,
537 2863 656 2931 Papiam
685 2864 837 2933 discipulos
857 2862 971 2918 Domini
1000 2861 1141 2917 audivisse
1169 2865 1197 2916 et
1226 2877 1259 2915 ex

79 2965 147 3002 voce
166 2950 254 3020 λόγια,
273 2949 326 3012 vel,
345 2952 377 3002 ut
395 2949 467 3004 falso
486 2949 598 3013 scribit,
622 2949 657 3005 τὰ
685 2969 780 3006 eorum
799 2966 846 3005 ore
867 2950 998 3004 didicisse
1011 2950 1125 3011 annuit;
1143 2966 1167 3001 v.
1181 2949 1200 3002 4
1212 2948 1258 3002 ad·

78 3037 167 3107 λόγτα,
182 3034 367 3107 Evangelium
380 3035 542 3106 Evangeliis
555 3052 655 3104 synop·
684 3039 733 3100 dit,
753 3054 782 3091 se
801 3037 889 3090 etiam
908 3053 942 3091 ex
961 3036 1037 3099 aliis,
1064 3037 1113 3103 qui
1137 3051 1200 3088 eum
1219 3050 1259 3088 se-

79 3121 143 3175 ticis
162 3124 240 3192 prius
262 3140 415 3190 eorumque
434 3124 542 3178 fontem
561 3127 590 3177 et
607 3123 654 3176 he·
683 3124 809 3178 nioribus
827 3123 872 3176 vel
898 3121 1044 3191 discipulis
1063 3120 1178 3175 Domini
1199 3137 1258 3173 ver-

80 3207 176 3261 braieo
197 3225 322 3264 sermone
349 3210 539 3279 conscriptum
564 3209 655 3278 desig·
684 3212 740 3266 sati
767 3212 887 3273 fuerint,
910 3211 1010 3263 horum
1036 3209 1113 3263 dicta
1137 3207 1258 3274 exquisi-

78 3310 164 3357 nare,
197 3297 226 3347 et
244 3295 297 3349 hoc
316 3296 502 3366 Evangelium
520 3296 549 3349 iu
568 3297 655 3351 libro:
683 3299 772 3362 visse,
801 3300 830 3352 et
847 3314 905 3351 non
924 3297 1015 3351 solum
1033 3295 1130 3349 ordine
1149 3295 1258 3347 senten·

78 3381 134 3435 Die
151 3381 242 3451 Lupia
266 3383 436 3447 Iesu1898,
464 3383 596 3437 hebraice
623 3401 657 3437 ao
683 3385 798 3448 tiorum,
823 3382 978 3438 sedetiam
995 3381 1087 3435 verbis
1106 3379 1256 3434 adhibitis:

78 3483 180 3537 graece
197 3468 346 3525 restituere
364 3475 481 3526 conatus
501 3472 551 3524 est.
682 3475 728 3527 καὶ
746 3467 799 3528 ὅσα
817 3476 875 3527 κτλ.
895 3501 929 3510 -
947 3467 971 3526 εἰ
989 3468 1019 3526 δέ
1036 3487 1091 3524 που
1108 3472 1176 3529 κτλ,
1193 3483 1256 3535 pro·

115 3557 138 3608 ¹2.
158 3555 299 3627 ἀκροατὴν
315 3559 386 3627 κτλ]
406 3557 543 3612 Eusebius
563 3575 578 3612 e
596 3575 655 3614 ver·
684 3556 740 3620 dit,
760 3557 829 3610 illud
847 3556 964 3611 maioris
990 3555 1043 3610 sibi
1061 3554 1196 3609 momenti
1214 3553 1257 3606 fu·

78 3641 122 3694 bis
141 3641 246 3711 Papiae
264 3643 382 3698 nimium
395 3644 512 3715 colligit.
537 3645 578 3700 Cf.
592 3664 616 3700 v.
629 3648 653 3701 4.
682 3646 745 3700 isse.
774 3677 809 3685 -
836 3644 1041 3718 συγκατατάξαι
1060 3663 1083 3698 τ.
1105 3638 1177 3716 ipa]
1206 3640 1257 3695 His

113 3731 137 3784 3.
156 3734 202 3786 καὶ
221 3726 273 3786 ὅσα
290 3731 360 3800 κτλ]
389 3731 457 3786 Cum
484 3732 588 3801 Papias
608 3734 654 3788 hic
681 3732 774 3787 verbis
791 3731 909 3800 Papias,
935 3735 967 3787 ut
985 3731 1062 3785 Zahn
1086 3730 1161 3784 recte
1178 3726 1256 3792 vidit,

78 3817 113 3870 de
132 3817 286 3871 traditione
306 3816 402 3871 orali
424 3818 572 3886 loquatur,
591 3838 654 3889 par·
682 3837 712 3874 se
739 3835 788 3880 ea,
820 3835 893 3887 quae
912 3835 929 3871 a
946 3817 1119 3888 presbyteris
1147 3814 1255 3878 didicit,

76 3904 167 3958 ticula
185 3909 230 3960 καὶ
244 3905 304 3958 sine
323 3905 408 3958 dubio
421 3905 537 3968 indicat,
557 3907 587 3960 in
600 3925 654 3962 ser·
682 3905 911 3976 interpretationi
918 3905 1067 3959 effatorum
1075 3901 1258 3968 Dominisuic

76 4009 162 4045 mone
174 3992 358 4045 antecedente
371 4008 434 4045 eum
454 3992 489 4045 de
501 3994 655 4049 traditione
681 3991 845 4065 ἑρμηνείαις,
864 4009 921 4046 non
941 3995 1001 4045 tam
1021 3991 1143 4044 inserere
1171 4005 1256 4056 quam

76 4078 239 4146 scripta
263 4078 307 4132 vel
325 4079 359 4132 de
379 4078 473 4132 effatis
492 4079 607 4134 Domini
624 4082 655 4135 in
682 4081 732 4134 illa
748 4097 805 4134 una
832 4098 894 4134 cum
919 4081 963 4134 his
989 4080 1095 4134 litteris
1123 4078 1257 4131 mandare

77 4169 103 4221 S.
116 4168 262 4236 Scriptura
274 4166 370 4220 relatis
384 4165 496 4219 dixisse.
522 4165 654 4222 Weiffen·
681 4167 774 4221 dicere
801 4167 920 4220 videtur.
953 4198 988 4206 —
1022 4176 1080 4234 τοῖς
1107 4165 1141 4222 τὰ
1167 4164 1257 4221 πολλὰ

78 4256 151 4310 bach
170 4254 275 4308 erravit
294 4256 313 4315 Ι,
333 4253 444 4315 20-25,
464 4251 497 4315 ΙΙ,
516 4253 655 4308 336-345
681 4254 859 4326 λέγουσιν..
884 4255 947 4312 οὐδὲ
973 4263 1032 4321 τοῖς
1060 4275 1083 4310 τ.
1111 4252 1257 4324 ἀλλοτρίας

76 4348 223 4407 statuens,
252 4342 389 4397 vocabulo
413 4346 459 4398 καὶ
484 4341 654 4408 respondere
682 4339 908 4411 deverberans]
932 4341 1071 4410 Agnoscis
1090 4340 1137 4393 hic
1161 4339 1256 4393 haere·

74 4437 122 4489 καὶ
140 4433 207 4500 post
225 4431 250 4488 εἰ
266 4431 296 4487 δὲ
314 4451 370 4487 που
387 4429 463 4482 infra
481 4445 506 4480 v.
518 4429 543 4490 4,
563 4428 605 4483 ita
623 4431 655 4482 ut
681 4429 768 4490 ticos,
792 4427 959 4496 praesertim
984 4425 1136 4496 gnosticos.
1156 4456 1190 4465 —
1209 4424 1257 4481 ἀπ’

75 4537 176 4574 sensus
195 4521 286 4572 esset:
305 4517 425 4586 Papiam
438 4532 501 4569 oum
520 4531 561 4578 ea,
581 4531 654 4583 quae
682 4515 765 4585 αὐτῆς
791 4535 819 4570 τι.
844 4526 891 4584 τῆς
919 4512 1060 4584 ἀληθείας]
1090 4512 1130 4568 ef.
1159 4512 1254 4569 Ioann.

74 4608 138 4677 ipse
158 4622 176 4659 a
195 4605 351 4660 senioribus
365 4602 517 4667 didicisset,
536 4608 653 4666 tumea,
684 4603 723 4664 18,
743 4602 789 4664 37;
809 4600 821 4654 Ι
840 4600 936 4654 loann.
955 4599 979 4662 3,
1001 4599 1040 4654 19.
