2834 5018
178 323 243 387 276
600 319 742 376 IGNATII
760 320 939 377 EPISTULA

178 492 332 577 Χριστοῦ,
364 495 699 580 πεπληροφορημένους
722 496 765 572 εἰς
786 498 840 559 τὸν
863 496 969 579 κύριον
993 495 1097 579 ἡμῶν,
1126 496 1259 580 ἀληθῶς
1282 498 1358 559 ὄντα

180 600 217 664 ἐκ
239 601 358 683 γένους
380 598 483 664 Δαυίὸ
506 603 593 666 κατὰ
610 604 730 687 σάρκα,
755 602 820 665 υἱον
836 605 915 667 θεοῦ
939 604 1020 664 κατὰ
1037 603 1165 687 θέλημα
1186 603 1240 664 καί
1265 601 1356 665 δύνα-

179 724 229 787 μιν
252 703 340 783 θεοῦ,
362 703 586 788 γεγεννημένον
611 705 743 789 ἀληθῶς
766 706 803 768 ἐκ
825 706 1004 789 παρθένου,
1028 706 1273 792 βεβαπτισμένον
1296 707 1358 769 ὑπὸ

179 806 338 887 Ἰωάννου,
360 809 413 871 ἵνα
428 807 600 894 πληρωθῇ
622 815 718 874 πᾶσα
734 811 932 896 δικαιοσύνη
954 814 1013 876 ὑπ’
1030 815 1151 876 αὐτοῦ·
1177 816 1207 877 2.
1225 811 1357 895 ἀληθῶς

151 913 228 975 utut
258 911 391 975 Ποντίου
414 911 552 975 Πιλάτου
581 916 634 976 καί
660 912 800 997 Ἡρώδου
824 917 994 999 τετράρχου
1025 915 1256 1000 καθηλωμένον
1280 916 1358 997 ὑπὲρ

178 1017 266 1100 ἡμῶν
289 1017 321 1080 ἐν
345 1016 447 1099 σαρκί,
471 1018 525 1100 ἀφ’
549 1015 586 1080 οὗ
609 1027 732 1099 καρποῦ
754 1019 842 1102 ημεῐς
866 1021 928 1083 ἀπὸ
952 1031 1007 1084 τοῦ
1025 1021 1279 1104 θεομακαρίστου
1303 1021 1357 1082 αὐ-

177 1131 233 1184 τοῦ
262 1122 404 1202 πάθους,
434 1122 485 1185 ἵνα
509 1124 574 1208 ἄρῃ
608 1126 785 1207 σύσσημον
809 1124 851 1199 είς
883 1127 953 1199 τοὺς
985 1125 1101 1199 αἰῶνας
1130 1125 1258 1208 διαίτης
1283 1126 1357 1187 ἀνα-

179 1226 318 1300 στάσεως
341 1226 383 1300 εἰς
406 1229 477 1300 τοὺς
500 1225 607 1308 ἁγίους
623 1227 676 1288 καί
699 1231 826 1303 πιστοὺς
843 1229 948 1306 αὐτοῦ,
975 1230 1036 1291 είτε
1060 1228 1092 1291 ἐν
1109 1228 1271 1304 Ἰουδαίοις
1295 1231 1357 1292 εἴτε

179 1329 211 1392 ἐν
235 1331 370 1407 ἔθνεσιν,
395 1330 427 1394 ἐν
450 1330 493 1393 ἑνί
517 1328 638 1413 σώματι
661 1341 715 1414 τῆς
738 1331 907 1415 ἐκκλησίας
930 1334 1035 1395 αὐτοῦ.

140 1460 164 1498 10
264 1435 306 1499 ΙΙ.
331 1432 440 1497 Ταῦτα
461 1437 521 1518 γὰρ
554 1434 656 1498 πάντα
679 1436 799 1501 ἔπαθεν
823 1437 861 1500 δι’
885 1437 985 1520 ἡμᾶς,
1017 1439 1068 1500 ἵνα
1091 1441 1268 1522 σωθῶμεν·
1303 1440 1355 1501 καί

179 1537 309 1622 ἀληθῶς
332 1539 469 1617 ἔπαθεν,
502 1538 544 1613 ὡς
567 1540 620 1601 καί
655 1539 786 1623 ἀληθῶς
814 1540 982 1624 ἀνέστησεν
1007 1541 1134 1619 ἑαυτὸν,
1167 1544 1226 1625 οὐχ
1251 1543 1356 1625 ὥσπερ

177 1643 301 1707 ἄπιστοί
323 1663 403 1717 τινες
426 1642 579 1727 λέγουσιν,
605 1646 640 1707 τὸ
663 1645 766 1707 δοκεῖν
790 1646 884 1707 αὐτὸν
907 1646 1111 1724 πεπονθέναι,
1136 1647 1223 1709 αὐτοὶ
1247 1648 1283 1709 το
1306 1647 1355 1709 δο-

177 1758 242 1811 κεῖν
274 1750 375 1823 ὄντες·
406 1749 458 1810 καί
482 1749 594 1823 καθὼς
623 1758 803 1831 φρονοῦσιν,
833 1751 886 1811 καί
911 1749 1101 1835 συμβήσεται
1130 1752 1245 1829 αὐτοῖς,
1270 1749 1355 1815 οὖσιν

177 1852 354 1935 ἀσωμάτοις
377 1854 429 1914 καί
453 1852 651 1934 δαιμονικοῖς.

138 1985 164 2023 ιι
265 1959 321 2024 III.
348 1956 432 2041 Ἐγὼ
455 1959 515 2040 γὰρ
538 1958 591 2019 καί
615 1958 693 2039 μετὰ
715 1959 770 2040 την
794 1958 964 2022 ἀνάστασιν
997 1957 1029 2021 ἐν
1053 1961 1144 2040 σαρκί
1169 1961 1263 2022 αὐτὸν
1288 1957 1355 2023 οἶδα

176 2064 229 2125 καί
261 2063 397 2125 πιστεύω
430 2064 514 2124 ὄντα.
562 2065 592 2128 2.
617 2063 670 2123 καί
701 2063 753 2125 ὅτε
784 2065 860 2145 πρὸς
892 2066 963 2138 τοὺς
995 2065 1063 2146 περί
1093 2062 1212 2146 Πέτρον
1244 2062 1354 2149 ἦλθεν.

177 2169 236 2252 ἔφη
260 2170 379 2243 αὐτοῖς·
411 2167 552 2251 Λάβετε,
584 2166 814 2250 ψηλαφήσατέ
835 2191 879 2248 με
910 2170 966 2232 καί
989 2168 1094 2246 hiere,
1129 2170 1179 2232 ὅτι
1203 2172 1266 2233 οὐκ
1289 2171 1352 2250 είμί

176 2272 353 2352 δαιμόνιον
374 2272 572 2352 ἀσώματον.
619 2273 672 2333 καί
696 2273 792 2345 εὐθὺς
816 2273 911 2334 αὐτοῦ
936 2271 1057 2353 ἥψαντο
1080 2272 1134 2333 καί
1158 2271 1353 2347 ἐπίστευσαν,

175 2376 346 2457 κραθέντες
368 2385 407 2459 τῇ
429 2377 522 2458 σαρκί
548 2377 643 2438 αὐτοῦ
667 2377 720 2438 καί
752 2383 796 2458 τῷ
820 2374 979 2458 πνεύματι.
1026 2376 1077 2438 διὰ
1100 2386 1191 2438 τοῦτο
1214 2377 1267 2438 καί
1293 2378 1353 2441 θα-

247 2559 258 2611 1
279 2558 357 2627 ημῶν
375 2556 421 2611 GC
433 2555 532 2610 Theod
544 2555 597 2610 Sev
611 2573 617 2606 τ
630 2555 664 2623 -]-
678 2553 786 2625 Ἰησοῦν
805 2556 929 2624 Χριστὸν
941 2556 987 2608 LA
1000 2573 1019 2624 g
1036 2557 1039 2623 ]
1056 2558 1072 2609 2
1091 2555 1201 2627 θέλημα
1213 2576 1219 2609 :
1233 2558 1353 2627 θεότητα

177 2642 282 2705 Theod,
301 2643 384 2714 φύσιν
402 2645 427 2696 Α
442 2646 446 2709 Ι
463 2642 478 2695 3
500 2649 570 2699 θεοῦ
589 2642 659 2696 GLC
671 2642 722 2695 Seu
736 2661 742 2694 ι
756 2646 790 2709 >
802 2642 934 2696 A'l'heod
953 2642 1062 2711 Lightf.
1080 2645 1084 2713 Ι
1100 2643 1288 2716 γεγενημένων
1305 2643 1329 2699 G
1349 2652 1351 2657 '

174 2730 191 2784 6
212 2734 438 2803 θεομακαρίστου
451 2732 471 2783 L
482 2749 501 2800 g
515 2750 520 2782 :
535 2734 625 2803 -ρίτου
638 2730 662 2784 G
678 2731 682 2797 1
698 2729 743 2796 βίθ
762 2726 817 2787 εἴτε
829 2728 859 2785 έν
878 2772 884 2785 .
899 2771 904 2781 .
924 2727 979 2786 εἷ’τε
992 2729 1022 2786 ἐι·
1035 2731 1085 2800 gC
1099 2749 1105 2782 :
1119 2727 1179 2787 ἔντε
1199 2729 1229 2787 ἐν
1248 2773 1256 2787 .
1269 2770 1274 2783 .
1294 2727 1351 2787 έντε

175 2816 206 2874 ἐν
224 2818 292 2885 (1(Ιι]
309 2818 313 2886 Ι
332 2819 363 2872 10
378 2814 425 2874 ‘iva
436 2824 579 2885 σωθῶμεν
589 2820 624 2884 >
643 2817 694 2885 Cg
709 2818 713 2885 Ι
732 2817 762 2871 15
776 2813 837 2874 aida
850 2836 856 2869 :
869 2814 944 2874 εἶδον
956 2817 976 2869 L
994 2819 997 2887 ]
1016 2819 1047 2872 19
1066 2819 1221 2890 κραθέντες
1233 2817 1259 2872 G
1273 2837 1279 2871 :
1293 2834 1352 2871 con·

175 2905 243 2958 victi
263 2905 497 2978 (κρατηθέντεςῗ)
512 2905 539 2966 L,
560 2919 641 2957 sacra
654 2919 724 2956 cena
735 2904 780 2957 usi
793 2906 818 2957 Α
834 2907 838 2970 Ι
853 2905 987 2974 πνεύματι
1003 2904 1072 2959 GLc
1085 2923 1091 2957 z
1102 2902 1197 2973 αἵματι
1211 2907 1235 2959 Α
1248 2905 1351 2975 Lightf.

173 3076 198 3110 κ.
219 3053 326 3123 θέλημα
344 3076 368 3109 κ.
388 3052 512 3122 δύναμιν]
533 3052 668 3106 Similiter
679 3052 747 3106 lust.
775 3053 947 3122 pendentem
975 3057 1002 3107 ct
1022 3053 1199 3107 Christianos
1226 3054 1351 3108 efructu

174 3140 246 3195 Dial.
267 3157 288 3192 c.
309 3141 351 3195 61.
373 3140 436 3199 128;
455 3140 517 3193 Tar.
532 3138 560 3192 O.
576 3139 673 3193 Graec.
687 3157 708 3192 c.
723 3141 746 3192 5.
776 3145 854 3194 ortos
873 3157 934 3194 esso
952 3140 1045 3194 dicere
1064 3141 1187 3201 videtur,
1214 3145 1353 3207 quatenus

173 3261 208 3269 -
226 3226 427 3301 γεγεννημένον
443 3225 513 3294 κτλ]
539 3226 630 3289 Zahn,
650 3225 747 3296 legens
777 3227 835 3280 eius
864 3231 963 3296 gustus
993 3229 1041 3281 dat
1073 3229 1166 3283 vitam.
1205 3229 1249 3283 cf.
1269 3231 1352 3283 Cleru.

173 3314 372 3389 γεγενημένον,
404 3313 477 3364 hanc
498 3312 667 3381 particulam
686 3330 748 3367 cum
777 3314 818 3367 Al.
839 3315 939 3371 Strora
954 3316 987 3377 V,
1010 3317 1049 3377 11,
1069 3318 1103 3370 73
1121 3334 1147 3384 p.
1160 3316 1220 3369 690.
1241 3347 1277 3355 —
1290 3322 1350 3373 θεο-

175 3401 363 3473 praecedente
382 3400 526 3454 construit.
775 3401 959 3472 μακαρίστου]
988 3402 1029 3455 Cf.
1051 3402 1143 3469 Poiye.
1164 3406 1191 3462 7,
1211 3405 1236 3457 2,
1266 3434 1300 3442 -
1327 3401 1355 3459 ἐι·

209 3492 232 3543 2.
251 3493 297 3545 καί
311 3486 452 3559 Ἡρώδου]
467 3486 508 3539 cf.
519 3486 583 3538 Luc.
594 3487 635 3549 23,
649 3487 747 3550 7-12;
761 3530 764 3537 .
776 3486 816 3544 ένί
834 3487 951 3557 σώματι]
972 3488 1013 3541 ef.
1033 3487 1110 3541 Paul.
1129 3488 1200 3557 Eph.
1219 3491 1244 3551 2,
1267 3492 1307 3544 16.

174 3577 235 3630 Act.
255 3577 279 3638 4,
299 3576 341 3630 27.
366 3606 401 3613 -
426 3569 472 3643 ἀφ’
494 3566 527 3628 οὗ
544 3573 662 3644 καρποῦ]
683 3573 748 3627 Gru·
812 3572 844 3625 ΙΙ.
864 3573 1014 3644 ἀνέστησεν
1031 3572 1143 3645 ἑαυτὸν]
1164 3576 1206 3630 cf.
1220 3576 1318 3630 Ioanu.
1331 3578 1353 3637 ¹2,

174 3679 234 3716 cem
252 3665 390 3728 tanquam
403 3659 531 3713 arborem
546 3659 674 3727 cogitans
689 3660 747 3730 ign.
779 3661 824 3721 19;
846 3661 886 3722 10,
908 3661 947 3713 18.
972 3661 1049 3713 Infra
1068 3662 1091 3720 7.
1113 3664 1126 3716 l
1146 3666 1176 3716 ct
1195 3662 1282 3717 Trall.
1302 3664 1355 3723 aa

175 3749 209 3803 de
228 3750 322 3802 fructu
337 3747 444 3802 arboris
457 3744 592 3812 loquitur.
631 3746 747 3799 Veteres
776 3737 903 3818 Ig'natius
923 3763 1013 3813 acque
1032 3751 1120 3814 atque
1132 3750 1258 3817 apostoli
1278 3751 1353 3807 dicit

174 3836 315 3890 versiones
334 3839 363 3889 et
381 3834 534 3889 orientales
554 3835 583 3885 et
600 3833 747 3888 latinavo·
776 3839 888 3903 patrem
918 3834 1061 3888 Christum
1092 3837 1286 3892 resuscitasse.
1322 3869 1356 3878 -

174 3922 304 3977 cabulum
331 3915 364 3979 οὗ
391 3920 428 3973 ad
447 3919 589 3975 Christum
614 3920 747 3984 referunt,
776 3927 868 3978 δοκεῖν
885 3960 911 3973 ..
932 3921 1034 3991 δοκεῖν]
1062 3920 1208 3976 Eiusmodi
1237 3941 1355 3994 parono-

174 4011 216 4064 ita
235 4013 268 4062 ut
278 4009 431 4064 Christiani
451 4008 486 4061 ad
505 4008 628 4061 fructum
641 4007 747 4075 pessio·
777 4009 882 4061 nrasiac
906 4007 1018 4075 saepius
1040 4008 1115 4076 apud
1135 4008 1192 4079 Ign.
1213 4009 1354 4082 leguntur.

173 4098 217 4149 uis
243 4098 348 4150 Christi
374 4097 516 4165 pertinere
545 4095 682 4148 dicantur.
719 4092 820 4147 sius.
839 4094 933 4161 Polyc.
954 4095 1050 4151 insen:
1078 4095 1157 4149 Rom.
1178 4099 1202 4159 8,
1224 4101 1251 4161 1;
1271 4098 1354 4152 Tralh

174 4183 340 4237 vertendum
353 4185 454 4237 tuerit:
475 4200 559 4250 equo
572 4183 672 4243 fructu,
687 4182 746 4248 Igu.
776 4182 800 4242 5,
820 4184 843 4233 2.
862 4212 897 4219 -
916 4176 993 4238 αῖσιν
1011 4182 1172 4251 ἀσωμάτοις
1189 4205 1214 4240 κ.
1235 4185 1270 4255 ά]
1297 4186 1355 4255 Igu.

174 4269 315 4324 Christum
342 4272 434 4339 ipsum
459 4270 583 4323 fructum
613 4268 642 4321 in
670 4267 747 4337 ligno
760 4262 763 4305 ¹
777 4268 812 4320 ad
830 4267 954 4321 Docetas
973 4268 1166 4337 metaphorice
1191 4272 1299 4326 referre
1317 4272 1357 4325 vi-
