2834 5018
415 694 606 761 QUADRATI
623 693 881 751 FRAGMENTUM
902 696 976 751 1-2.
1213 697 1276 763 377

289 1286 605 1372 QUADRATI
645 1285 1090 1360 FRAGMENTUM.

193 1497 272 1562 Cum
294 1498 451 1581 Trajanus
473 1520 530 1581 per
551 1498 666 1583 viginti
681 1520 780 1563 annos
803 1499 916 1563 demtis
938 1519 994 1563 sex
1008 1500 1169 1567 mensibus
1191 1502 1279 1586 prin·

106 1603 247 1686 cipatum
269 1603 441 1678 tenuisset,
466 1600 578 1667 Aelius
601 1602 783 1668 Hadrianus
812 1604 952 1688 suscepit
974 1605 1151 1688 imperium.
1198 1607 1280 1673 Huic

105 1708 285 1784 Quadratus
317 1708 435 1772 obtulit
466 1708 657 1784 orationem,
689 1730 784 1792 quam
814 1729 873 1791 pro
905 1708 1086 1773 defensione
1117 1709 1280 1794 religionis

104 1817 230 1876 nostrae
260 1812 376 1876 idcirco
409 1812 654 1895 conscripserat,
686 1812 769 1896 quod
801 1812 929 1896 quidam
957 1813 1107 1879 malevoli
1135 1814 1307 1880 hominess

105 1938 218 1980 vexare
240 1921 366 1981 nostros
382 1922 477 2001 atque
500 1917 653 1982 incessere
669 1917 875 1982 conabantur.
905 1917 1004 1982 Extat
1025 1917 1180 2003 hodieque
1197 1919 1281 2004 apud

103 2021 274 2106 plerosque
297 2042 336 2083 ex
366 2021 519 2097 fratribus
542 2021 621 2084 haec
643 2020 762 2096 oratio,
795 2042 890 2104 quam
911 2041 969 2084 nos
992 2021 1088 2085 etiam
1116 2021 1279 2098 habemus,

104 2147 143 2189 ex
167 2147 230 2208 qua
253 2130 285 2190 et
306 2126 469 2210 ingenium
492 2125 558 2189 eius
581 2125 657 2201 viri,
688 2129 720 2188 et
741 2128 860 2189 rectam
882 2123 1087 2207 Apostolicae
1110 2124 1183 2189 fidei
1206 2120 1303 2190 doc-⁸

104 2231 220 2294 trinam
236 2231 402 2315 perspicue
424 2230 501 2294 licet
517 2250 714 2314 cognoscere.
760 2231 791 2292 2.
815 2229 915 2293 Porro
930 2228 1013 2292 idem
1037 2229 1172 2313 scriptor
1191 2251 1281 2293 suam

104 2335 205 2419 ipsius
228 2335 452 2419 antiquitatem
474 2334 552 2398 satis
575 2333 714 2397 declarat
736 2332 786 2396 his
801 2332 922 2396 verbis:
1294 2350 1320 2387 ιο

238 2438 435 2516 „Servatoris
450 2444 565 2517 autem,
588 2439 701 2522 inquit,
725 2438 825 2502 nostri
840 2460 937 2522 opera
960 2459 1087 2521 semper
1109 2439 1281 2524 conspicue

193 2548 298 2619 erant,
329 2545 447 2628 quippe
477 2566 557 2629 quae
579 2566 653 2608 vera
685 2548 805 2607 essent:
841 2542 881 2607 iis
904 2542 1043 2619 scilicet,
1079 2542 1133 2628 qui
1161 2545 1281 2609 morbis

191 2648 319 2713 liberati
350 2652 406 2712 aut
434 2649 549 2733 quiex
571 2653 673 2713 morte
696 2647 854 2712 advitam
876 2647 1016 2712 revocati
1038 2647 1173 2712 fuerant.
1221 2647 1282 2725 Qui

194 2753 321 2837 quidem
343 2775 407 2817 non
430 2753 541 2825 solum,
566 2754 640 2818 dum
663 2753 858 2816 sanabantur
880 2755 935 2815 aut
957 2752 1032 2816 dum
1048 2752 1088 2816 ad
1110 2753 1209 2817 vitam
1232 2774 1282 2818 re·

193 2857 397 2933 vocabantur,
421 2858 581 2943 conspecti
603 2861 677 2922 sunt
699 2858 739 2921 ab
756 2857 910 2933 omnibus,
935 2857 990 2921 sed
1005 2861 1112 2921 secuto
1136 2857 1283 2943 deinceps
1296 2872 1322 2912 ¹⁵

193 2962 349 3045 tempore;
381 2983 439 3026 nec
462 2962 565 3026 solum
582 2962 731 3046 quamdiu
746 2963 779 3027 in
802 2963 895 3027 terris
910 2966 1050 3027 moratus
1073 2967 1122 3027 est
1144 2968 1284 3028 servator

193 3070 316 3141 noster,
349 3088 458 3131 verum
484 3067 581 3130 etiam
605 3071 680 3150 post
709 3068 776 3131 eius
807 3068 980 3133 discessum
1012 3066 1065 3131 diu
1095 3068 1282 3152 superstites

194 3170 339 3246 fuerunt,
373 3171 451 3234 adeo
473 3175 509 3233 ut
538 3168 684 3233 nonnulli
715 3190 825 3233 eorum
856 3170 1015 3234 etiamad
1042 3174 1152 3235 nostra
1183 3194 1283 3256 usque

194 3278 340 3358 tempora
366 3275 595 3358 pervenerint“.

107 3407 244 3462 dicandus
265 3406 315 3471 sit,
334 3409 475 3477 sequitur,
499 3427 563 3464 eum
581 3410 683 3464 librum
710 3427 795 3481 ergo,
824 3410 848 3463 si
869 3411 1038 3481 scripturam
1063 3426 1151 3463 annos
1172 3409 1283 3464 circiter

107 3496 298 3566 composuisse
324 3512 356 3549 eo
379 3498 523 3567 tempore,
552 3514 608 3565 quo
628 3498 683 3551 Ha·
710 3498 758 3552 LX
775 3502 860 3552 natus
874 3499 1005 3562 confecit,
1024 3498 1060 3552 ad
1073 3514 1161 3552 annos
1180 3497 1284 3552 60-80

107 3584 223 3637 drianus
250 3584 323 3637 hanc
348 3584 524 3653 provinciam
548 3584 682 3649 visitavit,
711 3585 830 3649 circiter,
851 3584 888 3639 ad
900 3602 971 3653 quos
983 3585 1071 3639 filiam
1082 3583 1153 3638 Jairi
1170 3583 1283 3649 (Matth.

107 3688 182 3725 anno
203 3672 253 3726 125
271 3673 345 3742 (126)
364 3674 409 3726 vel
430 3672 486 3727 129.
710 3674 734 3735 9,
756 3672 871 3734 18-26;
890 3672 976 3727 Marc.
994 3674 1018 3737 5,
1037 3671 1155 3734 22-43;
1174 3671 1238 3725 Luc
1258 3672 1283 3736 8,

143 3760 166 3811 2.
205 3757 244 3826 εἰς
276 3758 341 3826 τοὺς
373 3759 524 3833 ἡμετέρους
553 3760 825 3833 χρόνους]ι41-56)
842 3761 871 3813 et
888 3758 1017 3813 iuvenem
1034 3759 1063 3812 in
1083 3758 1188 3828 oppido
1201 3756 1283 3813 Nalm

108 3845 125 3898 i.
146 3861 169 3897 e.
188 3861 245 3898 non
265 3845 301 3898 ad
314 3847 433 3915 tempus,
453 3861 508 3912 quo
522 3845 684 3917 apologiam
710 3846 907 3901 resuscitatum
925 3844 999 3914 (Luc.
1019 3845 1043 3908 7,
1063 3846 1176 3915 11-17)
1200 3844 1284 3901 facile

108 3931 235 4001 scripsit,
262 3930 311 3985 sed
330 3933 366 3985 ad
384 3936 494 4002 tempus
514 3933 590 3986 vitae
608 3950 683 3996 suae,
696 3890 698 4003 l
711 3933 857 4003 pervenire
876 3933 1002 4003 potuisse
1019 3931 1160 3985 neminem
1178 3932 1256 3985 lutet.
