2834 5018
526 666 595 721 SIM
616 666 649 730 V,
668 666 803 729 3,1-8.
1184 669 1248 735 535

161 840 198 909 3.
223 846 320 910 Dico:
351 845 501 922 Domine,
526 868 586 931 ego
609 845 667 911 has
690 845 910 910 similitudines
933 867 995 910 non
1017 845 1169 931 intellego
1191 867 1249 911 nec

69 970 202 1032 possum
224 948 425 1033 intellegere,
458 950 520 1014 nisi
542 971 595 1015 eas
627 950 705 1015 mihi
728 972 875 1034 exponas.
921 952 950 1013 2.
976 948 1105 1030 Omnia,
1134 952 1247 1036 inquit,

70 1053 132 1117 tibi
155 1073 327 1135 exponam,
359 1058 391 1116 et
414 1075 631 1137 quaecumque
662 1054 785 1118 locutus
816 1054 906 1118 fuero
935 1059 1053 1132 tecum,
1085 1057 1249 1120 ostendam

70 1158 140 1222 tibi.
187 1159 346 1220 Mandata
368 1160 494 1222 domiai
517 1161 664 1238 melodi,
695 1164 726 1223 et
748 1159 810 1222 eris
832 1163 979 1243 acceptus
1003 1160 1061 1223 deo
1084 1164 1116 1224 et
1137 1161 1248 1225 inscri-

70 1261 156 1325 beris
180 1261 213 1325 in
243 1282 372 1325 numero
401 1282 527 1339 eorum,
560 1263 615 1346 qui
647 1264 829 1329 custodiunt
858 1265 1008 1328 mandata
1038 1264 1113 1328 eius.
1160 1267 1190 1330 3.
1215 1265 1275 1330 Sis

71 1370 181 1429 autem
203 1365 277 1429 boni
301 1365 421 1451 aliquid
450 1366 565 1432 feceris
586 1373 712 1451 praeter
733 1370 917 1432 mandatum
940 1369 1071 1445 domini,
1103 1369 1250 1452 adquires

69 1470 132 1533 tibi
154 1469 289 1554 gloriam
313 1471 578 1536 abundantiorem
601 1473 725 1556 erisque
740 1473 908 1555 gloriosior
930 1476 1013 1559 apud
1029 1474 1130 1550 deum,
1155 1496 1251 1558 quam

71 1575 152 1639 alias
175 1576 301 1639 futurus
324 1596 416 1640 esses.
465 1575 498 1640 Si
513 1576 613 1659 igitur
635 1578 784 1641 mandata
807 1577 856 1642 dei
873 1579 1051 1643 custodiens
1074 1579 1169 1642 etiam
1187 1578 1249 1641 mi·

70 1679 202 1745 nisteris
224 1680 286 1743 ista
309 1680 436 1755 adicias,
461 1680 625 1763 gaudebis,
649 1681 676 1744 si
699 1703 736 1744 ea
759 1683 931 1747 servaveris
954 1683 1043 1746 iuxta
1065 1682 1249 1747 mandatum

70 1806 187 1848 meum.
234 1784 263 1847 4.
288 1784 368 1848 Dico
391 1784 437 1847 ei:
470 1784 624 1860 Domine,
658 1785 685 1849 si
709 1787 783 1870 quid
805 1786 884 1850 mihi
907 1786 1116 1862 mandaveris,
1141 1790 1247 1850 custo-
1263 1800 1288 1837 ¹⁰

71 1889 157 1952 diam
179 1887 277 1963 illud;
312 1888 378 1952 scio
402 1888 502 1965 enim,
533 1893 565 1952 te
592 1910 716 1953 mecum
748 1912 824 1955 esse.
871 1891 951 1967 Ero,
984 1891 1102 1974 inquit,
1133 1894 1248 1968 tecum,

72 1994 148 2076 quia
172 1993 311 2057 animum
334 1993 432 2059 habes
456 1998 522 2057 tam
544 1999 729 2077 promptum
751 1995 831 2058 bene
853 1994 1006 2072 faciendi,
1032 1998 1156 2058 etcum
1180 2016 1249 2058 om·

70 2098 166 2161 nibus
190 2118 253 2173 ero,
276 2098 398 2182 inquit,
430 2099 620 2182 quicumque
643 2099 781 2163 animum
810 2103 877 2163 tam
906 2103 1092 2184 promptum
1120 2098 1248 2163 habent.

72 2202 102 2265 5.
126 2201 282 2266 Ieiunium
304 2201 374 2278 hoc,
397 2203 508 2286 inquit,
533 2204 665 2267 servatis
687 2203 845 2267 mandatis
869 2203 995 2280 domini,
1019 2202 1109 2266 valde
1132 2203 1249 2268 bouum

71 2309 128 2370 est.
177 2306 229 2371 Sic
260 2307 361 2391 igitur
389 2308 545 2372 custodies
574 2308 725 2372 ieiunium
757 2308 834 2385 hoc,
868 2308 952 2392 quod
982 2311 1164 2371 servaturus
1196 2328 1247 2371 es:
1263 2330 1289 2368 ra

72 2413 103 2477 6.
127 2411 265 2495 primum
287 2412 427 2476 omnium
452 2434 527 2477 cave
550 2414 590 2477 ab
614 2413 699 2477 omni
721 2414 817 2477 verbo
839 2412 923 2477 malo
947 2416 979 2476 et
1002 2413 1042 2476 ab
1065 2412 1151 2476 omni
1173 2433 1248 2476 con·

71 2516 268 2599 cupiscentia
298 2516 383 2581 mala
406 2521 438 2580 et
459 2518 592 2600 purifica
625 2539 679 2582 cor
699 2522 789 2582 tuum
820 2518 860 2582 ab
884 2517 1030 2581 omnibus
1057 2517 1249 2581 vanitatibus

70 2621 167 2686 huius
189 2621 316 2686 saeculi.
363 2621 451 2698 Quae
473 2623 501 2685 si
525 2622 726 2699 custodieris,
759 2621 818 2685 boc
840 2621 990 2685 ieiunium
1012 2622 1072 2687 tibi
1095 2622 1154 2686 erit
1175 2643 1248 2704 per-

71 2726 201 2791 fectum.
249 2726 278 2789 7.
304 2724 356 2790 Sic
378 2731 485 2791 autem
503 2726 616 2791 facies:
640 2750 711 2792 cum
725 2727 904 2811 perfeceris,
930 2749 1009 2810 quae
1032 2727 1152 2811 scripta
1165 2732 1247 2804 sunt,

71 2831 106 2895 in
128 2830 185 2895 illo
209 2831 274 2907 die,
310 2851 372 2915 quo
394 2831 566 2909 ieiunabis,
600 2853 639 2895 nc
662 2835 770 2915 gustes
794 2831 965 2915 quidquam
996 2832 1058 2896 nisi
1080 2854 1195 2916 panem
1218 2837 1288 2896 etro

73 2958 199 3019 aquam,
223 2940 255 2999 et
279 2937 316 2999 de
340 2935 418 2998 cibis
433 2936 506 3012 tuis,
532 2956 610 3019 quos
633 2940 828 2999 comesturus
843 2958 921 3013 eras,
946 2941 1129 3020 computata
1148 2960 1249 3020 quan-

72 3041 166 3104 titate
189 3045 335 3124 sumptus
359 3040 421 3104 diei
442 3039 546 3116 illius,
581 3061 675 3123 quam
697 3038 840 3103 facturus
863 3061 948 3115 eras,
979 3039 1068 3103 dabis
1097 3040 1177 3104 illud
1200 3041 1249 3104 vi·

73 3146 154 3209 duae
177 3149 232 3210 aut
262 3144 404 3229 orphano
427 3147 483 3208 aut
504 3143 610 3226 inopi,
643 3147 675 3206 et
702 3143 748 3207 sic
774 3148 806 3207 te
834 3144 1033 3220 humiliabis,
1066 3147 1110 3222 ut,
1136 3145 1250 3229 quide

72 3248 253 3313 humilitate
275 3253 331 3313 tua
352 3248 482 3332 accepit,
507 3246 640 3329 impleat
663 3247 802 3311 animam
824 3269 914 3312 suam
937 3253 970 3312 et
992 3251 1060 3312 oret
1081 3270 1138 3331 pro
1161 3253 1193 3311 te
1209 3248 1250 3312 ad

74 3353 246 3418 dominum.
292 3353 321 3416 8.
347 3352 381 3416 si
404 3373 478 3436 ergo
494 3353 539 3416 sic
561 3352 825 3416 consummaveris
839 3352 999 3429 ieiunium,
1023 3358 1059 3417 ut
1081 3353 1141 3416 tibi
1156 3375 1248 3417 man·
1262 3369 1289 3409 π

144 3464 160 3517 3
180 3461 286 3516 Eccles.
307 3463 346 3526 12,
368 3464 412 3525 13;
431 3461 534 3516 Matth.
557 3461 596 3524 19,
618 3463 657 3516 17.

72 3578 98 3640 4,
117 3575 148 3638 2;
177 3575 277 3629 Matth.
299 3576 338 3638 19,
358 3576 405 3632 21:
432 3581 477 3632 καὶ
504 3572 574 3646 ἕξεις
600 3581 648 3646 θη-
675 3574 766 3628 medis
791 3591 912 3644 magnae
935 3574 1077 3644 prioribus
1096 3574 1168 3628 nihil
1187 3593 1249 3646 per·

73 3665 179 3736 σαυρὸν
197 3661 356 3737 ἐνοῦρανῷ.
373 3693 407 3701 -
424 3685 450 3720 κ.
464 3684 487 3719 τ.
500 3661 569 3735 ἐμὴν
583 3660 648 3732 aa]
676 3661 783 3731 cipiant
801 3661 856 3715 nisi
873 3679 992 3731 panem,
1021 3661 1110 3717 salet
1137 3679 1248 3730 aquam,

73 3750 199 3805 Pastoris
233 3749 322 3819 igitur
347 3750 512 3804 mandatum
540 3751 584 3804 est
613 3750 649 3803 ad
676 3751 705 3802 et
724 3749 946 3804 constitutiones
974 3753 1064 3819 apost
1085 3751 1117 3812 V,
1141 3751 1173 3805 18
1202 3749 1251 3803 ad·

73 3853 162 3907 opera
179 3836 425 3906 supererogatoria
443 3840 580 3906 spectans.
676 3836 747 3890 dunt
759 3836 844 3890 olera.
857 3868 891 3876 -
903 3835 1010 3906 δώσεις]
1029 3835 1107 3889 Nihil
1120 3838 1249 3904 frequen-

110 3924 185 3978 5-8.
214 3922 305 3990 Prope
333 3923 370 3976 ad
396 3924 470 3978 hanc
496 3925 649 3978 sectionem
675 3922 732 3976 tius
751 3922 893 3978 inculcant
922 3925 1014 3977 sancti
1040 3928 1137 3993 patres
1165 3940 1251 3990 quam

74 4011 184 4064 accedit
204 4010 340 4080 Origenes
364 4012 396 4064 In
415 4010 502 4065 Lavit
522 4012 595 4066 hom
616 4012 649 4065 X.
676 4010 850 4079 praeclaram
877 4011 951 4064 hanc
970 4010 1070 4065 ieiunii
1097 4026 1160 4065 cum
1179 4012 1250 4065 elee-

109 4101 133 4153 7.
152 4119 175 4155 τ.
201 4097 391 4170 γεγραμμένα]
418 4097 446 4151 Si
472 4096 557 4153 lectio
584 4114 651 4151 vera
676 4114 794 4166 mosyna
812 4097 1051 4151 consociationem
1064 4096 1250 4169 (Cotelerius).

74 4189 125 4247 est,
135 4189 200 4239 sunt
212 4184 349 4238 mandata
358 4184 473 4238 Domini
483 4184 512 4238 in
523 4185 549 4239 S.
560 4184 649 4254 Scrip·
677 4185 719 4238 Cf.
739 4185 850 4239 Didasc.
871 4185 900 4237 et
918 4184 1037 4238 Constit.
1064 4190 1155 4255 apost.
1174 4184 1206 4248 V,
1228 4191 1251 4243 1.

74 4276 140 4325 tura
166 4272 313 4341 proposita
341 4274 377 4338 (v.
401 4271 435 4339 2).
474 4271 515 4326 cf.
533 4271 546 4324 I
564 4272 650 4326 Clem.
676 4304 711 4312 -
729 4270 853 4344 ἐμπλήσῃ
871 4292 893 4327 τ.
913 4269 935 4329 ἑ.
954 4273 1053 4344 ψυχήν]
1074 4273 1115 4328 cf.
1134 4276 1213 4329 Prov.
1227 4275 1250 4339 6,

76 4360 116 4422 13,
138 4363 159 4414 l.
179 4391 215 4399 -
232 4359 312 4429 εἰμὴ
330 4353 418 4430 ἄρτον
433 4361 478 4415 καὶ
496 4355 580 4432 ὕδωρ]
599 4360 650 4414 Pa·
676 4359 717 4413 30.
728 4357 814 4411 Exod.
836 4360 875 4420 15,
894 4358 918 4411 9.

74 4450 135 4501 ator
152 4447 332 4515 xerophagias
351 4445 536 4500 commendat.
566 4445 650 4500 Dida·
711 4446 735 4499 8.
753 4444 843 4517 ltapd]
865 4444 906 4499 ef.
925 4444 952 4498 ll
971 4446 1030 4500 Cor.
1049 4447 1074 4511 9,
1094 4448 1124 4510 7;
1153 4447 1252 4502 Sirach

75 4533 163 4588 scatia
200 4531 392 4602 apostolorum
426 4531 581 4602 praecipit,
619 4537 651 4588 ut
676 4533 710 4588 32
729 4532 795 4601 (35),
816 4534 855 4586 11.

75 4620 229 4676 Christiani
256 4623 392 4687 quattuor
418 4618 519 4673 diebus
546 4620 650 4676 hebdo-
