<?xml version="1.0" encoding="UTF-8"?>
<!DOCTYPE html PUBLIC "-//W3C//DTD XHTML 1.0 Transitional//EN"
    "http://www.w3.org/TR/xhtml1/DTD/xhtml1-transitional.dtd">
<html xmlns="http://www.w3.org/1999/xhtml" xml:lang="en" lang="en">
 <head>
  <title>
</title>
<meta http-equiv="Content-Type" content="text/html;charset=utf-8" />
  <meta name='ocr-system' content='tesseract 3.04.00' />
  <meta name='ocr-capabilities' content='ocr_page ocr_carea ocr_par ocr_line ocrx_word'/>
</head>
<body>
  <div class='ocr_page' id='page_1' title='image "./patresapostolic00piongoog_0276.png"; bbox 0 0 2834 5018; ppageno 0'>
   <div class='ocr_carea' id='block_1_1' title="bbox 491 653 1258 727">
    <p class='ocr_par' dir='ltr' id='par_1_1' title="bbox 491 653 1258 727">
     <span class='ocr_line' id='line_1_1' title="bbox 491 653 1258 727; baseline 0.026 -19"><span class='ocrx_word' id='word_1_1' title='bbox 491 655 540 708; x_wconf 82' lang='lat' dir='ltr'>AD</span> <span class='ocrx_word' id='word_1_2' title='bbox 560 653 640 709; x_wconf 84' lang='lat' dir='ltr'>COR.</span> <span class='ocrx_word' id='word_1_3' title='bbox 661 654 693 717; x_wconf 88' lang='lat' dir='ltr'>X,</span> <span class='ocrx_word' id='word_1_4' title='bbox 715 654 809 717; x_wconf 88' lang='lat' dir='ltr'><strong>l-XI‚</strong></span> <span class='ocrx_word' id='word_1_5' title='bbox 829 656 852 709; x_wconf 95' lang='grc'>2.</span> <span class='ocrx_word' id='word_1_6' title='bbox 1196 663 1258 727; x_wconf 88' lang='grc'>113</span> 
     </span>
    </p>
   </div>
   <div class='ocr_carea' id='block_1_2' title="bbox 79 831 1297 3949">
    <p class='ocr_par' dir='ltr' id='par_1_2' title="bbox 79 831 1297 3113">
     <span class='ocr_line' id='line_1_2' title="bbox 164 831 1258 921; baseline 0.006 -26"><span class='ocrx_word' id='word_1_7' title='bbox 164 831 204 895; x_wconf 90' lang='lat' dir='ltr'>X.</span> <span class='ocrx_word' id='word_1_8' title='bbox 230 831 406 905; x_wconf 81' lang='lat' dir='ltr'>Abraham,</span> <span class='ocrx_word' id='word_1_9' title='bbox 432 834 551 899; x_wconf 88' lang='lat' dir='ltr'>amicus</span> <span class='ocrx_word' id='word_1_10' title='bbox 574 838 713 912; x_wconf 87' lang='lat' dir='ltr'>vocatus,</span> <span class='ocrx_word' id='word_1_11' title='bbox 738 834 839 898; x_wconf 87' lang='lat' dir='ltr'>fidelis</span> <span class='ocrx_word' id='word_1_12' title='bbox 862 835 1008 899; x_wconf 86' lang='lat' dir='ltr'>inventus</span> <span class='ocrx_word' id='word_1_13' title='bbox 1032 842 1088 909; x_wconf 91' lang='lat' dir='ltr'>est,</span> <span class='ocrx_word' id='word_1_14' title='bbox 1113 838 1258 921; x_wconf 91' lang='lat' dir='ltr'>eoquod</span> 
     </span>
     <span class='ocr_line' id='line_1_3' title="bbox 79 936 1255 1022; baseline 0.009 -26"><span class='ocrx_word' id='word_1_15' title='bbox 79 936 182 1001; x_wconf 89' lang='lat' dir='ltr'>verbis</span> <span class='ocrx_word' id='word_1_16' title='bbox 207 937 258 1000; x_wconf 91' lang='lat' dir='ltr'>dei</span> <span class='ocrx_word' id='word_1_17' title='bbox 280 937 519 1021; x_wconf 85' lang='lat' dir='ltr'>obtemperavit.</span> <span class='ocrx_word' id='word_1_18' title='bbox 566 942 595 1003; x_wconf 84' lang='lat'>2.</span> <span class='ocrx_word' id='word_1_19' title='bbox 622 939 683 1004; x_wconf 91' lang='lat' dir='ltr'>Hic</span> <span class='ocrx_word' id='word_1_20' title='bbox 705 961 762 1022; x_wconf 90' lang='lat' dir='ltr'>per</span> <span class='ocrx_word' id='word_1_21' title='bbox 788 940 1020 1004; x_wconf 76' lang='lat' dir='ltr'>oboedientiam</span> <span class='ocrx_word' id='word_1_22' title='bbox 1041 962 1058 1004; x_wconf 91' lang='lat' dir='ltr'>e</span> <span class='ocrx_word' id='word_1_23' title='bbox 1081 946 1166 1005; x_wconf 87' lang='lat' dir='ltr'>terra</span> <span class='ocrx_word' id='word_1_24' title='bbox 1189 965 1255 1017; x_wconf 88' lang='lat' dir='ltr'>sua,</span> 
     </span>
     <span class='ocr_line' id='line_1_4' title="bbox 81 1041 1258 1131; baseline 0.007 -28"><span class='ocrx_word' id='word_1_25' title='bbox 81 1041 311 1125; x_wconf 83' lang='lat' dir='ltr'>eeognatione</span> <span class='ocrx_word' id='word_1_26' title='bbox 342 1048 456 1106; x_wconf 87' lang='lat' dir='ltr'>suaet</span> <span class='ocrx_word' id='word_1_27' title='bbox 486 1044 578 1108; x_wconf 91' lang='lat' dir='ltr'>domo</span> <span class='ocrx_word' id='word_1_28' title='bbox 601 1043 702 1127; x_wconf 88' lang='lat' dir='ltr'>patris</span> <span class='ocrx_word' id='word_1_29' title='bbox 734 1044 782 1107; x_wconf 92' lang='lat' dir='ltr'>sui</span> <span class='ocrx_word' id='word_1_30' title='bbox 805 1064 950 1128; x_wconf 83' lang='lat' dir='ltr'>egressus</span> <span class='ocrx_word' id='word_1_31' title='bbox 984 1050 1050 1121; x_wconf 89' lang='lat' dir='ltr'>est,</span> <span class='ocrx_word' id='word_1_32' title='bbox 1084 1051 1121 1109; x_wconf 93' lang='lat' dir='ltr'>ut</span> <span class='ocrx_word' id='word_1_33' title='bbox 1143 1047 1258 1131; x_wconf 84' lang='lat' dir='ltr'>exigua</span> 
     </span>
     <span class='ocr_line' id='line_1_5' title="bbox 79 1146 1257 1233; baseline 0.007 -26"><span class='ocrx_word' id='word_1_34' title='bbox 79 1148 181 1221; x_wconf 89' lang='lat' dir='ltr'>terra,</span> <span class='ocrx_word' id='word_1_35' title='bbox 215 1146 404 1230; x_wconf 82' lang='lat' dir='ltr'>cognatione</span> <span class='ocrx_word' id='word_1_36' title='bbox 436 1147 533 1212; x_wconf 88' lang='lat' dir='ltr'>debili</span> <span class='ocrx_word' id='word_1_37' title='bbox 556 1151 587 1211; x_wconf 90' lang='lat' dir='ltr'>et</span> <span class='ocrx_word' id='word_1_38' title='bbox 610 1149 703 1213; x_wconf 92' lang='lat' dir='ltr'>domo</span> <span class='ocrx_word' id='word_1_39' title='bbox 735 1171 833 1233; x_wconf 85' lang='lat' dir='ltr'>parva</span> <span class='ocrx_word' id='word_1_40' title='bbox 856 1149 1004 1214; x_wconf 90' lang='lat' dir='ltr'>derelicta</span> <span class='ocrx_word' id='word_1_41' title='bbox 1034 1151 1257 1233; x_wconf 85' lang='lat' dir='ltr'>promissiones</span> 
     </span>
     <span class='ocr_line' id='line_1_6' title="bbox 80 1249 1283 1334; baseline 0.004 -22"><span class='ocrx_word' id='word_1_42' title='bbox 80 1249 126 1313; x_wconf 90' lang='lat' dir='ltr'>dei</span> <span class='ocrx_word' id='word_1_43' title='bbox 149 1250 336 1333; x_wconf 80' lang='lat' dir='ltr'>possideret.</span> <span class='ocrx_word' id='word_1_44' title='bbox 383 1251 472 1316; x_wconf 84' lang='lat' dir='ltr'>Dicit</span> <span class='ocrx_word' id='word_1_45' title='bbox 493 1252 578 1316; x_wconf 89' lang='lat' dir='ltr'>enim</span> <span class='ocrx_word' id='word_1_46' title='bbox 602 1253 647 1315; x_wconf 87' lang='lat' dir='ltr'>ei:</span> <span class='ocrx_word' id='word_1_47' title='bbox 672 1254 702 1317; x_wconf 87' lang='lat'>3.</span> <span class='ocrx_word' id='word_1_48' title='bbox 728 1256 795 1318; x_wconf 74' lang='lat' dir='ltr'>Eoi</span> <span class='ocrx_word' id='word_1_49' title='bbox 816 1255 966 1319; x_wconf 82' lang='lat' dir='ltr'>deterre</span> <span class='ocrx_word' id='word_1_50' title='bbox 989 1263 1048 1319; x_wconf 86' lang='lat' dir='ltr'>tun</span> <span class='ocrx_word' id='word_1_51' title='bbox 1072 1264 1105 1319; x_wconf 90' lang='lat' dir='ltr'>et</span> <span class='ocrx_word' id='word_1_52' title='bbox 1127 1257 1169 1319; x_wconf 83' lang='lat' dir='ltr'>de</span> <span class='ocrx_word' id='word_1_53' title='bbox 1183 1275 1283 1334; x_wconf 72' lang='lat' dir='ltr'>cop-r</span> 
     </span>
     <span class='ocr_line' id='line_1_7' title="bbox 79 1358 1258 1440; baseline 0.006 -24"><span class='ocrx_word' id='word_1_54' title='bbox 79 1359 214 1418; x_wconf 87' lang='lat' dir='ltr'>natione</span> <span class='ocrx_word' id='word_1_55' title='bbox 236 1363 295 1419; x_wconf 86' lang='lat' dir='ltr'>tun</span> <span class='ocrx_word' id='word_1_56' title='bbox 318 1363 351 1419; x_wconf 83' lang='lat' dir='ltr'>et</span> <span class='ocrx_word' id='word_1_57' title='bbox 373 1358 415 1419; x_wconf 87' lang='lat' dir='ltr'>de</span> <span class='ocrx_word' id='word_1_58' title='bbox 437 1358 532 1421; x_wconf 83' lang='lat' dir='ltr'>domo</span> <span class='ocrx_word' id='word_1_59' title='bbox 560 1363 674 1438; x_wconf 81' lang='lat' dir='ltr'>patris</span> <span class='ocrx_word' id='word_1_60' title='bbox 697 1364 746 1421; x_wconf 93' lang='lat' dir='ltr'>tui</span> <span class='ocrx_word' id='word_1_61' title='bbox 768 1366 801 1421; x_wconf 91' lang='lat' dir='ltr'>et</span> <span class='ocrx_word' id='word_1_62' title='bbox 822 1359 905 1422; x_wconf 84' lang='lat' dir='ltr'>unde</span> <span class='ocrx_word' id='word_1_63' title='bbox 927 1365 962 1422; x_wconf 84' lang='lat' dir='ltr'>in</span> <span class='ocrx_word' id='word_1_64' title='bbox 986 1369 1130 1438; x_wconf 87' lang='lat' dir='ltr'>terram,</span> <span class='ocrx_word' id='word_1_65' title='bbox 1161 1379 1258 1440; x_wconf 78' lang='lat' dir='ltr'>quom</span> 
     </span>
     <span class='ocr_line' id='line_1_8' title="bbox 80 1460 1258 1541; baseline 0.004 -20"><span class='ocrx_word' id='word_1_66' title='bbox 80 1460 137 1522; x_wconf 87' lang='lat' dir='ltr'>tibi</span> <span class='ocrx_word' id='word_1_67' title='bbox 159 1461 420 1539; x_wconf 82' lang='lat' dir='ltr'>demonstrabo;</span> <span class='ocrx_word' id='word_1_68' title='bbox 443 1470 475 1524; x_wconf 90' lang='lat' dir='ltr'>et</span> <span class='ocrx_word' id='word_1_69' title='bbox 494 1463 675 1540; x_wconf 79' lang='lat' dir='ltr'>faciamte</span> <span class='ocrx_word' id='word_1_70' title='bbox 695 1471 826 1541; x_wconf 70' lang='lat' dir='ltr'>pentem</span> <span class='ocrx_word' id='word_1_71' title='bbox 842 1481 996 1541; x_wconf 61' lang='lat' dir='ltr'>maenum</span> <span class='ocrx_word' id='word_1_72' title='bbox 1020 1471 1054 1526; x_wconf 88' lang='lat' dir='ltr'>et</span> <span class='ocrx_word' id='word_1_73' title='bbox 1069 1465 1258 1526; x_wconf 84' lang='lat' dir='ltr'>benedicam</span> 
     </span>
     <span class='ocr_line' id='line_1_9' title="bbox 82 1565 1257 1645; baseline 0.004 -19"><span class='ocrx_word' id='word_1_74' title='bbox 82 1565 139 1627; x_wconf 89' lang='lat' dir='ltr'>tibi</span> <span class='ocrx_word' id='word_1_75' title='bbox 163 1572 197 1626; x_wconf 88' lang='lat' dir='ltr'>et</span> <span class='ocrx_word' id='word_1_76' title='bbox 219 1567 437 1643; x_wconf 73' lang='lat' dir='ltr'>mupntficabo</span> <span class='ocrx_word' id='word_1_77' title='bbox 460 1585 578 1629; x_wconf 84' lang='lat' dir='ltr'>rromen</span> <span class='ocrx_word' id='word_1_78' title='bbox 602 1574 705 1645; x_wconf 88' lang='lat' dir='ltr'>tuum,</span> <span class='ocrx_word' id='word_1_79' title='bbox 728 1574 761 1630; x_wconf 85' lang='lat' dir='ltr'>et</span> <span class='ocrx_word' id='word_1_80' title='bbox 783 1571 853 1629; x_wconf 82' lang='lat' dir='ltr'>eris</span> <span class='ocrx_word' id='word_1_81' title='bbox 876 1569 1086 1645; x_wconf 82' lang='lat' dir='ltr'>benedictus;</span> <span class='ocrx_word' id='word_1_82' title='bbox 1108 1576 1141 1631; x_wconf 84' lang='lat' dir='ltr'>et</span> <span class='ocrx_word' id='word_1_83' title='bbox 1163 1568 1257 1631; x_wconf 87' lang='lat' dir='ltr'>bene·</span> 
     </span>
     <span class='ocr_line' id='line_1_10' title="bbox 82 1669 1258 1752; baseline 0.005 -23"><span class='ocrx_word' id='word_1_84' title='bbox 82 1669 186 1731; x_wconf 83' lang='lat' dir='ltr'>diram</span> <span class='ocrx_word' id='word_1_85' title='bbox 220 1669 488 1733; x_wconf 70' lang='lat' dir='ltr'>benedicentibus</span> <span class='ocrx_word' id='word_1_86' title='bbox 518 1672 578 1734; x_wconf 86' lang='lat' dir='ltr'>tibi</span> <span class='ocrx_word' id='word_1_87' title='bbox 602 1680 634 1735; x_wconf 84' lang='lat' dir='ltr'>et</span> <span class='ocrx_word' id='word_1_88' title='bbox 662 1672 859 1734; x_wconf 84' lang='lat' dir='ltr'>maledicum</span> <span class='ocrx_word' id='word_1_89' title='bbox 889 1674 1164 1735; x_wconf 80' lang='lat' dir='ltr'>maledicentibus</span> <span class='ocrx_word' id='word_1_90' title='bbox 1187 1673 1258 1752; x_wconf 87' lang='lat' dir='ltr'>tibi,</span> 
     </span>
     <span class='ocr_line' id='line_1_11' title="bbox 81 1774 1297 1851; baseline 0.004 -17"><span class='ocrx_word' id='word_1_91' title='bbox 81 1780 111 1834; x_wconf 90' lang='lat' dir='ltr'>et</span> <span class='ocrx_word' id='word_1_92' title='bbox 133 1774 371 1836; x_wconf 83' lang='lat' dir='ltr'>benedicentur</span> <span class='ocrx_word' id='word_1_93' title='bbox 393 1780 427 1837; x_wconf 90' lang='lat' dir='ltr'>in</span> <span class='ocrx_word' id='word_1_94' title='bbox 452 1784 485 1838; x_wconf 87' lang='lat' dir='ltr'>te</span> <span class='ocrx_word' id='word_1_95' title='bbox 500 1795 614 1839; x_wconf 85' lang='lat' dir='ltr'>omnes</span> <span class='ocrx_word' id='word_1_96' title='bbox 638 1777 745 1839; x_wconf 84' lang='lat' dir='ltr'>tribus</span> <span class='ocrx_word' id='word_1_97' title='bbox 761 1783 882 1839; x_wconf 83' lang='lat' dir='ltr'>terroe.</span> <span class='ocrx_word' id='word_1_98' title='bbox 928 1776 957 1838; x_wconf 77' lang='lat'>4.</span> <span class='ocrx_word' id='word_1_99' title='bbox 982 1776 1026 1838; x_wconf 81' lang='lat' dir='ltr'>Et</span> <span class='ocrx_word' id='word_1_100' title='bbox 1044 1798 1161 1851; x_wconf 88' lang='lat' dir='ltr'>rursus,</span> <span class='ocrx_word' id='word_1_101' title='bbox 1187 1795 1297 1840; x_wconf 88' lang='lat' dir='ltr'>cum10</span> 
     </span>
     <span class='ocr_line' id='line_1_12' title="bbox 82 1876 1258 1961; baseline 0.005 -22"><span class='ocrx_word' id='word_1_102' title='bbox 82 1876 178 1940; x_wconf 83' lang='lat' dir='ltr'>ahot</span> <span class='ocrx_word' id='word_1_103' title='bbox 203 1877 380 1952; x_wconf 87' lang='lat' dir='ltr'>secederet,</span> <span class='ocrx_word' id='word_1_104' title='bbox 414 1879 493 1942; x_wconf 83' lang='lat' dir='ltr'>dixit</span> <span class='ocrx_word' id='word_1_105' title='bbox 515 1880 543 1943; x_wconf 91' lang='lat' dir='ltr'>ei</span> <span class='ocrx_word' id='word_1_106' title='bbox 567 1880 660 1942; x_wconf 88' lang='lat' dir='ltr'>deus:</span> <span class='ocrx_word' id='word_1_107' title='bbox 694 1884 833 1961; x_wconf 75' lang='lat' dir='ltr'>Respice</span> <span class='ocrx_word' id='word_1_108' title='bbox 858 1882 964 1942; x_wconf 84' lang='lat' dir='ltr'>oculis</span> <span class='ocrx_word' id='word_1_109' title='bbox 995 1886 1063 1943; x_wconf 81' lang='lat' dir='ltr'>tuis</span> <span class='ocrx_word' id='word_1_110' title='bbox 1086 1889 1119 1943; x_wconf 90' lang='lat' dir='ltr'>et</span> <span class='ocrx_word' id='word_1_111' title='bbox 1142 1883 1215 1945; x_wconf 83' lang='lat' dir='ltr'>aide</span> <span class='ocrx_word' id='word_1_112' title='bbox 1237 1903 1258 1945; x_wconf 91' lang='lat' dir='ltr'>a</span> 
     </span>
     <span class='ocr_line' id='line_1_13' title="bbox 83 1983 1257 2064; baseline 0.005 -21"><span class='ocrx_word' id='word_1_113' title='bbox 83 1983 162 2061; x_wconf 85' lang='lat' dir='ltr'>loco,</span> <span class='ocrx_word' id='word_1_114' title='bbox 186 1987 223 2045; x_wconf 85' lang='lat' dir='ltr'>ia</span> <span class='ocrx_word' id='word_1_115' title='bbox 246 2001 308 2061; x_wconf 78' lang='lat' dir='ltr'>prio</span> <span class='ocrx_word' id='word_1_116' title='bbox 325 2002 411 2045; x_wconf 92' lang='lat' dir='ltr'>nunc</span> <span class='ocrx_word' id='word_1_117' title='bbox 433 1992 468 2046; x_wconf 93' lang='lat' dir='ltr'>tu</span> <span class='ocrx_word' id='word_1_118' title='bbox 492 2003 538 2061; x_wconf 81' lang='lat' dir='ltr'>es,</span> <span class='ocrx_word' id='word_1_119' title='bbox 555 1986 601 2047; x_wconf 85' lang='lat' dir='ltr'>ad</span> <span class='ocrx_word' id='word_1_120' title='bbox 619 1988 807 2064; x_wconf 78' lang='lat' dir='ltr'>aquilonem</span> <span class='ocrx_word' id='word_1_121' title='bbox 830 1992 863 2048; x_wconf 89' lang='lat' dir='ltr'>et</span> <span class='ocrx_word' id='word_1_122' title='bbox 878 1985 1024 2062; x_wconf 79' lang='lat' dir='ltr'>africum</span> <span class='ocrx_word' id='word_1_123' title='bbox 1049 1994 1081 2048; x_wconf 87' lang='lat' dir='ltr'>et</span> <span class='ocrx_word' id='word_1_124' title='bbox 1097 1991 1257 2049; x_wconf 78' lang='lat' dir='ltr'>orientem</span> 
     </span>
     <span class='ocr_line' id='line_1_14' title="bbox 83 2091 1257 2169; baseline 0.003 -21"><span class='ocrx_word' id='word_1_125' title='bbox 83 2095 112 2148; x_wconf 88' lang='lat' dir='ltr'>et</span> <span class='ocrx_word' id='word_1_126' title='bbox 133 2105 241 2164; x_wconf 85' lang='lat' dir='ltr'>mare,</span> <span class='ocrx_word' id='word_1_127' title='bbox 265 2093 342 2166; x_wconf 82' lang='lat' dir='ltr'>quia</span> <span class='ocrx_word' id='word_1_128' title='bbox 366 2106 492 2150; x_wconf 87' lang='lat' dir='ltr'>omnem</span> <span class='ocrx_word' id='word_1_129' title='bbox 517 2097 664 2167; x_wconf 86' lang='lat' dir='ltr'>terrum,</span> <span class='ocrx_word' id='word_1_130' title='bbox 687 2108 784 2168; x_wconf 79' lang='lat' dir='ltr'>quum</span> <span class='ocrx_word' id='word_1_131' title='bbox 808 2098 842 2152; x_wconf 84' lang='lat' dir='ltr'>tu</span> <span class='ocrx_word' id='word_1_132' title='bbox 866 2091 968 2169; x_wconf 80' lang='lat' dir='ltr'>eides,</span> <span class='ocrx_word' id='word_1_133' title='bbox 992 2091 1053 2152; x_wconf 85' lang='lat' dir='ltr'>tibi</span> <span class='ocrx_word' id='word_1_134' title='bbox 1076 2091 1160 2152; x_wconf 83' lang='lat' dir='ltr'>dubo</span> <span class='ocrx_word' id='word_1_135' title='bbox 1185 2109 1257 2153; x_wconf 92' lang='lat' dir='ltr'>eam</span> 
     </span>
     <span class='ocr_line' id='line_1_15' title="bbox 82 2194 1256 2272; baseline 0.003 -19"><span class='ocrx_word' id='word_1_136' title='bbox 82 2199 111 2253; x_wconf 87' lang='lat' dir='ltr'>et</span> <span class='ocrx_word' id='word_1_137' title='bbox 131 2196 256 2254; x_wconf 81' lang='lat' dir='ltr'>semini</span> <span class='ocrx_word' id='word_1_138' title='bbox 279 2199 335 2254; x_wconf 91' lang='lat' dir='ltr'>tuo</span> <span class='ocrx_word' id='word_1_139' title='bbox 358 2211 461 2272; x_wconf 84' lang='lat' dir='ltr'>usque</span> <span class='ocrx_word' id='word_1_140' title='bbox 483 2197 518 2254; x_wconf 90' lang='lat' dir='ltr'>in</span> <span class='ocrx_word' id='word_1_141' title='bbox 542 2195 721 2255; x_wconf 84' lang='lat' dir='ltr'>saeculnm.</span> <span class='ocrx_word' id='word_1_142' title='bbox 768 2196 796 2255; x_wconf 82' lang='lat'>5.</span> <span class='ocrx_word' id='word_1_143' title='bbox 821 2194 864 2256; x_wconf 81' lang='lat' dir='ltr'>itt</span> <span class='ocrx_word' id='word_1_144' title='bbox 883 2195 1012 2271; x_wconf 79' lang='lat' dir='ltr'>faciam</span> <span class='ocrx_word' id='word_1_145' title='bbox 1028 2213 1142 2257; x_wconf 82' lang='lat' dir='ltr'>remen</span> <span class='ocrx_word' id='word_1_146' title='bbox 1166 2202 1256 2257; x_wconf 85' lang='lat' dir='ltr'>tuum</span> 
     </span>
     <span class='ocr_line' id='line_1_16' title="bbox 81 2298 1296 2378; baseline 0.002 -20"><span class='ocrx_word' id='word_1_147' title='bbox 81 2301 163 2359; x_wconf 73' lang='lat' dir='ltr'>nnat</span> <span class='ocrx_word' id='word_1_148' title='bbox 186 2315 326 2359; x_wconf 79' lang='lat' dir='ltr'>arenam</span> <span class='ocrx_word' id='word_1_149' title='bbox 359 2306 489 2376; x_wconf 89' lang='lat' dir='ltr'>terrae;</span> <span class='ocrx_word' id='word_1_150' title='bbox 520 2302 699 2378; x_wconf 75' lang='lat' dir='ltr'>ripatorii</span> <span class='ocrx_word' id='word_1_151' title='bbox 720 2298 844 2375; x_wconf 84' lang='lat' dir='ltr'>aliquis</span> <span class='ocrx_word' id='word_1_152' title='bbox 875 2298 1089 2362; x_wconf 81' lang='lat' dir='ltr'>dinurnerure</span> <span class='ocrx_word' id='word_1_153' title='bbox 1119 2316 1296 2361; x_wconf 69' lang='lat' dir='ltr'>arenarum</span> 
     </span>
     <span class='ocr_line' id='line_1_17' title="bbox 82 2401 1257 2480; baseline 0.002 -18"><span class='ocrx_word' id='word_1_154' title='bbox 82 2409 212 2480; x_wconf 84' lang='lat' dir='ltr'>terrae,</span> <span class='ocrx_word' id='word_1_155' title='bbox 242 2409 276 2464; x_wconf 85' lang='lat' dir='ltr'>et</span> <span class='ocrx_word' id='word_1_156' title='bbox 304 2420 416 2465; x_wconf 84' lang='lat' dir='ltr'>semen</span> <span class='ocrx_word' id='word_1_157' title='bbox 449 2410 539 2465; x_wconf 88' lang='lat' dir='ltr'>tunm</span> <span class='ocrx_word' id='word_1_158' title='bbox 569 2403 845 2465; x_wconf 81' lang='lat' dir='ltr'>dinumerabitur.</span> <span class='ocrx_word' id='word_1_159' title='bbox 892 2402 921 2464; x_wconf 88' lang='lat'>6.</span> <span class='ocrx_word' id='word_1_160' title='bbox 953 2402 996 2464; x_wconf 82' lang='lat' dir='ltr'>Et</span> <span class='ocrx_word' id='word_1_161' title='bbox 1029 2423 1137 2465; x_wconf 88' lang='lat' dir='ltr'>rursus</span> <span class='ocrx_word' id='word_1_162' title='bbox 1168 2401 1257 2465; x_wconf 86' lang='lat' dir='ltr'>dicit:</span> 
     </span>
     <span class='ocr_line' id='line_1_18' title="bbox 83 2507 1257 2588; baseline 0.001 -21"><span class='ocrx_word' id='word_1_163' title='bbox 83 2507 205 2568; x_wconf 76' lang='lat' dir='ltr'>Eduoit</span> <span class='ocrx_word' id='word_1_164' title='bbox 234 2508 503 2571; x_wconf 68' lang='lat' dir='ltr'>amianarum</span> <span class='ocrx_word' id='word_1_165' title='bbox 532 2509 634 2585; x_wconf 82' lang='lat' dir='ltr'>sorar</span> <span class='ocrx_word' id='word_1_166' title='bbox 658 2517 690 2571; x_wconf 91' lang='lat' dir='ltr'>et</span> <span class='ocrx_word' id='word_1_167' title='bbox 711 2508 800 2570; x_wconf 81' lang='lat' dir='ltr'>diait</span> <span class='ocrx_word' id='word_1_168' title='bbox 823 2512 871 2569; x_wconf 83' lang='lat' dir='ltr'>ei:</span> <span class='ocrx_word' id='word_1_169' title='bbox 904 2509 1044 2588; x_wconf 84' lang='lat' dir='ltr'>Respice</span> <span class='ocrx_word' id='word_1_170' title='bbox 1066 2512 1101 2569; x_wconf 87' lang='lat' dir='ltr'>in</span> <span class='ocrx_word' id='word_1_171' title='bbox 1130 2508 1257 2569; x_wconf 86' lang='lat' dir='ltr'>coelum</span> 
     </span>
     <span class='ocr_line' id='line_1_19' title="bbox 82 2614 1258 2693; baseline 0.003 -21"><span class='ocrx_word' id='word_1_172' title='bbox 82 2620 111 2672; x_wconf 87' lang='lat' dir='ltr'>et</span> <span class='ocrx_word' id='word_1_173' title='bbox 133 2631 276 2675; x_wconf 78' lang='lat' dir='ltr'>cremera</span> <span class='ocrx_word' id='word_1_174' title='bbox 298 2614 434 2690; x_wconf 83' lang='lat' dir='ltr'>stellas,</span> <span class='ocrx_word' id='word_1_175' title='bbox 467 2617 498 2674; x_wconf 81' lang='lat' dir='ltr'>si</span> <span class='ocrx_word' id='word_1_176' title='bbox 516 2620 613 2693; x_wconf 81' lang='lat' dir='ltr'>potes</span> <span class='ocrx_word' id='word_1_177' title='bbox 636 2616 849 2677; x_wconf 86' lang='lat' dir='ltr'>dinumerare</span> <span class='ocrx_word' id='word_1_178' title='bbox 872 2632 951 2691; x_wconf 78' lang='lat' dir='ltr'>eas:</span> <span class='ocrx_word' id='word_1_179' title='bbox 985 2618 1035 2676; x_wconf 83' lang='lat' dir='ltr'>aie</span> <span class='ocrx_word' id='word_1_180' title='bbox 1060 2618 1126 2676; x_wconf 81' lang='lat' dir='ltr'>erit</span> <span class='ocrx_word' id='word_1_181' title='bbox 1146 2631 1258 2676; x_wconf 76' lang='lat' dir='ltr'>omnen</span> 
     </span>
     <span class='ocr_line' id='line_1_20' title="bbox 82 2717 1261 2798; baseline 0.003 -21"><span class='ocrx_word' id='word_1_182' title='bbox 82 2723 178 2779; x_wconf 78' lang='lat' dir='ltr'>nerim.</span> <span class='ocrx_word' id='word_1_183' title='bbox 226 2718 270 2779; x_wconf 79' lang='lat' dir='ltr'>Et</span> <span class='ocrx_word' id='word_1_184' title='bbox 301 2717 444 2779; x_wconf 84' lang='lat' dir='ltr'>eredidit</span> <span class='ocrx_word' id='word_1_185' title='bbox 473 2717 639 2780; x_wconf 76' lang='lat' dir='ltr'>Abrabam</span> <span class='ocrx_word' id='word_1_186' title='bbox 674 2719 754 2796; x_wconf 80' lang='lat' dir='ltr'>deo,</span> <span class='ocrx_word' id='word_1_187' title='bbox 789 2725 822 2780; x_wconf 84' lang='lat' dir='ltr'>et</span> <span class='ocrx_word' id='word_1_188' title='bbox 854 2719 1046 2798; x_wconf 67' lang='lat' dir='ltr'>deputatum</span> <span class='ocrx_word' id='word_1_189' title='bbox 1080 2727 1131 2781; x_wconf 84' lang='lat' dir='ltr'>eat</span> <span class='ocrx_word' id='word_1_190' title='bbox 1161 2720 1261 2781; x_wconf 86' lang='lat' dir='ltr'>eiad</span> 
     </span>
     <span class='ocr_line' id='line_1_21' title="bbox 82 2819 1297 2904; baseline 0 -23"><span class='ocrx_word' id='word_1_191' title='bbox 82 2824 253 2884; x_wconf 74' lang='lat' dir='ltr'>tristitiam.</span> <span class='ocrx_word' id='word_1_192' title='bbox 300 2821 329 2882; x_wconf 88' lang='lat'>7.</span> <span class='ocrx_word' id='word_1_193' title='bbox 354 2819 489 2901; x_wconf 88' lang='lat' dir='ltr'>Propter</span> <span class='ocrx_word' id='word_1_194' title='bbox 503 2819 597 2883; x_wconf 92' lang='lat' dir='ltr'>fidem</span> <span class='ocrx_word' id='word_1_195' title='bbox 620 2825 653 2883; x_wconf 93' lang='lat' dir='ltr'>et</span> <span class='ocrx_word' id='word_1_196' title='bbox 667 2820 919 2904; x_wconf 82' lang='lat' dir='ltr'>hospitalitatem</span> <span class='ocrx_word' id='word_1_197' title='bbox 943 2822 1035 2886; x_wconf 87' lang='lat' dir='ltr'>datus</span> <span class='ocrx_word' id='word_1_198' title='bbox 1053 2827 1102 2887; x_wconf 89' lang='lat' dir='ltr'>est</span> <span class='ocrx_word' id='word_1_199' title='bbox 1125 2822 1153 2886; x_wconf 89' lang='lat' dir='ltr'>ei</span> <span class='ocrx_word' id='word_1_200' title='bbox 1172 2823 1257 2886; x_wconf 90' lang='lat' dir='ltr'>filius</span> <span class='ocrx_word' id='word_1_201' title='bbox 1272 2844 1297 2882; x_wconf 80' lang='lat' dir='ltr'>so</span> 
     </span>
     <span class='ocr_line' id='line_1_22' title="bbox 82 2924 1258 3009; baseline 0.003 -22"><span class='ocrx_word' id='word_1_202' title='bbox 82 2924 109 2988; x_wconf 91' lang='lat' dir='ltr'>in</span> <span class='ocrx_word' id='word_1_203' title='bbox 131 2929 303 3007; x_wconf 84' lang='lat' dir='ltr'>senectute,</span> <span class='ocrx_word' id='word_1_204' title='bbox 329 2929 360 2988; x_wconf 88' lang='lat' dir='ltr'>et</span> <span class='ocrx_word' id='word_1_205' title='bbox 376 2946 434 3009; x_wconf 88' lang='lat' dir='ltr'>per</span> <span class='ocrx_word' id='word_1_206' title='bbox 455 2925 689 2988; x_wconf 89' lang='lat' dir='ltr'>oboedientiam</span> <span class='ocrx_word' id='word_1_207' title='bbox 704 2925 821 2989; x_wconf 87' lang='lat' dir='ltr'>obtulit</span> <span class='ocrx_word' id='word_1_208' title='bbox 846 2946 917 2988; x_wconf 89' lang='lat' dir='ltr'>eum</span> <span class='ocrx_word' id='word_1_209' title='bbox 939 2926 971 2989; x_wconf 91' lang='lat' dir='ltr'>in</span> <span class='ocrx_word' id='word_1_210' title='bbox 995 2927 1185 2991; x_wconf 89' lang='lat' dir='ltr'>sacrificium</span> <span class='ocrx_word' id='word_1_211' title='bbox 1200 2929 1258 2991; x_wconf 88' lang='lat' dir='ltr'>deo</span> 
     </span>
     <span class='ocr_line' id='line_1_23' title="bbox 81 3028 754 3113; baseline -0.001 -21"><span class='ocrx_word' id='word_1_212' title='bbox 81 3029 196 3094; x_wconf 90' lang='lat' dir='ltr'>inuno</span> <span class='ocrx_word' id='word_1_213' title='bbox 219 3030 384 3104; x_wconf 91' lang='lat' dir='ltr'>montium,</span> <span class='ocrx_word' id='word_1_214' title='bbox 408 3050 487 3113; x_wconf 92' lang='lat' dir='ltr'>quos</span> <span class='ocrx_word' id='word_1_215' title='bbox 512 3030 540 3092; x_wconf 91' lang='lat' dir='ltr'>ei</span> <span class='ocrx_word' id='word_1_216' title='bbox 565 3028 754 3092; x_wconf 84' lang='lat' dir='ltr'>ostenderat.</span> 
     </span>
    </p>

    <p class='ocr_par' dir='ltr' id='par_1_3' title="bbox 79 3133 1297 3949">
     <span class='ocr_line' id='line_1_24' title="bbox 164 3133 1257 3217; baseline -0.001 -19"><span class='ocrx_word' id='word_1_217' title='bbox 164 3134 221 3198; x_wconf 84' lang='lat' dir='ltr'>XI.</span> <span class='ocrx_word' id='word_1_218' title='bbox 247 3134 382 3217; x_wconf 90' lang='lat' dir='ltr'>Propter</span> <span class='ocrx_word' id='word_1_219' title='bbox 404 3133 656 3217; x_wconf 88' lang='lat' dir='ltr'>hospitalitatem</span> <span class='ocrx_word' id='word_1_220' title='bbox 677 3137 709 3196; x_wconf 90' lang='lat' dir='ltr'>et</span> <span class='ocrx_word' id='word_1_221' title='bbox 731 3133 882 3215; x_wconf 89' lang='lat' dir='ltr'>pietatem</span> <span class='ocrx_word' id='word_1_222' title='bbox 905 3133 964 3197; x_wconf 84' lang='lat' dir='ltr'>Lot</span> <span class='ocrx_word' id='word_1_223' title='bbox 987 3155 1004 3198; x_wconf 92' lang='lat' dir='ltr'>e</span> <span class='ocrx_word' id='word_1_224' title='bbox 1028 3133 1166 3200; x_wconf 86' lang='lat' dir='ltr'>Sodoma</span> <span class='ocrx_word' id='word_1_225' title='bbox 1193 3134 1257 3198; x_wconf 89' lang='lat' dir='ltr'>sal·</span> 
     </span>
     <span class='ocr_line' id='line_1_25' title="bbox 81 3237 1257 3322; baseline -0.001 -20"><span class='ocrx_word' id='word_1_226' title='bbox 81 3261 134 3303; x_wconf 80' lang='lat' dir='ltr'>rus</span> <span class='ocrx_word' id='word_1_227' title='bbox 157 3239 275 3315; x_wconf 86' lang='lat' dir='ltr'>evasit,</span> <span class='ocrx_word' id='word_1_228' title='bbox 306 3260 377 3303; x_wconf 81' lang='lat' dir='ltr'>erun</span> <span class='ocrx_word' id='word_1_229' title='bbox 399 3243 468 3302; x_wconf 86' lang='lat' dir='ltr'>tota</span> <span class='ocrx_word' id='word_1_230' title='bbox 497 3237 585 3321; x_wconf 79' lang='lat' dir='ltr'>regio</span> <span class='ocrx_word' id='word_1_231' title='bbox 608 3237 642 3300; x_wconf 90' lang='lat' dir='ltr'>in</span> <span class='ocrx_word' id='word_1_232' title='bbox 676 3237 807 3301; x_wconf 89' lang='lat' dir='ltr'>circuitu</span> <span class='ocrx_word' id='word_1_233' title='bbox 837 3238 910 3320; x_wconf 84' lang='lat' dir='ltr'>igne</span> <span class='ocrx_word' id='word_1_234' title='bbox 934 3242 965 3302; x_wconf 90' lang='lat' dir='ltr'>et</span> <span class='ocrx_word' id='word_1_235' title='bbox 989 3238 1141 3322; x_wconf 89' lang='lat' dir='ltr'>sulphure</span> <span class='ocrx_word' id='word_1_236' title='bbox 1164 3239 1257 3321; x_wconf 91' lang='lat' dir='ltr'>puni·</span> 
     </span>
     <span class='ocr_line' id='line_1_26' title="bbox 80 3341 1297 3426; baseline -0.002 -22"><span class='ocrx_word' id='word_1_237' title='bbox 80 3348 182 3412; x_wconf 80' lang='lat' dir='ltr'>retur:</span> <span class='ocrx_word' id='word_1_238' title='bbox 207 3344 335 3407; x_wconf 89' lang='lat' dir='ltr'>domino</span> <span class='ocrx_word' id='word_1_239' title='bbox 358 3343 465 3426; x_wconf 90' lang='lat' dir='ltr'>palam</span> <span class='ocrx_word' id='word_1_240' title='bbox 488 3342 633 3417; x_wconf 88' lang='lat' dir='ltr'>faciente,</span> <span class='ocrx_word' id='word_1_241' title='bbox 659 3363 778 3405; x_wconf 88' lang='lat' dir='ltr'>senon</span> <span class='ocrx_word' id='word_1_242' title='bbox 801 3341 1015 3426; x_wconf 87' lang='lat' dir='ltr'>derelinquere</span> <span class='ocrx_word' id='word_1_243' title='bbox 1039 3347 1202 3426; x_wconf 87' lang='lat' dir='ltr'>sperantes</span> <span class='ocrx_word' id='word_1_244' title='bbox 1225 3343 1257 3408; x_wconf 92' lang='lat' dir='ltr'>in</span> <span class='ocrx_word' id='word_1_245' title='bbox 1272 3365 1297 3403; x_wconf 80' lang='lat' dir='ltr'>aa</span> 
     </span>
     <span class='ocr_line' id='line_1_27' title="bbox 80 3447 1257 3532; baseline 0.003 -23"><span class='ocrx_word' id='word_1_246' title='bbox 80 3447 190 3529; x_wconf 87' lang='lat' dir='ltr'>ipsum,</span> <span class='ocrx_word' id='word_1_247' title='bbox 216 3452 326 3511; x_wconf 88' lang='lat' dir='ltr'>contra</span> <span class='ocrx_word' id='word_1_248' title='bbox 348 3468 421 3510; x_wconf 82' lang='lat' dir='ltr'>vero</span> <span class='ocrx_word' id='word_1_249' title='bbox 437 3468 500 3523; x_wconf 91' lang='lat' dir='ltr'>eos,</span> <span class='ocrx_word' id='word_1_250' title='bbox 526 3447 579 3530; x_wconf 91' lang='lat' dir='ltr'>qui</span> <span class='ocrx_word' id='word_1_251' title='bbox 604 3447 796 3511; x_wconf 86' lang='lat' dir='ltr'>amandatis</span> <span class='ocrx_word' id='word_1_252' title='bbox 819 3447 885 3511; x_wconf 89' lang='lat' dir='ltr'>eius</span> <span class='ocrx_word' id='word_1_253' title='bbox 902 3447 1107 3525; x_wconf 84' lang='lat' dir='ltr'>declinarent,</span> <span class='ocrx_word' id='word_1_254' title='bbox 1134 3449 1257 3532; x_wconf 90' lang='lat' dir='ltr'>suppli·</span> 
     </span>
     <span class='ocr_line' id='line_1_28' title="bbox 80 3549 1258 3637; baseline 0.002 -23"><span class='ocrx_word' id='word_1_255' title='bbox 80 3552 133 3615; x_wconf 86' lang='lat' dir='ltr'>ciis</span> <span class='ocrx_word' id='word_1_256' title='bbox 157 3558 190 3616; x_wconf 92' lang='lat' dir='ltr'>et</span> <span class='ocrx_word' id='word_1_257' title='bbox 213 3551 378 3616; x_wconf 88' lang='lat' dir='ltr'>tormentis</span> <span class='ocrx_word' id='word_1_258' title='bbox 401 3553 520 3635; x_wconf 88' lang='lat' dir='ltr'>punire.</span> <span class='ocrx_word' id='word_1_259' title='bbox 568 3552 597 3614; x_wconf 83' lang='lat'>2.</span> <span class='ocrx_word' id='word_1_260' title='bbox 623 3549 712 3616; x_wconf 87' lang='lat' dir='ltr'>Uxor</span> <span class='ocrx_word' id='word_1_261' title='bbox 734 3551 818 3616; x_wconf 86' lang='lat' dir='ltr'>enim</span> <span class='ocrx_word' id='word_1_262' title='bbox 841 3552 917 3628; x_wconf 90' lang='lat' dir='ltr'>eius,</span> <span class='ocrx_word' id='word_1_263' title='bbox 944 3574 1023 3637; x_wconf 90' lang='lat' dir='ltr'>quae</span> <span class='ocrx_word' id='word_1_264' title='bbox 1048 3574 1111 3616; x_wconf 89' lang='lat' dir='ltr'>una</span> <span class='ocrx_word' id='word_1_265' title='bbox 1134 3575 1206 3616; x_wconf 87' lang='lat' dir='ltr'>curn</span> <span class='ocrx_word' id='word_1_266' title='bbox 1222 3574 1258 3616; x_wconf 87' lang='lat' dir='ltr'>eo</span> 
     </span>
     <span class='ocr_line' id='line_1_29' title="bbox 80 3655 1256 3741; baseline 0.002 -23"><span class='ocrx_word' id='word_1_267' title='bbox 80 3677 206 3741; x_wconf 79' lang='lat' dir='ltr'>egressa</span> <span class='ocrx_word' id='word_1_268' title='bbox 230 3661 288 3733; x_wconf 90' lang='lat' dir='ltr'>est,</span> <span class='ocrx_word' id='word_1_269' title='bbox 313 3679 384 3721; x_wconf 86' lang='lat' dir='ltr'>eum</span> <span class='ocrx_word' id='word_1_270' title='bbox 407 3658 447 3720; x_wconf 88' lang='lat' dir='ltr'>ab</span> <span class='ocrx_word' id='word_1_271' title='bbox 471 3677 507 3719; x_wconf 93' lang='lat' dir='ltr'>eo</span> <span class='ocrx_word' id='word_1_272' title='bbox 531 3655 712 3720; x_wconf 87' lang='lat' dir='ltr'>dissentiret</span> <span class='ocrx_word' id='word_1_273' title='bbox 734 3678 791 3721; x_wconf 91' lang='lat' dir='ltr'>nec</span> <span class='ocrx_word' id='word_1_274' title='bbox 813 3657 847 3720; x_wconf 90' lang='lat' dir='ltr'>in</span> <span class='ocrx_word' id='word_1_275' title='bbox 871 3657 1040 3721; x_wconf 88' lang='lat' dir='ltr'>concordia</span> <span class='ocrx_word' id='word_1_276' title='bbox 1063 3657 1256 3741; x_wconf 87' lang='lat' dir='ltr'>persisteret,</span> 
     </span>
     <span class='ocr_line' id='line_1_30' title="bbox 79 3760 1259 3845; baseline 0 -21"><span class='ocrx_word' id='word_1_277' title='bbox 79 3761 261 3845; x_wconf 80' lang='lat' dir='ltr'>insignum</span> <span class='ocrx_word' id='word_1_278' title='bbox 283 3767 452 3844; x_wconf 91' lang='lat' dir='ltr'>propterea</span> <span class='ocrx_word' id='word_1_279' title='bbox 473 3761 579 3845; x_wconf 88' lang='lat' dir='ltr'>posita</span> <span class='ocrx_word' id='word_1_280' title='bbox 601 3764 633 3824; x_wconf 90' lang='lat' dir='ltr'>et</span> <span class='ocrx_word' id='word_1_281' title='bbox 656 3760 730 3824; x_wconf 90' lang='lat' dir='ltr'>salis</span> <span class='ocrx_word' id='word_1_282' title='bbox 754 3765 861 3824; x_wconf 89' lang='lat' dir='ltr'>statua</span> <span class='ocrx_word' id='word_1_283' title='bbox 889 3782 989 3843; x_wconf 88' lang='lat' dir='ltr'>usque</span> <span class='ocrx_word' id='word_1_284' title='bbox 1013 3761 1047 3825; x_wconf 92' lang='lat' dir='ltr'>in</span> <span class='ocrx_word' id='word_1_285' title='bbox 1071 3760 1259 3824; x_wconf 89' lang='lat' dir='ltr'>hodiernum</span> 
     </span>
     <span class='ocr_line' id='line_1_31' title="bbox 80 3864 1297 3949; baseline -0.006 -20"><span class='ocrx_word' id='word_1_286' title='bbox 80 3865 160 3929; x_wconf 87' lang='lat' dir='ltr'>diem</span> <span class='ocrx_word' id='word_1_287' title='bbox 184 3865 271 3929; x_wconf 87' lang='lat' dir='ltr'>facta</span> <span class='ocrx_word' id='word_1_288' title='bbox 294 3870 357 3940; x_wconf 85' lang='lat' dir='ltr'>cst,</span> <span class='ocrx_word' id='word_1_289' title='bbox 388 3870 424 3928; x_wconf 90' lang='lat' dir='ltr'>ut</span> <span class='ocrx_word' id='word_1_290' title='bbox 447 3865 592 3929; x_wconf 90' lang='lat' dir='ltr'>omnibus</span> <span class='ocrx_word' id='word_1_291' title='bbox 614 3865 838 3937; x_wconf 86' lang='lat' dir='ltr'>innotesceret,</span> <span class='ocrx_word' id='word_1_292' title='bbox 870 3866 973 3930; x_wconf 91' lang='lat' dir='ltr'>animo</span> <span class='ocrx_word' id='word_1_293' title='bbox 999 3865 1142 3949; x_wconf 85' lang='lat' dir='ltr'>duplices</span> <span class='ocrx_word' id='word_1_294' title='bbox 1166 3868 1198 3928; x_wconf 90' lang='lat' dir='ltr'>et</span> <span class='ocrx_word' id='word_1_295' title='bbox 1221 3864 1257 3927; x_wconf 89' lang='lat' dir='ltr'>de</span> <span class='ocrx_word' id='word_1_296' title='bbox 1272 3885 1297 3922; x_wconf 83' lang='lat' dir='ltr'>so</span> 
     </span>
    </p>
   </div>
   <div class='ocr_carea' id='block_1_3' title="bbox 31 3981 1259 4221">
    <p class='ocr_par' dir='ltr' id='par_1_4' title="bbox 31 3981 1259 4221">
     <span class='ocr_line' id='line_1_32' title="bbox 31 3981 1259 4050; baseline -0.001 -13"><span class='ocrx_word' id='word_1_297' title='bbox 31 4045 32 4048; x_wconf 8' lang='grc' dir='ltr'><strong>Ἴ</strong></span> <span class='ocrx_word' id='word_1_298' title='bbox 149 3984 235 4038; x_wconf 90' lang='lat' dir='ltr'>lIes.</span> <span class='ocrx_word' id='word_1_299' title='bbox 254 3984 295 4044; x_wconf 80' lang='lat'>41,</span> <span class='ocrx_word' id='word_1_300' title='bbox 314 3982 344 4045; x_wconf 87' lang='grc'>8;</span> <span class='ocrx_word' id='word_1_301' title='bbox 372 3983 397 4036; x_wconf 84' lang='grc' dir='ltr'>ΙΙ</span> <span class='ocrx_word' id='word_1_302' title='bbox 416 3981 538 4050; x_wconf 87' lang='lat' dir='ltr'>Paralip.</span> <span class='ocrx_word' id='word_1_303' title='bbox 558 3982 599 4045; x_wconf 85' lang='grc'><strong>20,</strong></span> <span class='ocrx_word' id='word_1_304' title='bbox 620 3983 649 4043; x_wconf 83' lang='grc'>7;</span> <span class='ocrx_word' id='word_1_305' title='bbox 678 3983 732 4036; x_wconf 85' lang='lat' dir='ltr'>Iac.</span> <span class='ocrx_word' id='word_1_306' title='bbox 752 3981 782 4045; x_wconf 90' lang='grc'><strong>2,</strong></span> <span class='ocrx_word' id='word_1_307' title='bbox 802 3982 843 4035; x_wconf 89' lang='grc'>23.</span> <span class='ocrx_word' id='word_1_308' title='bbox 872 4015 907 4022; x_wconf 99' lang='grc'>-</span> <span class='ocrx_word' id='word_1_309' title='bbox 934 3983 1037 4038; x_wconf 74' lang='lat' dir='ltr'>6Gen,</span> <span class='ocrx_word' id='word_1_310' title='bbox 1059 3983 1196 4045; x_wconf 87' lang='grc'><strong>12,1-3.</strong></span> <span class='ocrx_word' id='word_1_311' title='bbox 1224 4013 1259 4021; x_wconf 91' lang='grc'>-</span> 
     </span>
     <span class='ocr_line' id='line_1_33' title="bbox 82 4069 1258 4133; baseline 0.006 -13"><span class='ocrx_word' id='word_1_312' title='bbox 82 4069 111 4123; x_wconf 87' lang='grc'><strong>13</strong></span> <span class='ocrx_word' id='word_1_313' title='bbox 130 4071 201 4126; x_wconf 85' lang='lat' dir='ltr'>Gen.</span> <span class='ocrx_word' id='word_1_314' title='bbox 223 4070 263 4131; x_wconf 90' lang='grc'>13,</span> <span class='ocrx_word' id='word_1_315' title='bbox 285 4071 393 4124; x_wconf 83' lang='grc'><strong>14-16,</strong></span> <span class='ocrx_word' id='word_1_316' title='bbox 413 4101 448 4108; x_wconf 98' lang='grc'>-</span> <span class='ocrx_word' id='word_1_317' title='bbox 470 4071 500 4125; x_wconf 87' lang='grc'><strong>19</strong></span> <span class='ocrx_word' id='word_1_318' title='bbox 519 4071 587 4127; x_wconf 83' lang='lat' dir='ltr'>Gen</span> <span class='ocrx_word' id='word_1_319' title='bbox 608 4071 647 4132; x_wconf 85' lang='lat'>15,</span> <span class='ocrx_word' id='word_1_320' title='bbox 668 4071 691 4124; x_wconf 83' lang='lat'>5.</span> <span class='ocrx_word' id='word_1_321' title='bbox 711 4071 740 4131; x_wconf 83' lang='lat'>6;</span> <span class='ocrx_word' id='word_1_322' title='bbox 768 4069 845 4124; x_wconf 89' lang='lat' dir='ltr'>Rom.</span> <span class='ocrx_word' id='word_1_323' title='bbox 865 4072 891 4133; x_wconf 84' lang='grc'><strong>4,</strong></span> <span class='ocrx_word' id='word_1_324' title='bbox 910 4071 934 4124; x_wconf 88' lang='grc'>3.</span> <span class='ocrx_word' id='word_1_325' title='bbox 953 4101 988 4111; x_wconf 92' lang='grc'>-</span> <span class='ocrx_word' id='word_1_326' title='bbox 1006 4073 1040 4125; x_wconf 87' lang='grc'>23</span> <span class='ocrx_word' id='word_1_327' title='bbox 1062 4070 1129 4125; x_wconf 85' lang='lat' dir='ltr'>Gen</span> <span class='ocrx_word' id='word_1_328' title='bbox 1149 4072 1190 4129; x_wconf 92' lang='grc'>21,</span> <span class='ocrx_word' id='word_1_329' title='bbox 1210 4070 1258 4127; x_wconf 83' lang='grc'>22;</span> 
     </span>
     <span class='ocr_line' id='line_1_34' title="bbox 79 4155 816 4221; baseline 0.001 -12"><span class='ocrx_word' id='word_1_330' title='bbox 79 4155 162 4212; x_wconf 84' lang='lat' dir='ltr'>Hebr.</span> <span class='ocrx_word' id='word_1_331' title='bbox 186 4158 388 4219; x_wconf 84' lang='grc'><strong>11,17.-26</strong></span> <span class='ocrx_word' id='word_1_332' title='bbox 410 4158 478 4212; x_wconf 88' lang='lat' dir='ltr'>Gen.</span> <span class='ocrx_word' id='word_1_333' title='bbox 500 4159 546 4220; x_wconf 84' lang='lat'>19;</span> <span class='ocrx_word' id='word_1_334' title='bbox 567 4157 594 4212; x_wconf 90' lang='grc' dir='ltr'>Π</span> <span class='ocrx_word' id='word_1_335' title='bbox 612 4158 686 4211; x_wconf 90' lang='lat' dir='ltr'>Pctr.</span> <span class='ocrx_word' id='word_1_336' title='bbox 706 4160 729 4221; x_wconf 83' lang='lat'>2,</span> <span class='ocrx_word' id='word_1_337' title='bbox 750 4158 773 4212; x_wconf 89' lang='grc'>6.</span> <span class='ocrx_word' id='word_1_338' title='bbox 794 4160 816 4212; x_wconf 83' lang='grc'>7.</span> 
     </span>
    </p>
   </div>
   <div class='ocr_carea' id='block_1_4' title="bbox 81 4260 1259 4679">
    <p class='ocr_par' dir='ltr' id='par_1_5' title="bbox 81 4260 1259 4679">
     <span class='ocr_line' id='line_1_35' title="bbox 113 4260 1258 4331; baseline -0.001 -16"><span class='ocrx_word' id='word_1_339' title='bbox 113 4262 158 4325; x_wconf 86' lang='lat' dir='ltr'>XI,</span> <span class='ocrx_word' id='word_1_340' title='bbox 181 4265 202 4316; x_wconf 93' lang='lat'>1.</span> <span class='ocrx_word' id='word_1_341' title='bbox 222 4261 349 4331; x_wconf 79' lang='grc' dir='ltr'><strong><em>ποιήσας]</em></strong></span> <span class='ocrx_word' id='word_1_342' title='bbox 363 4260 559 4316; x_wconf 85' lang='lat' dir='ltr'>Nominativus</span> <span class='ocrx_word' id='word_1_343' title='bbox 573 4262 654 4315; x_wconf 88' lang='lat' dir='ltr'>abso·</span> <span class='ocrx_word' id='word_1_344' title='bbox 683 4261 812 4324; x_wconf 78' lang='lat'>1‚11‚4;</span> <span class='ocrx_word' id='word_1_345' title='bbox 840 4260 963 4315; x_wconf 86' lang='lat' dir='ltr'>Iustinus</span> <span class='ocrx_word' id='word_1_346' title='bbox 982 4262 1062 4331; x_wconf 82' lang='lat' dir='ltr'>Apol.</span> <span class='ocrx_word' id='word_1_347' title='bbox 1083 4261 1109 4325; x_wconf 86' lang='lat'>1,</span> <span class='ocrx_word' id='word_1_348' title='bbox 1129 4262 1177 4324; x_wconf 84' lang='grc'>53;</span> <span class='ocrx_word' id='word_1_349' title='bbox 1204 4261 1258 4315; x_wconf 90' lang='lat' dir='ltr'>Ire-</span> 
     </span>
     <span class='ocr_line' id='line_1_36' title="bbox 81 4344 1257 4417; baseline 0.004 -20"><span class='ocrx_word' id='word_1_350' title='bbox 81 4344 162 4401; x_wconf 89' lang='lat' dir='ltr'>lutus.</span> <span class='ocrx_word' id='word_1_351' title='bbox 200 4348 242 4403; x_wconf 80' lang='lat' dir='ltr'>Cf.</span> <span class='ocrx_word' id='word_1_352' title='bbox 265 4346 364 4400; x_wconf 90' lang='lat' dir='ltr'>Winer</span> <span class='ocrx_word' id='word_1_353' title='bbox 381 4349 453 4417; x_wconf 62' lang='lat'>528,</span> <span class='ocrx_word' id='word_1_354' title='bbox 474 4349 498 4402; x_wconf 85' lang='lat'>3.</span> <span class='ocrx_word' id='word_1_355' title='bbox 683 4364 769 4402; x_wconf 84' lang='lat' dir='ltr'>naeus</span> <span class='ocrx_word' id='word_1_356' title='bbox 796 4348 865 4402; x_wconf 84' lang='lat' dir='ltr'>Adv.</span> <span class='ocrx_word' id='word_1_357' title='bbox 884 4349 960 4403; x_wconf 84' lang='lat' dir='ltr'>haer.</span> <span class='ocrx_word' id='word_1_358' title='bbox 979 4348 1029 4413; x_wconf 88' lang='lat' dir='ltr'>IV,</span> <span class='ocrx_word' id='word_1_359' title='bbox 1048 4350 1090 4412; x_wconf 96' lang='grc'>31,</span> <span class='ocrx_word' id='word_1_360' title='bbox 1110 4352 1138 4412; x_wconf 87' lang='grc'>3;</span> <span class='ocrx_word' id='word_1_361' title='bbox 1167 4349 1208 4411; x_wconf 87' lang='grc'><strong>33,</strong></span> <span class='ocrx_word' id='word_1_362' title='bbox 1227 4349 1257 4410; x_wconf 88' lang='grc'>9;</span> 
     </span>
     <span class='ocr_line' id='line_1_37' title="bbox 114 4432 1259 4508; baseline 0.001 -20"><span class='ocrx_word' id='word_1_363' title='bbox 114 4436 139 4489; x_wconf 93' lang='grc'>2.</span> <span class='ocrx_word' id='word_1_364' title='bbox 158 4432 211 4504; x_wconf 73' lang='grc' dir='ltr'>ἕως</span> <span class='ocrx_word' id='word_1_365' title='bbox 229 4456 251 4492; x_wconf 91' lang='grc' dir='ltr'>τ.</span> <span class='ocrx_word' id='word_1_366' title='bbox 266 4435 369 4508; x_wconf 74' lang='grc' dir='ltr'><em>ἡμέρας</em></span> <span class='ocrx_word' id='word_1_367' title='bbox 381 4435 416 4504; x_wconf 83' lang='grc' dir='ltr'>τ.]</span> <span class='ocrx_word' id='word_1_368' title='bbox 437 4435 527 4488; x_wconf 88' lang='lat' dir='ltr'>Huius</span> <span class='ocrx_word' id='word_1_369' title='bbox 545 4437 655 4489; x_wconf 86' lang='lat' dir='ltr'>statuae</span> <span class='ocrx_word' id='word_1_370' title='bbox 668 4440 670 4465; x_wconf 86' lang='lat'><strong>¹</strong></span> <span class='ocrx_word' id='word_1_371' title='bbox 682 4434 851 4490; x_wconf 87' lang='lat' dir='ltr'>Prudentius</span> <span class='ocrx_word' id='word_1_372' title='bbox 870 4437 1027 4508; x_wconf 80' lang='lat' dir='ltr'>Hamartig.</span> <span class='ocrx_word' id='word_1_373' title='bbox 1041 4456 1067 4492; x_wconf 86' lang='lat' dir='ltr'>v.</span> <span class='ocrx_word' id='word_1_374' title='bbox 1079 4438 1130 4492; x_wconf 77' lang='lat'>740</span> <span class='ocrx_word' id='word_1_375' title='bbox 1150 4454 1212 4504; x_wconf 86' lang='lat' dir='ltr'>sqq.</span> <span class='ocrx_word' id='word_1_376' title='bbox 1225 4466 1259 4475; x_wconf 92' lang='grc'>-</span> 
     </span>
     <span class='ocr_line' id='line_1_38' title="bbox 82 4521 1258 4593; baseline 0.001 -17"><span class='ocrx_word' id='word_1_377' title='bbox 82 4521 472 4590; x_wconf 78' lang='lat' dir='ltr'>bamquamadhncmanentis</span> <span class='ocrx_word' id='word_1_378' title='bbox 482 4523 655 4578; x_wconf 88' lang='lat' dir='ltr'>mentionem</span> <span class='ocrx_word' id='word_1_379' title='bbox 682 4524 802 4593; x_wconf 75' lang='grc' dir='ltr'><strong><em>δίψυχοι]</em></strong></span> <span class='ocrx_word' id='word_1_380' title='bbox 823 4522 924 4583; x_wconf 67' lang='grc'><strong>0123.</strong></span> <span class='ocrx_word' id='word_1_381' title='bbox 945 4523 975 4586; x_wconf 89' lang='grc'>3;</span> <span class='ocrx_word' id='word_1_382' title='bbox 1005 4524 1059 4577; x_wconf 86' lang='lat' dir='ltr'>Iac.</span> <span class='ocrx_word' id='word_1_383' title='bbox 1082 4525 1103 4589; x_wconf 92' lang='lat'>1,</span> <span class='ocrx_word' id='word_1_384' title='bbox 1123 4524 1155 4587; x_wconf 90' lang='lat'>8;</span> <span class='ocrx_word' id='word_1_385' title='bbox 1182 4526 1207 4586; x_wconf 79' lang='lat'>4,</span> <span class='ocrx_word' id='word_1_386' title='bbox 1226 4522 1258 4583; x_wconf 87' lang='grc'>8;</span> 
     </span>
     <span class='ocr_line' id='line_1_39' title="bbox 82 4606 1256 4679; baseline 0.01 -21"><span class='ocrx_word' id='word_1_387' title='bbox 82 4606 281 4664; x_wconf 85' lang='lat' dir='ltr'>iaciuntetiam</span> <span class='ocrx_word' id='word_1_388' title='bbox 290 4609 427 4679; x_wconf 85' lang='lat' dir='ltr'>Iosephus</span> <span class='ocrx_word' id='word_1_389' title='bbox 436 4608 550 4664; x_wconf 82' lang='lat' dir='ltr'>Flavius</span> <span class='ocrx_word' id='word_1_390' title='bbox 558 4610 654 4676; x_wconf 84' lang='lat' dir='ltr'>Antiq.</span> <span class='ocrx_word' id='word_1_391' title='bbox 682 4608 765 4662; x_wconf 85' lang='lat' dir='ltr'>Bam.</span> <span class='ocrx_word' id='word_1_392' title='bbox 786 4609 826 4674; x_wconf 83' lang='grc'>19,</span> <span class='ocrx_word' id='word_1_393' title='bbox 846 4610 877 4673; x_wconf 84' lang='grc'>5;</span> <span class='ocrx_word' id='word_1_394' title='bbox 907 4610 1001 4665; x_wconf 83' lang='lat' dir='ltr'>Herm</span> <span class='ocrx_word' id='word_1_395' title='bbox 1030 4610 1088 4666; x_wconf 85' lang='lat' dir='ltr'>Vis.</span> <span class='ocrx_word' id='word_1_396' title='bbox 1108 4610 1150 4674; x_wconf 91' lang='lat'>11,</span> <span class='ocrx_word' id='word_1_397' title='bbox 1178 4612 1203 4673; x_wconf 90' lang='grc'><strong>2,</strong></span> <span class='ocrx_word' id='word_1_398' title='bbox 1228 4608 1256 4669; x_wconf 90' lang='grc'>2;</span> 
     </span>
    </p>
   </div>
   <div class='ocr_carea' id='block_1_5' title="bbox 130 4700 1058 4768">
    <p class='ocr_par' dir='ltr' id='par_1_6' title="bbox 130 4700 1058 4768">
     <span class='ocr_line' id='line_1_40' title="bbox 130 4700 1058 4768; baseline 0.001 -13"><span class='ocrx_word' id='word_1_399' title='bbox 130 4716 149 4755; x_wconf 71' lang='lat' dir='ltr'><em>F</em></span> <span class='ocrx_word' id='word_1_400' title='bbox 158 4728 174 4757; x_wconf 85' lang='lat' dir='ltr'>n</span> <span class='ocrx_word' id='word_1_401' title='bbox 186 4729 202 4757; x_wconf 88' lang='lat' dir='ltr'>n</span> <span class='ocrx_word' id='word_1_402' title='bbox 211 4717 240 4764; x_wconf 79' lang='lat' dir='ltr'>k,</span> <span class='ocrx_word' id='word_1_403' title='bbox 254 4717 335 4756; x_wconf 71' lang='lat' dir='ltr'>Patres</span> <span class='ocrx_word' id='word_1_404' title='bbox 350 4721 426 4764; x_wconf 73' lang='lat' dir='ltr'>apost.</span> <span class='ocrx_word' id='word_1_405' title='bbox 447 4716 482 4756; x_wconf 89' lang='lat' dir='ltr'>ed.</span> <span class='ocrx_word' id='word_1_406' title='bbox 498 4717 531 4756; x_wconf 87' lang='grc' dir='ltr'>ΙΙ.</span> <span class='ocrx_word' id='word_1_407' title='bbox 1032 4700 1058 4768; x_wconf 53' lang='lat' dir='ltr'>Q</span> 
     </span>
    </p>
   </div>
   <div class='ocr_carea' id='block_1_6' title="bbox 0 0 1423 5018">
    <p class='ocr_par' dir='ltr' id='par_1_7' title="bbox 0 0 1423 5018">
     <span class='ocr_line' id='line_1_41' title="bbox 0 0 1423 5018; baseline 0 0"><span class='ocrx_word' id='word_1_408' title='bbox 0 0 1423 5018; x_wconf 95' lang='lat' dir='ltr'> </span> 
     </span>
    </p>
   </div>
  </div>
 </body>
</html>
