2834 5018
199 335 240 399 80
471 320 477 333 ’
687 324 884 381 BARNABAE

197 505 334 583 τδτοκός
350 526 417 584 μου
439 507 511 585 υίδς
528 502 629 567 ἐστιν.
675 504 731 566 καί
747 503 844 567 είπεν
859 502 987 588 Ἰακὼβ
1001 506 1086 590 πρὸς
1102 505 1252 589 Ἰωσήφ
1280 504 1373 585 Οίδα,

198 610 328 685 τέκνον,
353 608 444 671 οίδα*
469 606 579 671 ἀλλά
602 606 731 686 μείζων
746 606 920 671 δουλεύσει
944 614 992 691 τῷ
1009 608 1180 689 ἐλάσσονι,
1203 611 1259 673 καί
1277 611 1375 691 οὗτος

199 713 236 777 δὲ
259 711 534 796 εὐλογηθήσεται.
582 715 610 777 6.
636 709 784 795 βλέπετε,
818 709 867 773 ἐπί
897 710 988 775 τίνων
1020 711 1182 790 τέθεικεν,
1216 715 1269 777 τὸν
1297 714 1375 778 λαδν

199 827 307 880 τοῦτον
331 815 407 880 είναι
430 825 553 898 πρῶτον
578 817 632 878 καί
655 825 709 899 τής
724 813 881 898 διαθήκης
904 815 1107 900 κληρονόμον.
1156 822 1184 884 7.
1209 818 1236 881 εἰ
1259 816 1314 883 ούν
1331 821 1375 882 έτι

173 923 252 984 ικαὶ
274 921 326 984 διὰ
348 931 403 984 τοῦ
427 919 570 1005 Ἀβραὰμ
593 919 748 1003 ἐμνήσθη,
772 918 930 1003 ἀπέχομεν
953 923 988 982 τὸ
1011 921 1129 986 τέλειον
1152 933 1207 1006 τῆς
1229 923 1377 1006 γνώσεως

199 1025 297 1109 ήμῶν.
342 1025 371 1088 τί
394 1023 448 1088 σύν
471 1024 554 1108 λέγει
577 1032 621 1107 τῷ
645 1023 805 1108 Ἀβραάμ,
831 1025 883 1087 ὅτε
906 1024 998 1107 μόνος
1021 1027 1189 1102 πιστεύσας
1213 1027 1310 1112 ἐτέθη
1335 1029 1377 1104 εἰς

200 1131 417 1215 δικαιοσύνην;
448 1130 551 1209 Ἰδού,
575 1127 712 1194 τέθεικά
736 1150 791 1208 σε,
821 1129 988 1215 Ἀβραάμ,
1012 1133 1143 1217 πατέρα
1167 1130 1284 1196 ἐθνῶν
1308 1139 1378 1197 τῶν

201 1237 434 1300 πιστευόντων
457 1234 499 1298 δι’
523 1235 747 1319 ἀκροβυστίας
770 1239 818 1316 τῷ
841 1231 924 1316 θεῷ.

288 1342 373 1406 XIV.
409 1338 481 1402 Ναί.
512 1336 596 1401 ἀλλὰ
612 1339 735 1421 ἴδωμεν,
759 1339 786 1401 εί
808 1338 828 1420 ἡ
852 1338 999 1422 διαθήκη,
1023 1339 1061 1421 ήν
1085 1339 1207 1421 ὤμοσεν
1231 1350 1295 1414 τοῖς
1319 1363 1376 1403 πα-

164 1469 188 1505 10
202 1445 308 1527 τράσιν
331 1445 437 1508 δοῦναι
460 1451 505 1525 τῷ
529 1442 607 1525 λαῷ,
632 1444 658 1506 εἰ
680 1443 826 1522 δέδωκεν,
850 1444 1000 1527 ζητῶμεν.
1047 1443 1199 1508 δέδωκεν·
1233 1447 1320 1508 αὐτοί
1344 1446 1377 1508 δέ

202 1550 260 1612 οὐκ
282 1547 425 1632 ἐγένοντο
448 1547 526 1626 ἄξιοι
550 1548 656 1633 λαβεῖν
679 1549 730 1611 διὰ
745 1551 801 1623 τὰς
825 1548 975 1631 ἁμαρτίας
991 1550 1112 1611 αὐτῶν·
1159 1553 1188 1615 2.
1213 1549 1297 1634 λέγει
1317 1555 1378 1635 γὰρ

202 1653 218 1715 ύ
241 1652 418 1737 προφήτης·
443 1652 513 1717 Καὶ
535 1655 579 1736 ήν
595 1652 750 1735 Μωϋσής
774 1655 952 1735 νηστεύων
974 1653 1013 1716 ἐν
1035 1654 1105 1737 δρει
1121 1653 1218 1733 Σινά,
1242 1663 1303 1719 τοῦ
1318 1656 1377 1720 λα-

200 1761 274 1842 βεῖν
305 1761 368 1842 τήν
390 1758 561 1844 διαθήκην
592 1760 711 1843 κυρίου
734 1757 819 1841 πρὸς
851 1757 912 1820 τὸν
934 1755 1038 1835 λαόν,
1068 1758 1195 1842 ἡμέρας
1219 1762 1377 1845 τεσσερά-

201 1885 306 1927 κοντα
338 1865 394 1926 καί
416 1866 541 1942 νύκτας
571 1862 829 1947 τεσσεράκοντα.
876 1863 931 1925 καί
959 1861 1082 1945 ἔλαβεν
1106 1862 1261 1948 Μωύαής
1285 1866 1378 1950 παρὰ

164 1987 188 2024 1⁶
202 1970 320 2052 κυρίου
343 1968 402 2047 τάς
426 1967 487 2031 δύο
504 1967 637 2047 πλάκας
660 1967 720 2046 τὰς
736 1968 968 2051 γεγραμμένας
993 1973 1040 2050 τῷ
1057 1967 1213 2051 δακτύλῳ
1237 1975 1296 2054 τῆς
1312 1993 1378 2053 χει-

202 2072 259 2156 ρδς
282 2075 400 2156 κυρίου
424 2072 462 2135 ἐν
478 2075 661 2151 πνεύματι
685 2072 739 2132 καί
763 2070 868 2156 λαβὼν
884 2070 1020 2155 Μωϋσής
1036 2072 1206 2155 κατέφερεν
1229 2077 1307 2157 πρὸς
1327 2077 1378 2137 τὸν

202 2174 279 2238 λαὸν
294 2176 410 2239 δοῦναι.
456 2180 486 2242 3.
512 2177 565 2238 καί
589 2173 673 2238 εἶπεν
689 2174 793 2256 κύριος
808 2176 884 2257 πρὸς
900 2174 1051 2260 Μωύσήν·
1077 2177 1214 2262 Μωϋσή
1231 2178 1377 2264 Μωῦσή,

202 2278 372 2363 κατάβηθι
394 2280 432 2344 τδ
456 2281 573 2363 τάχος,
601 2282 652 2344 δτι
675 2282 693 2343 ὁ
716 2279 797 2361 λαός
822 2302 901 2361 σου,
929 2285 970 2346 δν
993 2280 1152 2366 ἐξήγαγες
1176 2282 1213 2347 ἐκ
1236 2290 1297 2369 γῆς
1320 2284 1377 2349 Αί·

203 2387 343 2465 γύπτου,
367 2387 549 2469 ήνύμηοεν.
595 2386 651 2448 καί
675 2392 822 2469 συνῆκεν
845 2386 1010 2470 Μωϋσής,
1035 2388 1085 2450 δτι
1109 2387 1277 2472 ἐποίησαν
1301 2390 1376 2452 ἑαυ-

165 2496 272 2569 αυτοῖς
296 2488 402 2553 πάλιν
416 2492 629 2572 γωνεύματα,
652 2491 708 2553 καί
724 2490 865 2575 ἔρριψεν
881 2490 918 2553 ἐκ
934 2497 1004 2555 τῶν
1019 2496 1144 2576 χειρῶν
1159 2492 1218 2573 τὰς
1235 2492 1377 2573 πλάκας,

204 2595 259 2658 καί
283 2596 531 2680 συνετρίβησαν
553 2596 588 2658 αί
604 2594 731 2673 πλάκες
751 2599 809 2677 τής
832 2593 998 2679 διαθήκης
1015 2598 1141 2680 κυρίου.
1188 2601 1218 2662 4.
1244 2596 1378 2682 Μωϋσής

203 2700 259 2783 μέν
282 2698 405 2784 ἔλαβεν,
428 2701 515 2762 αὐτοί
539 2699 573 2762 δέ
597 2700 655 2762 οὐκ
677 2698 819 2783 ἐγένοντο
835 2699 924 2777 άξιοι.
969 2709 1036 2775 πῶς
1055 2701 1089 2764 δέ
1111 2699 1199 2783 ήμεῖς
1215 2700 1377 2786 ἐλάβομεν,

203 2803 333 2886 μάθετε.
380 2801 515 2887 Μωύσής
546 2804 695 2886 θεράπων
726 2804 770 2867 ὢν
793 2803 918 2888 ἔλαβεν,
952 2806 1044 2879 αὐτὸς
1076 2806 1111 2869 δέ
1133 2806 1150 2868 δ
1173 2806 1278 2888 κύριος
1308 2806 1378 2890 ἡμῖν

204 2907 320 2972 έδωκεν
344 2908 386 2984 είς
408 2907 486 2972 λαὸν
508 2907 725 2991 κληρονομίας,
749 2907 789 2971 δι’
810 2908 891 2992 ημᾶς
914 2909 1091 2992 ὑπομείνας.
1138 2915 1166 2977 5.
1192 2910 1378 2995 ἐφανερώθη

165 3032 192 3071 ιι
205 3012 249 3092 δέ,
272 3014 323 3076 ἴνα
345 3015 484 3076 κάκεῖνοι
508 3012 720 3078 τελειωθῶσιν
743 3022 806 3089 τοῖς
823 3013 1049 3098 ἁμαρτήμασιν,
1072 3018 1126 3078 καί
1148 3015 1236 3098 ἡμεῖς
1259 3017 1310 3080 διὰ
1326 3026 1378 3080 τού

204 3116 469 3201 κληρονομοῦντας
502 3116 659 3201 διαθήκην
690 3117 797 3199 κυρίου
829 3116 932 3201 Ἰησοῦ
968 3116 1128 3202 λάβωμεν,
1158 3120 1192 3195 ὃς
1215 3120 1258 3195 είς
1289 3130 1379 3182 τοῦτο

276 3331 289 3383 1
309 3328 413 3402 Ἰωσήφ
426 3348 432 3382 :
447 3335 536 3398 ιακωβ
552 3329 570 3383 S
587 3330 591 3399 1
608 3327 683 3385 ἐστίν
700 3328 760 3396 υίδς
778 3329 803 3382 V
825 3330 830 3396 Ι
850 3330 866 3384 3
885 3328 1012 3385 τέθεικεν
1024 3347 1030 3380 ι
1044 3348 1134 3385 εοικεν
1152 3328 1169 3382 S
1186 3328 1222 3391 15
1242 3326 1381 3398 ἀπέχομεν

205 3419 247 3472 SL
260 3437 266 3469 ι
279 3418 430 3490 ἀπείχομεν
448 3416 500 3470 HV
524 3418 529 3483 Ι
554 3417 570 3470 6
588 3418 676 3485 μόνος
693 3435 720 3472 π.
736 3413 918 3483 ιέπίστευσας
935 3417 960 3470 V
981 3418 985 3483 Ι
1008 3418 1023 3470 7
1043 3416 1207 3489 Ἀβραὰμ>
1225 3414 1250 3467 V
1266 3418 1271 3483 ι
1287 3415 1303 3468 8
1323 3415 1380 3488 θεά

205 3505 251 3561 SH
264 3525 270 3558 ι
282 3509 368 3580 κυρίῳ
382 3505 431 3558 VL
447 3505 450 3574 ή
466 3507 482 3560 θ
501 3508 580 3571 ναί>
593 3503 619 3556 Η
634 3508 638 3572 l
655 3502 687 3561 ίδ.
708 3504 733 3561 εί
748 3507 765 3575 ἡ
782 3508 900 3574 διαθήκη
912 3505 957 3557 SH
971 3522 977 3555 ι
991 3509 1041 3574 τήν
1058 3507 1193 3574 διαθήκην
1210 3501 1258 3554 VL
1275 3501 1278 3571 ί
1298 3502 1329 3557 10
1341 3506 1380 3571 ζη

205 3593 329 3662 τῶμενΙι
342 3612 348 3645 :
361 3598 496 3664 ζητοῦμεν
506 3593 566 3658 HV,
579 3592 644 3660 >S
660 3592 664 3662 Ι
683 3591 759 3659 13ί14
771 3593 975 3664 τεσσεράκοντα
987 3591 1005 3645 S
1021 3610 1027 3642 :
1041 3611 1150 3663 τεσσαρ.
1162 3589 1214 3643 HV
1231 3593 1236 3658 Ι
1254 3592 1286 3643 14
1300 3594 1381 3647 Μωί-

205 3683 289 3748 σῆς>
298 3677 345 3730 VL
362 3687 366 3745 Ι
384 3682 416 3734 14
435 3696 476 3746 sq.
487 3678 563 3752 παρὰ
573 3683 634 3746 κ.>
645 3677 671 3730 H
687 3684 691 3744 Ι
709 3680 740 3734 15
753 3679 803 3746 τὰς
813 3682 895 3746 sec>
907 3678 960 3732 HV
975 3681 979 3747 1
998 3680 1029 3732 16
1048 3676 1078 3735 ἐν
1090 3696 1097 3730 :
1110 3681 1149 3752 τῷ
1160 3676 1186 3729 Η
1201 3680 1206 3740 Ι
1224 3676 1256 3732 18
1274 3674 1309 3733 δν
1319 3695 1325 3728 :
1335 3673 1382 3743 ούς

205 3764 230 3817 V
245 3768 250 3833 1
268 3766 300 3820 19
318 3768 455 3837 ήνδμησεν
467 3772 532 3836 post
545 3764 587 3824 ὅτι
601 3765 626 3818 V
641 3768 645 3834 Ι
662 3764 772 3837 ἐποίησε
785 3765 811 3818 Η
827 3768 831 3834 l
849 3766 881 3819 19
901 3782 940 3832 sq.
953 3764 1062 3832 ἑαυτοῖς
1075 3765 1116 3818 SL
1129 3783 1135 3816 :
1148 3768 1184 3833 >
1196 3763 1248 3819 HV
1264 3766 1268 3834 Ι
1284 3765 1319 3818 20
1332 3763 1381 3820 πά·

205 3858 248 3909 ίιν
266 3853 438 3922 VL2>SH
460 3857 464 3923 Ι
486 3855 536 3922 τὰς
552 3854 695 3922 πλάκας>
715 3852 796 3922 s*H1
812 3855 846 3907 22
863 3852 1028 3925 μὲν-ί-γὰρ
1047 3851 1092 3922 Vl
1113 3853 1146 3907 23
1164 3852 1216 3920 δ>
1234 3852 1252 3906 S
1269 3854 1273 3921 Ι
1289 3853 1323 3905 24
1342 3851 1381 3908 δέ·

205 3945 293 3997 δωκεν
310 3941 336 3993 Η
352 3944 357 4010 1
372 3940 443 4011 ὑμᾶς
461 3942 495 4006 V,
514 3945 592 4014 ήμῶν
610 3943 636 3996 Η
652 3943 656 4013 ί
681 3943 714 3996 26
731 3948 973 4014 κληρονομοῦντας
991 3940 1036 3995 SV
1050 3959 1056 3993 ι
1068 3942 1170 4010 -νύμου
1188 3940 1214 3993 Η
1229 3942 1234 4007 1
1254 3941 1383 4014 λάβωμεν

206 4028 339 4101 (λάβομεν
356 4029 393 4098 V)
406 4049 412 4082 ι
426 4031 473 4084 hio
490 4031 677 4100 praemittens
700 4033 746 4086 καί
772 4029 846 4082 male
872 4028 971 4082 inserit
988 4027 1013 4080 V
1031 4029 1118 4082 verba
1140 4028 1225 4085 πάλιν
1243 4027 1259 4084 δ
1276 4029 1381 4102 προφή·

206 4135 255 4186 της
272 4146 307 4156 -
324 4116 341 4172 δ
360 4119 428 4184 θεὸς
446 4118 490 4172 vel
509 4136 532 4171 v.
552 4118 576 4181 8,
598 4118 706 4171 utiam
725 4116 824 4171 Hefele
843 4117 915 4170 vidit

242 4290 265 4343 7.
286 4289 327 4344 cf.
347 4289 503 4344 Altercatio
522 4290 587 4345 Sim.
608 4290 637 4343 et
654 4289 780 4358 Theoph.
792 4291 796 4360 Ι
807 4289 840 4354 V,
854 4290 894 4343 18.
913 4320 949 4329 -
967 4286 1102 4360 ἐμνήσθη]
1121 4306 1157 4342 ιε.
1170 4287 1292 4357 populus
1305 4287 1382 4343 chri-
