2834 5018
171 356 233 419 166
635 347 648 402 1
667 347 871 403 τισαυππε

167 547 252 611 μενοι
267 525 434 610 Αἰγύπτου,
458 525 497 588 τά
519 545 553 587 τε
568 525 692 608 ἅρματα
714 525 768 587 καί
790 523 819 586 οἱ
834 523 986 609 ἀναβάται
1009 524 1163 586 αὐτῶνού
1186 523 1224 586 δι’
1241 522 1340 609 άλλην

166 633 235 695 τινὰ
268 629 368 693 αἰτίαν
397 628 616 715 έβυθίσθησαν
650 629 693 704 εἰς
725 629 894 695 θάλασσαν
923 628 1060 712 ἐρυθρὰν
1082 630 1135 690 καί
1165 625 1339 706 ἀπώλοντο,

167 733 250 798 ἀλλὰ
273 733 381 797 διὰτὸ
403 732 638 816 σκληρυνθηναι
662 733 764 796 αὐτῶν
787 733 842 807 τὰς
863 731 1029 808 ἀσυνέτους
1051 731 1180 815 καρδίας
1203 733 1284 816 μετὰ
1306 733 1340 794 τό

165 838 316 924 γενέσθαι
338 841 378 902 τὰ
400 846 513 922 σημεῖα
535 839 588 900 καί
612 839 651 899 τὰ
666 836 780 920 τέρατα
803 837 835 900 ἐν
857 846 899 921 γη
921 836 1079 921 Αἰγύπτου
1102 837 1153 900 διά
1168 845 1223 899 τοῦ
1246 835 1340 917 θερά·

139 963 277 1018 εποντος
300 952 355 1006 τοῦ
378 945 456 1008 θεοῦ
479 940 649 1017 Μωῦσέως.

252 1048 317 1113 LII.
343 1046 544 1129 Ἀπροσδεης,
568 1045 709 1129 ἀδελφοί,
732 1046 749 1109 ό
772 1045 924 1130 δεσπότης
940 1046 1072 1129 ὑπάρχει
1094 1056 1156 1110 τῶν
1177 1045 1339 1109 ἁπάντων·

164 1152 255 1217 οὐδὲν
286 1151 409 1227 οὐδενὸς
439 1151 545 1235 χρῄζει
577 1152 668 1235 εἰμὴ
691 1153 727 1214 τό
759 1150 1019 1235 ἐξομολογεῖσθαι
1051 1152 1146 1232 αὐτῷ.
1192 1154 1222 1216 2.
1247 1150 1340 1234 φησίν

164 1257 225 1339 γάρ
248 1255 265 1318 ό
288 1255 436 1331 ἐκλεκτὸς
459 1255 571 1319 Δαυίδ’
595 1255 913 1340 Ἐξομολογησομαι
935 1263 983 1340 τῷ
1006 1259 1122 1340 κυρίῳ,
1145 1256 1203 1319 καί
1226 1255 1341 1340 ἀρέσει

164 1361 257 1444 αὐτῷ
286 1359 372 1445 ὑπὲρ
403 1362 535 1442 μόσχον
557 1361 637 1425 νέον
667 1361 793 1445 κέρατα
816 1360 1003 1445 ἐκφέροντα
1033 1360 1089 1423 καί
1112 1358 1237 1440 ὁπλάς·
1274 1358 1340 1423 ίὸέ-

126 1483 151 1521 10
164 1485 280 1529 τωσαν
303 1465 431 1546 πτωχοί
451 1464 508 1528 καί
537 1462 844 1550 εὐφρανθητωσαν.
892 1468 923 1530 3.
946 1466 1000 1527 καί
1023 1463 1116 1527 πάλιν
1139 1462 1239 1548 λέγει·
1276 1462 1340 1528 Θῦ-

164 1589 227 1633 σον
249 1573 297 1652 τῷ
313 1565 387 1652 θεῷ
401 1566 530 1633 θυσίαν
545 1570 707 1649 αἰνέσεως
729 1569 786 1633 καί
802 1568 931 1649 ἀπόδος
947 1575 994 1652 τῷ
1011 1572 1146 1652 ὑψίστῳ
1163 1568 1223 1650 τὰς
1239 1569 1339 1650 εὐχάς

163 1690 244 1737 σου·
268 1673 324 1735 καί
347 1671 547 1737 ἐπικάλεσαί
567 1693 611 1752 με
635 1672 674 1735 έν
702 1672 811 1757 ημέρμ
834 1669 990 1753 θίίψεώς
1014 1695 1093 1752 σου,
1125 1673 1182 1736 καί
1204 1669 1339 1751 ἐξελοῦ-

162 1779 226 1856 μαί
247 1797 295 1855 σε,
318 1777 374 1840 καί
397 1774 550 1857 ὁοξάσεις
572 1798 624 1857 με.
671 1778 702 1841 4.
726 1774 833 1840 θυσία
856 1777 919 1862 γὰρ
936 1783 984 1862 τῷ
1007 1775 1080 1861 θεῷ
1097 1783 1235 1856 πνεῦμα
1258 1797 1338 1840 συν·

162 1881 392 1965 τετριμμένον.

124 2008 150 2047 ιι
251 1988 331 2053 LIII.
357 1986 553 2053 Ἐπίστασθε
580 1989 640 2071 γάρ
663 1989 717 2049 καί
740 1988 847 2063 καλῶς
877 1987 1051 2053 ἐπίστασθε
1073 1989 1128 2062 τάς
1157 1986 1239 2068 ἱεράς
1261 2007 1338 2070 γρα-

164 2092 235 2174 φάς,
259 2091 423 2175 ἀγαπητοί,
446 2093 499 2154 καί
514 2091 706 2174 ένκεκόφατε
728 2093 772 2168 εἰς
793 2095 833 2155 τά
849 2092 941 2178 λόγια
963 2102 1017 2156 τοῦ
1033 2095 1122 2158 θεοῦ.
1145 2093 1222 2173 πρός
1238 2091 1338 2174 ἀνάμ-

163 2217 249 2280 νησιν
280 2192 333 2258 οὖν
363 2205 461 2259 ταῦτα
489 2197 659 2281 γράφομεν.
705 2201 735 2263 2.
759 2196 918 2273 Μωυσέως
947 2199 1008 2282 γὰρ
1037 2195 1209 2281 ἀναβάντος
1237 2195 1281 2271 εἰς
1304 2197 1338 2258 τό

163 2300 234 2381 όρος
256 2300 309 2361 καί
332 2298 517 2382 ποιησαντος
540 2303 774 2385 τεσσαράκοντα
797 2301 914 2386 ἡμέρας
937 2305 990 2365 καί
1006 2302 1241 2384 τεσσαράκοντα
1263 2300 1337 2364 νύκ-

162 2422 218 2477 τας
241 2401 273 2465 έν
296 2403 422 2488 νηστείᾳ
444 2407 497 2468 καί
513 2404 706 2487 ταπεινώσει,
731 2405 815 2470 είπεν
838 2409 913 2489 πρὸς
929 2408 1023 2470 αὐτόν
1046 2406 1063 2468 ό
1083 2405 1175 2480 θεός·
1199 2404 1338 2489 Μωΰσῆ

123 2527 149 2567 ευ
163 2506 318 2590 Μωῦσῆ,
353 2508 523 2593 κατάβηθι
551 2512 589 2576 τὸ
612 2514 712 2595 τάχος
735 2511 916 2592 ἐντεῦθεν,
944 2514 995 2577 ὅτι
1017 2513 1191 2596 ηνόμησεν
1215 2511 1233 2573 ὁ
1256 2509 1338 2590 λαός

163 2630 236 2689 σου,
260 2615 318 2692 οὓς
341 2609 498 2697 ἐξήγαγες
522 2615 559 2679 έκ
582 2622 641 2700 γῆς
664 2615 854 2699 Αἰγύπτου·
886 2617 1088 2701 παρέβησαν
1109 2617 1194 2696 ταχὺ
1218 2614 1255 2678 ἐκ
1279 2620 1337 2698 τῆς

162 2714 244 2779 ὁδοῦ
267 2715 306 2798 ἧς
330 2715 484 2781 ένετείίω
501 2721 625 2800 αὐτοῖς,
648 2719 815 2804 ἐποίησαν
838 2722 968 2801 ἑαυτοῖς
984 2722 1196 2802 χωνεόματα.
1230 2722 1262 2784 3.
1285 2719 1338 2780 καί

162 2816 246 2883 είπεν
267 2817 373 2900 κύριος
395 2823 471 2904 πρὸς
494 2821 602 2884 αὐτόν·
632 2820 814 2907 Λείάληκα
836 2825 922 2909 πρός
945 2845 984 2888 σε
1013 2820 1107 2902 ἅπαξ
1128 2823 1185 2886 καί
1209 2821 1260 2903 ὁίς
1284 2821 1337 2886 λέ-

159 2946 248 3008 γων·
280 2923 440 3012 Ἑώρακα
468 2927 529 2991 τόν
550 2926 637 2992 λαόν
659 2934 795 3007 τοῦτον,
826 2930 883 2993 καί
906 2928 980 2992 ίὸοιί
1004 2929 1096 2993 έστιν
1128 2927 1337 3013 σκίηρστρά-

121 3050 147 3089 υτ
160 3028 278 3114 χηίσς·
303 3030 408 3095 ἔασόν
421 3052 465 3112 με
488 3027 729 3117 έξολεθρεῦσαι
744 3034 877 3113 αὐτούς,
900 3035 957 3096 καί
973 3030 1145 3112 ἐξαλείψω
1168 3032 1206 3096 τὸ
1227 3033 1337 3113 ὄνομα

160 3135 275 3198 αὐτῶν
305 3132 534 3199 ὑποκάτωθεν
565 3142 626 3200 τοῦ
656 3139 821 3222 οὐρανοῦ,
853 3139 909 3202 καί
932 3141 1066 3223 ποιήσω
1097 3159 1135 3202 σε
1157 3139 1204 3218 είς
1233 3135 1337 3216 ἔθνος

159 3238 246 3321 μέγα
268 3238 326 3301 καί
348 3235 552 3319 θαυμαστόν
574 3241 631 3305 καί
654 3239 743 3305 πολὺ
764 3240 898 3322 μᾶλλον
920 3244 943 3324 η
965 3248 1073 3306 τοῦτο.
1121 3246 1151 3307 4.
1175 3242 1229 3304 καί
1252 3238 1336 3305 εἶπεν

160 3341 312 3426 Μωϋσῆς·
343 3339 539 3426 Μηθαμῶς,
562 3347 671 3429 κύριε·
703 3347 787 3429 ἄφες
811 3347 874 3429 τὴν
897 3347 1066 3432 ἁμαρτίαν
1088 3353 1136 3430 τῷ
1163 3345 1237 3431 λαῷ
1260 3348 1336 3411 τοό-

159 3469 218 3530 τῳ,
241 3449 263 3530 η
285 3446 372 3528 κάμὲ
395 3444 579 3527 έξάλειψον
602 3448 639 3511 έκ
662 3448 781 3532 βίβλου
798 3449 947 3529 ζώντων.
996 3453 1024 3515 5.
1049 3449 1075 3511 ὢ
1099 3449 1237 3535 μεγάλης
1258 3451 1336 3534 ἀγά-

120 3570 235 3636 ωπης,
260 3550 285 3613 ὢ
308 3549 500 3637 τελειόητος
529 3549 772 3635 ἀνυπερβλήτου.
817 3552 1058 3636 παρρησιάζεται
1087 3554 1238 3635 θεράπων
1262 3554 1337 3635 πρὸς

231 3689 243 3743 l
264 3687 407 3761 Αἰγύπτου
418 3706 425 3743 :
437 3687 560 3747 σε’)τοῦΗ
576 3688 580 3758 Ι
595 3690 613 3741 4
630 3689 854 3761 γῇΑέγόπτσυΑ
873 3690 999 3762 (γηαιγυ.
1015 3729 1020 3742 .
1034 3729 1039 3742 .
1055 3691 1073 3759 .)
1086 3708 1092 3742 2
1106 3687 1239 3766 Αἰγύπτῳ
1249 3689 1335 3759 Hbs!

160 3773 318 3842 Ἱούόέν>
336 3775 382 3830 HS
405 3775 410 3846 1
434 3776 467 3833 τό
485 3777 511 3829 Α
530 3794 536 3828 :
557 3784 608 3833 τοῦ
625 3774 652 3828 Η
676 3779 681 3844 Ι
705 3775 767 3843 9110
786 3777 889 3850 κέρατα
917 3807 951 3816 -
978 3775 1265 3851 εὐφρανθὴτωσαν>
1283 3777 1309 3830 Η
1331 3784 1335 3833 3

161 3862 239 3929 12113
251 3866 297 3919 καί
309 3861 378 3920 έπικ.
391 3894 426 3902 -
436 3884 473 3933 με
481 3868 516 3931 >
528 3864 555 3916 Η
570 3864 574 3933 Ι
593 3865 624 3919 15
636 3867 682 3920 καί
690 3867 725 3932 >
735 3863 761 3916 Η
778 3866 782 3932 Ι
799 3865 831 3918 17
844 3864 1065 3938 αναβαάνοντος]
1077 3865 1102 3915 Α
1118 3865 1121 3933 Ι
1140 3863 1217 3929 19120
1229 3870 1337 3936 Μωίσῆ

160 3953 267 4020 Μωόση
280 3968 286 4002 :
300 3953 335 4016 >
354 3950 394 4004 hs
411 3952 414 4018 Ι
430 3951 464 4004 22
482 3949 578 4018 αὐτοῖς
590 3968 596 4002 :
610 3950 645 4022 †
656 3954 702 4007 καί
714 3950 755 4004 Ls
771 3953 775 4020 Ι
789 3949 970 4022 χὼνευμαΙιθ
986 3953 991 4018 Ι
1007 3950 1040 4004 29
1058 3947 1163 4017 ὢ>Η
1179 3950 1183 4022 Ι
1200 3951 1234 4006 30
1253 3952 1337 4023 θερά·

158 4054 220 4092 πων
231 4055 238 4089 :
251 4039 386 4108 δεσπότης
404 4037 430 4091 H

193 4140 217 4194 5.
238 4141 287 4209 τὰς
297 4140 373 4200 άσνν.
383 4143 505 4216 καρδίας]
515 4143 557 4198 cf.
567 4144 647 4199 Rom.
658 4145 680 4206 1,
688 4143 746 4197 21.1
794 4142 869 4195 2-4.
890 4141 975 4196 Glem.
995 4141 1036 4195 Α1.
1051 4141 1152 4195 Strom.
1165 4140 1209 4203 IV,
1225 4141 1265 4204 18,
1286 4141 1336 4197 115

193 4227 249 4290 LII,
270 4230 293 4283 1.
311 4227 474 4304 ἀπροσδεής]
495 4230 538 4285 Cf.
556 4228 732 4292 Ααί.1’ί,25;
758 4246 785 4298 p.
799 4228 857 4282 614.
876 4260 912 4268 -
928 4227 1023 4282 Verba
1035 4226 1278 4301 έξομολογὴσυμαι
1297 4238 1337 4304 τῷ

158 4314 290 4386 Diognet.
310 4316 334 4379 3,
351 4318 383 4379 ές
401 4314 487 4370 clem.
505 4316 587 4372 Hom.
606 4316 652 4380 XI,
671 4317 696 4372 9.
758 4319 844 4391 κυρίῳ
857 4315 985 4370 Clemens
1004 4315 1096 4369 verbis
1109 4312 1209 4372 αἰνέσω
1228 4315 1262 4373 τὸ
1275 4312 1336 4372 όνυ-
