2834 5018
196 308 260 372 200
658 302 684 356 11
702 301 907 358 ouuuuuuis

197 478 234 541 ἐκ
257 478 358 563 ψυχης
382 481 557 561 σωθῶμεν,
587 480 640 542 καί
664 481 705 562 μὴ
736 477 899 563 γινώμεθα
930 477 1191 561 ἀνθρωπάρεσκοι
1216 476 1296 561 μηδὲ
1319 475 1373 543 θέ-

197 583 301 668 λωμεν
324 583 418 667 μόνον
442 583 563 659 ἑαυτοῖς
585 582 743 666 ἀρέσκειν,
768 582 851 645 ἀλλὰ
874 584 926 645 καί
950 591 1013 657 τοῖς
1036 580 1096 658 ἐξω
1119 579 1302 663 ἀνθρώποις
1325 579 1373 642 ἐπί

196 698 235 772 τη
258 688 447 774 δικαιοσύνῃ,
472 690 523 752 ἵνα
545 690 580 751 τό
604 691 703 770 ὄνομα
725 686 765 751 δι’
787 686 868 771 ημᾶς
891 691 933 771 μὴ
957 687 1187 773 βλασφημῆται.
1234 690 1265 752 2.
1291 684 1373 770 λέγει

196 794 256 877 γὰρ
279 793 296 856 ό
311 793 436 876 κύριος·
459 793 520 858 Διὰ
536 794 664 874 παντὸς
679 794 717 857 τύ
733 794 843 874 ὄνομά
864 815 932 873 μου
947 792 1196 876 βλασφημεῖται
1212 792 1252 856 ἐν
1267 795 1374 854 πᾶσιν

170 904 265 978 ιτοῖς
288 896 437 977 ἔθνεσιν,
469 900 522 960 καί
545 895 656 960 πάλιν·
692 896 775 962 Οὐαί
799 896 841 960 δι’
865 901 906 960 δν
928 897 1178 981 βλασφημεῖται
1200 896 1239 960 τὸ
1264 895 1372 976 ὄνομά

195 1024 271 1082 μου.
318 1001 351 1065 ἐν
374 1002 430 1066 τίνι
455 1001 701 1087 βλασφημεῖται;
734 1002 766 1065 ἐν
790 1010 834 1086 τῷ
863 1005 904 1085 μὴ
927 1011 1027 1065 ποιεῖν
1056 1001 1179 1083 ὑμάςᾶ
1210 998 1371 1085 βούλομαι.

196 1109 226 1172 3.
250 1109 289 1169 τὰ
312 1108 391 1192 ἐθνη
419 1107 480 1189 γὰρ
511 1105 669 1168 ἀκούοντα
701 1105 737 1168 ἐκ
760 1116 814 1169 τοῦ
847 1107 1000 1190 στόματος
1030 1106 1118 1190 ημῶν
1141 1107 1180 1169 τά
1203 1105 1296 1188 λόγια
1319 1112 1371 1167 τοῦ

197 1212 275 1275 θεοῦ
298 1210 340 1286 ὡς
362 1209 447 1273 καλὰ
464 1211 518 1272 καί
541 1208 664 1293 μεγάλα
679 1211 851 1293 θαυμάζει·
875 1211 982 1274 ἔπειτα
997 1211 1226 1295 καταμαθόντα
1242 1212 1282 1272 τὰ
1297 1210 1372 1293 ἔργα

195 1313 284 1397 ἡμῶν
314 1316 361 1377 ὅτι
385 1315 442 1377 οὐκ
474 1315 556 1377 ἐστιν
588 1313 659 1391 ἄξια
690 1325 751 1380 τῶν
783 1316 928 1400 ῥημάτων
961 1314 1004 1379 ὧν
1032 1315 1182 1400 λὲγομεν,
1212 1316 1308 1380 ἔνθεν
1331 1314 1371 1388 είς

157 1441 183 1478 10
198 1417 396 1503 βλασφημίαν
430 1419 610 1502 τρέπονται,
643 1418 785 1504 λέγοντες
818 1418 894 1483 είναι
925 1422 1028 1503 μῦθόν
1062 1442 1130 1484 τινα
1162 1423 1216 1484 καί
1239 1419 1370 1502 πλάνην.

197 1528 226 1589 4.
252 1525 326 1587 όταν
349 1524 409 1608 γάρ
431 1523 608 1587 ἀκούσωσιν
631 1523 705 1606 παρ’
727 1524 832 1609 ημῶν,
863 1529 909 1589 ότι
933 1525 1016 1610 λέγει
1040 1526 1056 1588 ό
1080 1527 1171 1602 θεός·
1206 1526 1255 1592 Οὐ
1278 1527 1371 1610 χάρις

196 1633 287 1709 ύμῖν,
311 1630 340 1693 ελ
364 1629 517 1712 ἀγαπᾶτε
539 1631 617 1709 τοὺς
640 1630 844 1712 ἀγαπῶντας
867 1635 972 1711 ὑμᾶς,
997 1631 1085 1694 otte
1107 1633 1203 1716 χάρις
1226 1635 1320 1712 ύμῖν,
1343 1630 1370 1693 εἰ

197 1733 350 1816 ἀγαπᾶτε
371 1735 449 1812 τούς
479 1732 624 1818 ἐχθρούς
647 1735 703 1797 καὶ
727 1737 805 1815 τοὺς
832 1743 1017 1816 μισοῦντας
1040 1741 1143 1817 ὑμᾶς·
1174 1746 1275 1798 ταῦτα
1297 1736 1370 1797 ὅταν

197 1836 374 1900 ἀκούσωσιν
398 1838 614 1920 θαυμάζουσιν
637 1839 692 1919 τὴν
716 1837 889 1922 ὑπερβολὴν
911 1849 966 1922 τῆς
989 1839 1205 1922 ἀγαθότητος·
1240 1842 1315 1902 όταν
1338 1837 1370 1900 δέ

158 1960 183 2001 ιι
197 1940 313 2021 ἴδωσιν,
337 1943 382 2004 ότι
406 1942 442 2004 ού
465 1941 559 2024 μόνον
575 1944 646 2016 τοὺς
669 1952 834 2023 μισοῦντας
857 1945 915 2005 οὐκ
931 1944 1111 2026 ἀγαπῶμεν,
1136 1943 1209 2007 ἀλλ’
1232 1947 1280 2007 ότι
1302 1943 1371 2006 ούδέ

196 2049 267 2121 τοὺς
290 2047 487 2130 ἀγαπῶντας,
511 2044 729 2130 καταγελῶσιν
751 2045 849 2129 ἡμῶν,
873 2049 926 2110 καί
950 2047 1178 2132 βλασφημεῖται
1201 2049 1237 2111 τό
1261 2050 1368 2130 ὄνομα.

284 2151 371 2216 XIV.
395 2147 503 2228 Ὥστε,
526 2149 665 2232 ἀδελφοί,
688 2161 847 2226 ποιοῦντες
870 2154 905 2214 τό
921 2152 1048 2236 θέλημα
1070 2163 1125 2215 τοῦ
1147 2153 1265 2234 πατρὸς
1284 2151 1370 2234 ἡμῶν

196 2258 275 2320 θεοῦ
305 2253 446 2337 ἐσόμεθα
476 2253 513 2317 ἐκ
541 2266 595 2339 τῆς
626 2253 795 2338 ἐκκλησίας
818 2266 873 2339 της
905 2255 1044 2340 πρώτης,
1074 2267 1129 2339 της
1150 2265 1369 2339 πνευματικῆς,

197 2370 250 2442 τῆς
273 2360 332 2441 πρό
353 2358 443 2442 ἡλίου
466 2361 520 2422 καί
543 2358 674 2443 σελήνης
698 2358 894 2444 ἐκτισμένης·
929 2361 982 2423 ἐὰν
1005 2361 1103 2444 δὲμὴ
1136 2360 1316 2443 ποιήσωμεν
1338 2359 1370 2420 τό

157 2482 183 2522 20
198 2463 324 2548 θέλημα
346 2463 463 2546 κυρίου,
487 2465 630 2547 ἐσόμεθα
654 2463 691 2526 ἐκ
713 2475 766 2548 τῆς
788 2475 909 2548 γραφῆς
932 2474 986 2547 τῆς
1007 2464 1173 2550 λεγούσης·
1198 2461 1370 2548 Ἐγενηθη

197 2571 215 2632 ό
244 2570 334 2650 οίκός
366 2591 433 2650 μου
465 2569 636 2653 σπήλαιον
666 2569 810 2655 ληστῶν.
859 2570 939 2632 ὥστε
969 2567 1022 2632 ούν
1053 2568 1287 2652 αἱρετισύιμεθα
1310 2567 1369 2629 ἀπό

195 2682 250 2757 της
273 2671 441 2757 ἐκκλησίας
470 2684 525 2757 της
548 2674 630 2757 ζωῆς
653 2671 749 2753 είναι,
779 2675 831 2735 ’ίνα
863 2676 1030 2755 σωθῶμεν.
1076 2678 1106 2740 2.
1131 2675 1189 2736 οὐκ
1212 2674 1316 2755 οίομαι
1338 2671 1370 2733 δὲ

195 2776 275 2859 ὑμᾶς
298 2777 437 2861 ἀγνοεῖν,
470 2779 516 2840 ότι
540 2778 701 2862 ἐκκλησία
730 2778 817 2855 ζῶσα
841 2780 940 2858 σῶμά
973 2779 1065 2843 ἐστιν
1088 2778 1257 2863 Χριστοῦ·
1289 2777 1369 2859 λέγει

194 2884 255 2966 γάρ
270 2881 290 2965 η
305 2881 429 2967 γραφή·
451 2883 639 2968 Ἐποίησεν
654 2886 672 2947 ό
688 2881 770 2964 θεὸς
786 2885 846 2946 τὸν
862 2882 1053 2968 ἄνθρωπον
1069 2884 1174 2966 ἄρσεν
1190 2884 1247 2946 καί
1262 2881 1368 2966 θῆλυ

265 3054 281 3108 3
300 3057 372 3126 pu,
390 3053 512 3125 Βῖῧμᾶῖ
529 3057 555 3110 Η
579 3058 584 3124 Ι
608 3057 801 3131 4γᾶρ-Ι-καί
821 3056 839 3109 S
864 3056 1000 3125 Ιθπάλιν
1020 3055 1086 3114 Οὐαί
1104 3054 1137 3111 δι’
1156 3053 1190 3111 ὃν
1208 3053 1302 3111 Βιδιὸ
1319 3051 1345 3104 H
1364 3051 1367 3103 i

195 3142 211 3195 6
230 3146 282 3198 τίνι
294 3142 330 3214 “ί“
341 3143 371 3199 δὲ
389 3142 407 3196 S
423 3143 427 3214 Ι
442 3141 515 3213 ὑμᾶς
532 3141 550 3201 ἃ
566 3144 700 3217 βούλομαι
722 3145 748 3198 Η
762 3164 768 3197 2
780 3148 852 3216 ἡμᾶς
870 3141 889 3201 ἃ
906 3143 1025 3217 λέγομεν
1043 3142 1061 3196 S
1081 3142 1085 3212 ί
1109 3143 1124 3195 7
1143 3144 1223 3213 ἡμῶν
1240 3142 1259 3196 S
1272 3160 1279 3194 ι
1294 3138 1370 3210 ὑμῶν

194 3230 220 3283 Η
235 3229 272 3298 18
291 3225 474 3301 ἔπειτα-ί-δέ
493 3231 511 3284 S

194 3386 765 3462 Λοκ3,19.-ἀννροπάρεσκοι]οιῖῖμυ.
779 3388 782 3452 ἱ
794 3402 845 3455 pro
864 3385 898 3441 δι’
916 3384 950 3440 ὃν
961 3403 1056 3439 omnes
1069 3385 1104 3441 δι’
1122 3379 1155 3442 οὗ
1167 3385 1283 3437 habent.
1302 3382 1370 3436 Cum

194 3475 219 3538 6,
237 3477 268 3533 6;
289 3474 346 3530 001.
366 3477 389 3537 3,
409 3477 455 3537 22;
473 3476 533 3545 Igu.
553 3474 632 3528 Rom.
652 3475 676 3535 2,
698 3477 720 3528 l.
733 3505 768 3512 -
780 3460 782 3513 ί
795 3474 831 3526 κύ
843 3476 957 3527 auctore
968 3475 1065 3526 nostro
1075 3471 1168 3524 verbis
1178 3471 1288 3524 Iesaiue
1303 3470 1369 3531 525

195 3569 253 3627 τοῖς
279 3556 342 3630 ἔξω]
371 3561 387 3615 i.
407 3578 428 3615 e.
458 3561 620 3630 gentilibus.
649 3559 691 3614 cf.
711 3554 931 3647 Cot'ptunquum
960 3558 1065 3611 dietum
1086 3559 1207 3612 ult-erum
1234 3557 1370 3625 adiunge·

194 3646 219 3709 4,
239 3648 267 3709 5;
287 3649 298 3701 Ι
316 3649 413 3702 Thess.
431 3649 456 3709 4,
475 3651 519 3711 12;
538 3649 550 3701 1
569 3648 640 3700 Tim.
660 3649 683 3708 3,
697 3650 856 3715 7.-3tur,
884 3664 940 3700 non
960 3645 996 3697 ud
1023 3644 1103 3698 illum
1127 3645 1236 3705 loeum,
1268 3645 1318 3697 sed
1337 3641 1371 3696 ad

197 3730 296 3803 ὄνομα]
317 3752 355 3786 se.
374 3735 494 3797 Domini,
514 3738 547 3788 ut
565 3733 769 3802 interpretatur
781 3752 783 3811 ζ
796 3734 883 3786 alium
902 3732 946 3786 vel
962 3731 1178 3799 adscripturum
1192 3730 1370 3801 deperditam

196 3820 287 3888 Syrus.
309 3821 350 3875 cf.
369 3823 429 3889 Igu.
448 3820 519 3890 Eph.
539 3822 563 3884 3,
584 3821 607 3872 1.
781 3820 974 3897 5referendum
993 3835 1054 3872 esse
1076 3818 1197 3872 videtur.
1235 3819 1306 3872 Cum
1325 3834 1370 3871 au·

231 3908 253 3959 2.
274 3906 335 3963 ούαί
352 3907 385 3963 δι’
413 3906 445 3964 ὃν
463 3908 533 3977 κτλ]
563 3906 677 3960 Dictum
705 3925 768 3976 pro·
781 3904 783 3939 :
796 3910 852 3961 tem
870 3905 997 3974 proxime
1016 3906 1149 3959 adverte.
1166 3905 1275 3959 Iesaiae
1295 3921 1370 3958 ecee

197 3993 290 4047 ferunt
316 3994 402 4047 etium
431 3995 557 4063 Ignotiue
585 3993 671 4047 Trall.
690 3994 719 4055 8,
739 3980 847 4069 &idat
865 3997 951 4059 utque
970 3991 1087 4044 eandem
1105 3992 1163 4045 rim
1182 4008 1247 4044 oum
1266 3991 1309 4045 his
1322 3992 1370 4044 hu·

196 4077 368 4148 Polycarpue
395 4081 465 4134 Phil.
486 4082 524 4143 10,
545 4082 575 4143 3;
606 4080 869 4143 Didascaiioibeat,
887 4077 1025 4147 suspicari
1043 4078 1118 4141 lieet,
1137 4078 1232 4132 locum
1248 4079 1371 4148 prophe-

198 4165 242 4217 vel
261 4166 483 4221 constitutiones
496 4171 587 4236 apost.
601 4167 621 4229 Ι,
637 4168 669 4221 10
682 4166 768 4234 (Heu
781 4168 783 4291 γ
796 4170 842 4220 tue
855 4166 940 4219 etiam
960 4165 990 4217 iu
1002 4166 1075 4218 hanc
1095 4167 1216 4219 formam
1227 4167 1372 4220 redactum

197 4247 237 4302 ler
254 4268 281 4319 p.
297 4253 354 4319 13);
373 4254 426 4306 hae
445 4254 560 4322 insuper
573 4253 618 4317 111,
637 4256 665 4315 5;
684 4252 768 4307 modo
796 4253 871 4321 apud
889 4255 997 4306 veteres
1015 4253 1210 4307 circumlatum
1228 4252 1324 4307 fifisse
1337 4282 1373 4292 -
