2834 5018
470 714 585 771 maun.
603 715 662 777 vn,
681 717 745 770 4-
757 716 830 778 mu,
848 718 873 771 4.
1196 719 1260 785 493

86 893 134 957 vis
157 893 274 957 malum
299 895 411 971 facere,
435 895 511 959 time
535 895 704 972 dominum,
728 898 760 959 et
782 916 846 959 non
869 895 967 960 facies
983 895 1081 971 illud3
1105 896 1132 960 si
1155 900 1260 960 autem

85 999 223 1064 vicissim
246 999 293 1062 vis
315 1000 434 1064 bonum
455 999 568 1077 facere,
592 1000 670 1064 time
692 999 861 1079 dominum,
887 1004 919 1064 et
940 1000 1039 1066 facies
1061 1001 1149 1065 illud.
1192 1000 1259 1065 Ita·

86 1126 147 1188 que
170 1103 265 1168 timor
288 1103 406 1168 domini
429 1104 521 1168 fortis
544 1108 592 1168 est
615 1110 646 1168 et
661 1127 796 1189 magnus
819 1110 851 1169 et
874 1104 1041 1189 gloriosus.
1088 1104 1178 1170 Time
1197 1104 1260 1190 igi-

83 1214 137 1272 tur
159 1209 337 1284 dominum,
371 1213 403 1272 et
425 1208 510 1273 vives
533 1208 580 1286 ei,
613 1213 646 1273 et
668 1213 824 1294 quotquot
845 1210 1007 1274 timuerint
1038 1232 1109 1274 eum
1132 1210 1260 1293 eiusque

84 1317 255 1397 praecepta
276 1314 498 1391 custodierint,
530 1314 636 1378 vivent
658 1314 724 1378 deo.
772 1315 802 1377 5.
826 1311 938 1392 Quare,
963 1314 1101 1398 inquam,
1126 1314 1287 1390 domines

85 1418 191 1481 dixisti
215 1418 252 1480 de
275 1418 324 1495 iis,
350 1419 404 1502 qui
427 1420 494 1483 eius
516 1420 667 1483 mandata
687 1422 830 1483 servant:
853 1417 971 1483 Vivent
992 1420 1074 1484 deo?
1103 1418 1193 1496 Quia,
1210 1420 1259 1482 in·

85 1523 170 1605 quIt,
201 1524 303 1587 omnis
335 1529 478 1589 creatura
506 1525 598 1589 timet
629 1524 807 1600 dominum,
840 1525 894 1587 sed
927 1525 1076 1589 mandata
1108 1525 1175 1588 eius
1196 1545 1261 1587 non

85 1627 232 1691 custodit.
281 1627 341 1703 Qui
373 1649 450 1713 ergo
480 1628 595 1691 timent
625 1650 697 1693 eum
727 1634 759 1692 et
791 1629 971 1693 custodiunt
1003 1630 1069 1694 eius
1100 1630 1258 1701 mandata,

85 1730 214 1795 illorum
238 1731 304 1796 utta
327 1735 375 1796 est
398 1733 480 1815 apud
504 1733 613 1808 deum3
646 1732 700 1816 qui
723 1736 827 1796 autem
855 1733 1006 1797 mandata
1028 1732 1095 1797 eius
1117 1755 1181 1798 non
1204 1756 1259 1798 cu-

85 1836 235 1910 stodiunt,
259 1836 293 1899 in
315 1836 354 1898 iis
376 1857 434 1899 nec
456 1835 522 1900 vita
544 1840 600 1900 est.
1274 1863 1299 1899 ιο

522 2079 709 2144 Mandatum
731 2078 817 2143 VIII.

174 2254 250 2318 Dixi
273 2254 341 2331 tibi,
366 2253 485 2336 inquit,
515 2257 675 2317 creaturas
699 2253 748 2318 dei
770 2254 911 2337 duplices
934 2276 1017 2329 esse;
1051 2277 1126 2319 nam
1148 2261 1179 2320 et
1202 2257 1258 2320 ab·

84 2359 235 2424 stinentia
267 2359 384 2443 duplex
407 2362 464 2422 est.
510 2355 541 2422 A
565 2358 752 2442 quibusdam
775 2359 858 2422 enim
888 2359 1101 2423 abstineamus
1124 2366 1259 2444 oportet,

85 2488 104 2529 a
128 2464 317 2547 quibusdam
340 2485 412 2527 non.
459 2463 487 2526 2.
511 2462 703 2527 Demonstro
723 2462 811 2540 mihi,
828 2463 967 2548 inquam,
993 2464 1124 2541 domine,
1150 2464 1259 2549 aqui-

84 2570 145 2633 bus
169 2568 381 2633 abstineamus
413 2570 575 2650 oporteat,
609 2567 767 2651 aquibus
797 2590 861 2632 uou
891 2573 1045 2652 oporteat.
1092 2569 1185 2647 Audi,
1209 2570 1300 2633 in-1s

84 2674 163 2757 quit.
209 2671 240 2736 Α
263 2672 347 2735 malo
371 2671 494 2736 abstine
517 2676 548 2736 et
570 2671 636 2736 noli
658 2672 737 2737 illud
767 2673 888 2749 facere;
919 2674 1044 2738 abono
1073 2678 1179 2738 autem
1202 2675 1259 2739 ab·

84 2777 201 2840 stinerc
224 2777 305 2851 noli,
337 2777 392 2840 sed
414 2775 466 2840 fac
495 2776 583 2841 illud.
630 2775 664 2841 Si
687 2778 770 2841 enim
801 2777 990 2842 abstinueris
1013 2800 1032 2842 a
1054 2779 1137 2842 bono
1160 2800 1260 2862 neque

85 2881 198 2945 feceris
221 2880 310 2959 illud,
335 2885 500 2965 peccatum
522 2902 673 2965 maguum
695 2881 854 2965 operaris;
887 2882 914 2946 si
937 2886 1043 2946 autem
1070 2881 1261 2947 abstinueris

85 2987 212 3051 amalo
234 3008 335 3070 neque
367 2987 479 3051 feceris
502 2986 597 3063 illud,
630 2986 786 3050 iustItiam
819 3008 968 3071 magnam
994 2985 1145 3069 operaris.
1191 2986 1260 3051 Ab·

84 3092 166 3155 stine
189 3092 289 3175 igItur
311 3092 351 3156 ab
375 3092 460 3155 omni
492 3091 659 3174 iniquitate
682 3090 801 3154 faciens
829 3091 958 3154 bonum.
1005 3091 1034 3154 3.
1060 3088 1186 3166 Quales,
1210 3092 1259 3155 in·
1274 3113 1300 3151 ao

84 3218 189 3278 quam.
214 3196 347 3273 domine,
372 3201 446 3261 sunt
469 3196 642 3277 nequitiae,
666 3217 686 3258 a
709 3194 823 3277 quibus
850 3197 975 3276 oportet
997 3215 1054 3258 nos
1081 3195 1261 3260 abstinere?

84 3301 179 3378 Audi,
204 3301 322 3384 inquit:
346 3302 385 3365 ab
410 3300 564 3364 adulterio
587 3303 619 3363 et
643 3298 858 3375 fornicatione,
884 3321 904 3362 a
926 3302 1006 3381 potu
1022 3298 1139 3382 iniquo,
1165 3323 1183 3363 a
1205 3300 1260 3363 de-

83 3405 166 3469 liciis
188 3405 289 3479 malis,
315 3429 334 3469 a
356 3404 668 3469 commessationibus
692 3402 809 3467 crebris
832 3406 863 3465 et
877 3402 1112 3486 magnificentia
1134 3403 1260 3467 divitia·

83 3531 155 3573 rum
178 3513 209 3573 et
241 3508 428 3593 gloriatione
451 3514 483 3574 et
509 3507 678 3572 insolentia
699 3510 731 3570 et
759 3506 906 3588 superbia
936 3511 968 3570 et
997 3529 1016 3570 a
1044 3506 1207 3572 mendacio
1230 3512 1262 3572 et
1311 3545 1314 3551 ·

85 3614 313 3678 detrectatione
336 3619 368 3678 et
389 3613 566 3698 hypocrisi,
599 3611 751 3676 memoria
781 3610 915 3674 iniuriae
938 3614 970 3674 et
993 3612 1078 3675 omni
1108 3611 1260 3696 blasphe-
1274 3633 1300 3671 aa

84 3718 158 3781 mia.
205 3719 235 3782 4.
261 3717 349 3783 Haec
365 3741 461 3803 opera
483 3717 624 3782 omnium
638 3716 831 3800 nequissima
853 3720 927 3780 sunt
948 3716 981 3780 in
998 3716 1065 3780 vita
1087 3715 1258 3781 hominum.

84 3821 138 3887 Ab
161 3821 211 3888 his
235 3845 311 3907 ergo
334 3825 481 3908 operibus
504 3826 630 3906 oportet
653 3842 777 3885 servum
807 3821 856 3885 dei
879 3820 1044 3885 abstinere.
1093 3819 1154 3897 Qui
1178 3822 1261 3885 enim

84 3929 125 3992 ab
151 3927 199 3991 his
222 3951 286 3993 non
309 3929 462 4004 abstinet,
495 3948 559 3991 nou
581 3930 688 4010 potest
710 3926 813 3990 vivere
837 3926 904 3990 deo.
951 3925 1036 3990 Audi
1060 3946 1135 4010 ergo
1159 3930 1191 3990 et
1213 3948 1259 4005 ea,

120 4064 194 4118 VIII.
213 4063 314 4118 Exstat
324 4064 489 4119 Mandatum
499 4066 558 4119 fore
566 4065 658 4119 totum
687 4062 858 4117 cenodoxiae
886 4062 982 4131 (quam
1007 4078 1059 4115 nos
1083 4078 1184 4115 vanam
1202 4061 1261 4116 sive

83 4150 161 4220 apud
188 4153 347 4207 Ps.·Athan.
375 4154 391 4206 l.
412 4169 434 4207 e.
462 4152 520 4207 c.8
549 4153 578 4206 et
603 4153 659 4205 An·
686 4151 798 4203 inanem
812 4147 931 4218 gloriam
942 4166 1091 4217 possumus
1105 4149 1261 4218 appellare)

82 4239 168 4293 tiocli
194 4239 270 4292 Mon.
296 4240 376 4293 Hom.
397 4240 430 4294 79
456 4238 504 4293 PG
521 4239 563 4303 89,
584 4239 658 4294 1670.
685 4237 900 4299 multiformem,
929 4236 1038 4289 varium
1063 4237 1150 4303 atque
1173 4236 1261 4290 subti-

119 4327 143 4380 3.
163 4325 205 4380 Cf.
225 4326 309 4379 Marc.
328 4326 351 4390 Ἰ,
371 4327 412 4380 22.
685 4326 741 4379 lem
762 4328 812 4378 etc.

119 4415 143 4466 5.
162 4411 317 4482 κενοδοξία]
347 4411 389 4466 cf.
416 4412 533 4468 IOlem.
561 4412 608 4477 35,
628 4415 658 4476 5;
720 4412 745 4465 6.
763 4410 870 4483 πονηρὰ
888 4449 914 4467 .·
933 4432 958 4467 x.
976 4414 1038 4468 λίαν
1054 4412 1094 4482 π.]
1113 4414 1168 4468 te.
1185 4414 1262 4469 mala

83 4499 144 4568 Igu.
163 4500 257 4569 Magn.
270 4501 317 4563 113
336 4500 445 4554 Philad.
460 4503 481 4564 1,
495 4501 516 4553 1.
533 4500 658 4554 Cassian.
685 4501 759 4554 inter
777 4516 873 4554 omnes
891 4499 1031 4564 homiues,
1050 4501 1126 4556 inter
1144 4501 1260 4557 Christi·

84 4585 126 4640 De
145 4588 259 4642 coenob.
280 4586 368 4641 instit.
388 4586 434 4650 XI,
455 4587 484 4640 1:
503 4585 659 4656 Septimum
686 4604 755 4642 anos
774 4590 869 4642 antem
887 4587 1016 4656 pessima.

83 4674 165 4728 uobis
186 4680 328 4730 certamen
346 4675 390 4729 est
412 4677 511 4728 contra
528 4672 659 4744 spiritum
