2834 5018
313 662 363 716 AD
382 662 727 722 PHILADELPHENSES
746 665 806 732 vn,
827 667 950 737 l-VIII,
969 671 993 724 2.
1176 675 1238 740 271

58 842 165 926 cipere
187 839 367 918 voluemnt,
393 841 522 925 spiritus
546 847 653 907 tamen
675 864 739 908 non
762 846 917 929 decipitur
940 870 959 912 a
979 847 1037 912 deo
1052 853 1150 913 ortus.
1173 853 1239 914 No·

58 952 106 1010 ait
128 946 221 1021 enim,
247 949 469 1011 andecanim
492 955 525 1010 et
549 967 612 1027 quo
636 950 745 1029 vadat,
768 954 800 1013 et
821 956 942 1015 secreta
964 942 1116 1037 coarguit.
1164 951 1238 1018 Cla·

58 1053 159 1128 mavi,
191 1074 262 1117 cum
290 1073 441 1135 praesens
473 1073 590 1129 essem,
624 1052 778 1136 loquebar
806 1075 924 1139 magna
945 1077 1038 1134 voce,
1073 1057 1122 1121 dei
1143 1078 1237 1122 voce:

57 1157 219 1240 Episcopo
243 1156 388 1221 oboedite
412 1159 444 1219 et
457 1156 654 1239 presbyterio
677 1162 709 1222 et
725 1158 875 1224 diaconis.
922 1162 950 1224 2.
975 1160 1033 1225 Isti
1055 1166 1161 1226 antem
1184 1185 1238 1226 su·

60 1262 176 1347 spicati
193 1267 275 1338 sunt,
296 1284 347 1326 me
362 1267 398 1325 ut
413 1262 590 1344 praescium
606 1262 785 1328 schismatis
802 1266 998 1349 quorundam
1013 1265 1092 1330 haec
1107 1265 1265 1339 dixisse;⁶

56 1367 151 1431 testis
176 1389 249 1431 vero
272 1366 352 1430 mihi
374 1366 402 1430 is
425 1370 482 1440 est,
507 1389 644 1450 proquo
667 1369 791 1435 vinctus
808 1392 887 1449 sum,
912 1372 997 1454 quod
1019 1393 1039 1435 a
1061 1392 1153 1435 carne
1177 1371 1237 1434 hu·

57 1495 153 1535 mana
177 1472 209 1535 id
231 1494 296 1536 non
312 1471 520 1555 cognoverim.
567 1471 629 1535 Sed
652 1473 783 1556 spiritus
799 1474 999 1538 annuntiavit
1020 1475 1125 1539 dicens
1141 1475 1237 1539 haec:

59 1576 134 1640 Sine
166 1576 314 1659 episcopo
343 1574 424 1639 nihil
454 1574 566 1653 facite,
607 1597 733 1640 carnem
764 1581 904 1642 vestram
935 1581 970 1641 ut
1001 1578 1049 1641 dei
1083 1579 1238 1662 templum

58 1681 229 1757 custodite,
261 1680 409 1745 unionem
432 1684 550 1753 amate,
584 1679 713 1743 dissidia
736 1680 856 1766 fugite,
880 1682 1056 1746 imitatores
1078 1686 1144 1747 este
1165 1682 1238 1746 Iesu

58 1784 187 1858 Christi,
212 1784 294 1848 sicut
317 1788 350 1848 et
370 1785 439 1867 ipse
461 1783 561 1867 patris
585 1783 642 1847 sui.
1250 1804 1276 1841 m

146 1890 234 1954 VIII.
260 1892 331 1973 Ego
354 1890 472 1973 itaque,
497 1889 581 1973 quod
603 1911 709 1953 meum
725 1893 801 1968 erat,
826 1889 887 1953 feci
909 1895 945 1955 ut
965 1890 1059 1955 homo
1083 1892 1124 1955 ad
1146 1891 1235 1955 unio·

57 2017 131 2058 nem
162 1995 345 2060 destinatus.
370 2076 372 2079 .
394 1992 457 2058 Ubi
490 1999 595 2057 autem
627 1993 738 2058 divisio
770 1998 818 2057 est
848 1999 880 2057 et
902 1994 968 2071 ira,
1001 1994 1046 2058 ibi
1069 1996 1144 2059 deus
1173 2017 1236 2059 non

57 2100 193 2164 habitat.
240 2099 395 2164 Omnibus
418 2099 518 2182 igitur
532 2098 768 2181 paenitentibus
791 2098 924 2162 remittit
944 2099 1029 2175 deus,
1054 2099 1080 2161 si
1103 2120 1136 2162 se
1160 2120 1235 2163 con·

58 2210 184 2268 vertant
208 2205 247 2268 ad
262 2203 410 2267 unionem
434 2226 504 2267 cum
529 2203 585 2267 deo
602 2207 634 2266 et
657 2204 697 2267 ad
712 2203 965 2268 communionem
988 2225 1059 2268 cum
1075 2203 1235 2287 episcopo.

58 2309 160 2374 Credo
184 2309 306 2392 gratiae
330 2307 401 2371 lesu
426 2306 558 2383 Christi,
591 2307 645 2391 qui
668 2307 769 2371 solvet
792 2331 811 2370 a
833 2309 924 2373 vobis
952 2329 1043 2372 omne
1066 2307 1233 2372 vinculum.
1250 2323 1275 2361 ¹⁵

57 2416 87 2476 2.
114 2413 254 2477 Obsecro
283 2417 389 2476 autem
412 2434 486 2488 vos,
517 2416 553 2475 ut
583 2410 665 2475 nihil
696 2411 890 2475 contentiose
913 2411 1036 2496 agatis,
1072 2412 1126 2475 sed
1148 2411 1237 2475 iuxta

58 2518 179 2582 Christi
211 2518 395 2582 doctrinam.
443 2516 522 2581 Cum
545 2516 686 2580 audirem
717 2517 870 2599 quosdam
902 2515 1055 2579 dicentes:
1086 2513 1158 2578 Nisi
1185 2516 1235 2580 in-

132 2671 143 2723 l
165 2670 263 2723 Ioann.
282 2672 305 2733 3,
325 2670 350 2724 8.

56 2794 145 2846 illam.
183 2792 280 2858 Neque
299 2791 373 2845 enim
393 2792 483 2846 solum
499 2792 635 2846 verisimi·
664 2791 725 2846 scot
745 2808 779 2846 ea
797 2808 860 2845 cum
873 2791 964 2845 verbis
983 2790 1154 2849 educaretur
1173 2808 1235 2846 con·

56 2880 113 2933 lius
142 2883 203 2943 est,
230 2876 381 2932 lectionem
407 2880 512 2932 rectam
530 2879 560 2932 in
578 2878 780 2965 uno'iungens
799 2879 834 2937 τὰ
852 2878 947 2953 ἀρχεῖα
966 2895 1027 2932 esse
1037 2879 1126 2933 Vetus
1139 2879 1235 2934 Testa·

57 2971 170 3021 tantum
189 2968 252 3020 loco
265 2965 402 3019 excidisse
421 2982 506 3033 quam
524 2965 554 3018 in
568 2966 804 3030 duo-'mentum,
836 2969 865 3019 et
893 2964 987 3018 Iocum
1016 2966 1235 3035 interpretatur:

56 3054 127 3116 bus,
147 3054 195 3107 sed
215 3054 403 3123 interpolator
420 3055 465 3107 ter
482 3054 569 3109 habet
587 3070 634 3107 vo·
662 3051 717 3104 nisi
735 3052 869 3106 invenero
888 3054 1095 3123 (argumentum
1113 3053 1158 3107 vel
1172 3071 1235 3108 con·

56 3157 117 3194 cem
138 3140 233 3212 ἀρχεῖα
247 3143 276 3194 et
293 3141 385 3194 versio
396 3141 556 3194 armeniano
568 3141 634 3193 huic
661 3137 838 3206 troversiam)
864 3141 894 3193 in
918 3140 1053 3202 archivis,
1078 3157 1135 3193 non
1153 3141 1235 3194 credo

57 3227 175 3282 lectioni
189 3229 275 3282 favet.
312 3227 436 3290 Accedit,
457 3228 533 3294 quod
545 3225 633 3282 Vetus
662 3224 806 3295 (quoniam
820 3225 1167 3297 apparet)inEvangeli0,
1180 3226 1198 3279 i.
1213 3243 1234 3280 e.

57 3316 271 3368 Testamentum
290 3332 307 3367 a
325 3312 440 3368 Graecis
459 3331 515 3368 non
535 3313 634 3387 ἀρχαία
661 3313 717 3365 nisi
731 3312 858 3366 eVetere
871 3312 1051 3367 Testamenta
1064 3313 1234 3381 probaveris,

56 3407 184 3472 διαθήκη,
203 3405 235 3455 ut
247 3402 361 3470 pat-roni
375 3399 490 3455 alterius
503 3399 633 3454 lectionis
661 3417 717 3453 non
746 3399 845 3463 credo,
882 3416 1054 3466 quamquam
1081 3399 1234 3470 Evangelio

56 3490 195 3551 statuunt,
215 3505 244 3541 se
263 3488 358 3556 potius
371 3488 474 3544 παλαιὰ
493 3493 566 3544 orae.
586 3504 633 3540 no·
661 3484 791 3538 traditur.
828 3486 1022 3541 Parallelismo
1050 3503 1146 3540 versus
1174 3488 1234 3554 qui-

55 3575 228 3628 minabatur.
259 3575 299 3629 cf.
320 3575 413 3645 Magn.
433 3575 456 3637 9,
478 3578 499 3637 1,
519 3575 571 3641 (10,
590 3577 632 3646 2);
662 3572 726 3625 dem
744 3572 795 3625 illa
807 3574 980 3627 constructio
992 3573 1079 3643 posci,
1099 3573 1235 3642 interpre-

56 3661 271 3725 1100r.3,14;
305 3661 504 3723 Hebr.8,13;
535 3660 633 3716 Melito
661 3659 733 3714 tatio
753 3664 848 3712 autem
866 3659 949 3713 nimis
963 3664 1063 3714 coacta
1081 3675 1142 3712 esse
1160 3661 1234 3714 vide·

56 3748 136 3802 Sard.
157 3766 201 3817 ap.
221 3747 284 3802 Eus.
304 3747 337 3801 H.
351 3747 381 3802 Ε.
395 3748 441 3810 IV,
455 3748 496 3809 26,
512 3749 551 3803 16.
571 3749 633 3803 Vox
660 3750 714 3801 tur.
743 3746 858 3800 Rectius
873 3746 948 3800 Zahn
966 3762 1064 3800 vocem
1076 3746 1235 3819 εὐαγγέλιον

55 3835 152 3908 ἀρχεῖα
172 3840 335 3889 autemnon
354 3833 444 3888 solum
459 3835 632 3906 χαρτοφυλά-
660 3833 878 3903 explicationem
903 3833 979 3888 vocis
997 3832 1092 3906 ἀρχεῖα
1116 3850 1176 3887 esse
1195 3834 1233 3886 iu-

54 3945 101 3980 κια
129 3939 178 3975 seu
205 3924 299 3975 locum
326 3920 479 3990 signifieat,
508 3919 578 3978 ἔνθα
604 3920 632 3978 cri
660 3920 773 3974 dicavit.
811 3922 910 3987 Itaque
939 3936 1035 3973 sensus
1063 3921 1152 3976 totius
1179 3920 1234 3975 loci

55 4012 184 4080 δημόσιαι
200 4009 300 4081 χάρται
322 4010 482 4065 ἀπόκεινται
501 4008 632 4078 (Suidas),
660 4006 706 4060 hic
725 4012 783 4062 est:
803 4006 945 4068 haeretici,
968 4006 1134 4072 quibuscum
1152 4007 1233 4076 Igna·

56 4098 106 4150 sed
119 4097 207 4149 etiam
218 4095 387 4149 documenta
397 4094 441 4148 vel
451 4098 633 4149 monumenta
659 4095 716 4148 tius
735 4096 898 4165 disputavIt,
913 4094 1050 4162 patebant
1067 4096 1234 4162 argumenta

54 4183 160 4238 litteris
180 4182 341 4250 conscripta
352 4183 405 4252 (cf.
415 4183 530 4250 Dionys.
542 4181 631 4236 Halic.
660 4183 865 4246 edocumentis,
875 4200 908 4235 ex
915 4182 1068 4251 Evangelio
1076 4181 1232 4248 desumpta,

55 4270 153 4337 Antiq.
174 4269 207 4331 II,
226 4270 274 4330 26;
293 4268 395 4322 Euseb.
413 4268 446 4320 H.
461 4267 491 4321 E.
506 4268 526 4330 Ι,
542 4271 565 4331 7,
581 4269 632 4339 13).
661 4285 778 4336 cumque
797 4270 857 4339 Ign.
876 4270 1071 4339 responderet,
1096 4269 1168 4321 talia
1186 4267 1233 4322 do·
1342 4296 1344 4301 ·

55 4359 135 4424 Quae
155 4359 249 4409 autem
271 4354 439 4408 documenta
458 4354 575 4417 fuerint,
596 4355 633 4408 ad
660 4361 792 4410 cumenta
805 4361 924 4419 exstare,
937 4355 980 4410 illi
994 4354 1162 4417 obiciebant,
1180 4355 1234 4409 hoc

54 4463 130 4514 quae
162 4440 297 4496 haeretici
327 4440 536 4510 provocabant,
567 4443 632 4496 inde
661 4443 759 4511 quaeri
776 4444 820 4496 vel
841 4459 902 4497 esse
921 4442 1183 4504 demonstrandum
1202 4441 1233 4495 id

52 4532 179 4588 maxime
198 4530 355 4599 dependet,
384 4528 524 4594 quomodo
547 4529 634 4582 verba
660 4531 734 4585 enirn
763 4530 826 4600 agi,
855 4546 922 4581 num
949 4528 1085 4597 scriptum
1103 4531 1179 4582 esset
1204 4528 1235 4582 in

52 4621 84 4679 ἐν
95 4629 135 4695 τῷ
145 4618 296 4692 εὐαγγελίῳ
306 4617 511 4670 construantur.
536 4615 633 4685 Ligbt
659 4616 813 4686 Evangelio
824 4614 869 4670 vel
878 4616 942 4682 quis
952 4619 1027 4670 esset
1039 4633 1135 4670 sensus
1148 4615 1233 4686 scrip·
