<?xml version="1.0" encoding="UTF-8"?>
<!DOCTYPE html PUBLIC "-//W3C//DTD XHTML 1.0 Transitional//EN"
    "http://www.w3.org/TR/xhtml1/DTD/xhtml1-transitional.dtd">
<html xmlns="http://www.w3.org/1999/xhtml" xml:lang="en" lang="en">
 <head>
  <title>
</title>
<meta http-equiv="Content-Type" content="text/html;charset=utf-8" />
  <meta name='ocr-system' content='tesseract 3.04.00' />
  <meta name='ocr-capabilities' content='ocr_page ocr_carea ocr_par ocr_line ocrx_word'/>
</head>
<body>
  <div class='ocr_page' id='page_1' title='image "./patresapostolic00piongoog_0457.png"; bbox 0 0 2834 5018; ppageno 0'>
   <div class='ocr_carea' id='block_1_1' title="bbox 449 1121 1066 1198">
    <p class='ocr_par' dir='ltr' id='par_1_1' title="bbox 449 1121 1066 1198">
     <span class='ocr_line' id='line_1_1' title="bbox 449 1121 1066 1198; baseline 0.002 -2"><span class='ocrx_word' id='word_1_1' title='bbox 449 1121 542 1196; x_wconf 87' lang='grc' dir='ltr'><strong>ΤΟΥ</strong></span> <span class='ocrx_word' id='word_1_2' title='bbox 568 1121 711 1197; x_wconf 85' lang='grc' dir='ltr'><strong>ΑΓΙΟΥ</strong></span> <span class='ocrx_word' id='word_1_3' title='bbox 737 1122 1066 1198; x_wconf 83' lang='grc' dir='ltr'>ΠΟΛΥΚΑΡΠΟΥ</span> 
     </span>
    </p>
   </div>
   <div class='ocr_carea' id='block_1_2' title="bbox 400 1313 1118 1366">
    <p class='ocr_par' dir='ltr' id='par_1_2' title="bbox 400 1313 1118 1366">
     <span class='ocr_line' id='line_1_2' title="bbox 400 1313 1118 1366; baseline 0.006 -4"><span class='ocrx_word' id='word_1_4' title='bbox 400 1313 593 1364; x_wconf 85' lang='grc' dir='ltr'><strong>ΕΠΙΣΚΟΠΟΥ</strong></span> <span class='ocrx_word' id='word_1_5' title='bbox 611 1315 767 1366; x_wconf 81' lang='grc' dir='ltr'><strong>ΣΜΥΡΝΗΣ</strong></span> <span class='ocrx_word' id='word_1_6' title='bbox 786 1315 848 1365; x_wconf 79' lang='grc' dir='ltr'><strong>ΚΑΙ</strong></span> <span class='ocrx_word' id='word_1_7' title='bbox 867 1315 1118 1366; x_wconf 78' lang='grc' dir='ltr'><strong>ΙΕΡΟΜΔΡΤΥΡΟΣ</strong></span> 
     </span>
    </p>
   </div>
   <div class='ocr_carea' id='block_1_3' title="bbox 416 1467 1103 1536">
    <p class='ocr_par' dir='ltr' id='par_1_3' title="bbox 416 1467 1103 1536">
     <span class='ocr_line' id='line_1_3' title="bbox 416 1467 1103 1536; baseline -0.006 0"><span class='ocrx_word' id='word_1_8' title='bbox 416 1470 527 1536; x_wconf 90' lang='grc' dir='ltr'><strong>ΠΡΟΣ</strong></span> <span class='ocrx_word' id='word_1_9' title='bbox 551 1467 855 1535; x_wconf 70' lang='grc' dir='ltr'><strong>ΦΙΛΠΠΠἸΣΙΟΥΣ</strong></span> <span class='ocrx_word' id='word_1_10' title='bbox 877 1467 1103 1534; x_wconf 87' lang='grc' dir='ltr'><strong>ΕΠΙΣΤΟΛΗ.</strong></span> 
     </span>
    </p>
   </div>
   <div class='ocr_carea' id='block_1_4' title="bbox 129 1783 1351 3434">
    <p class='ocr_par' dir='ltr' id='par_1_4' title="bbox 129 1783 1351 3434">
     <span class='ocr_line' id='line_1_4' title="bbox 257 1783 1351 1872; baseline 0.002 -22"><span class='ocrx_word' id='word_1_11' title='bbox 257 1785 464 1869; x_wconf 87' lang='grc' dir='ltr'><strong>Πολὺκαρπος</strong></span> <span class='ocrx_word' id='word_1_12' title='bbox 494 1787 547 1848; x_wconf 81' lang='grc' dir='ltr'><strong>καί</strong></span> <span class='ocrx_word' id='word_1_13' title='bbox 571 1785 600 1848; x_wconf 79' lang='grc' dir='ltr'><strong>οἱ</strong></span> <span class='ocrx_word' id='word_1_14' title='bbox 622 1787 678 1848; x_wconf 89' lang='grc' dir='ltr'><strong>σὺν</strong></span> <span class='ocrx_word' id='word_1_15' title='bbox 709 1786 793 1867; x_wconf 84' lang='grc' dir='ltr'><strong>αὐτῷ</strong></span> <span class='ocrx_word' id='word_1_16' title='bbox 826 1783 1024 1869; x_wconf 82' lang='grc' dir='ltr'><strong>πρεσβύτεροι</strong></span> <span class='ocrx_word' id='word_1_17' title='bbox 1047 1793 1085 1868; x_wconf 75' lang='grc' dir='ltr'><strong>τη</strong></span> <span class='ocrx_word' id='word_1_18' title='bbox 1114 1784 1273 1872; x_wconf 78' lang='grc' dir='ltr'>ἐκκλησίᾳ</span> <span class='ocrx_word' id='word_1_19' title='bbox 1296 1798 1351 1852; x_wconf 88' lang='grc' dir='ltr'><strong>τοῦ</strong></span> 
     </span>
     <span class='ocr_line' id='line_1_5' title="bbox 145 1888 1350 1976; baseline -0.002 -20"><span class='ocrx_word' id='word_1_20' title='bbox 145 1918 157 1956; x_wconf 79' lang='grc' dir='ltr'><strong>σ</strong></span> <span class='ocrx_word' id='word_1_21' title='bbox 301 1893 379 1958; x_wconf 90' lang='grc' dir='ltr'><strong>θεοῦ</strong></span> <span class='ocrx_word' id='word_1_22' title='bbox 395 1901 433 1976; x_wconf 75' lang='grc' dir='ltr'><strong>τῇ</strong></span> <span class='ocrx_word' id='word_1_23' title='bbox 447 1889 642 1974; x_wconf 84' lang='grc' dir='ltr'><strong>παροικοὺση</strong></span> <span class='ocrx_word' id='word_1_24' title='bbox 660 1888 851 1964; x_wconf 79' lang='grc' dir='ltr'>Φιλίππους·</span> <span class='ocrx_word' id='word_1_25' title='bbox 875 1888 962 1963; x_wconf 83' lang='grc' dir='ltr'><strong>έλεος</strong></span> <span class='ocrx_word' id='word_1_26' title='bbox 985 1889 1054 1971; x_wconf 84' lang='grc' dir='ltr'><strong>ὑμῖν</strong></span> <span class='ocrx_word' id='word_1_27' title='bbox 1071 1891 1123 1951; x_wconf 82' lang='grc' dir='ltr'><strong>καί</strong></span> <span class='ocrx_word' id='word_1_28' title='bbox 1140 1890 1246 1976; x_wconf 76' lang='grc' dir='ltr'><strong>εἰρήνη</strong></span> <span class='ocrx_word' id='word_1_29' title='bbox 1264 1895 1350 1975; x_wconf 85' lang='grc' dir='ltr'><strong>παρὰ</strong></span> 
     </span>
     <span class='ocr_line' id='line_1_6' title="bbox 300 1992 1348 2080; baseline 0 -20"><span class='ocrx_word' id='word_1_30' title='bbox 300 1998 379 2061; x_wconf 97' lang='grc' dir='ltr'><strong>θεοῦ</strong></span> <span class='ocrx_word' id='word_1_31' title='bbox 402 1995 653 2078; x_wconf 78' lang='grc' dir='ltr'><strong>παντοκράτορος</strong></span> <span class='ocrx_word' id='word_1_32' title='bbox 675 1995 729 2056; x_wconf 89' lang='grc' dir='ltr'><strong>καί</strong></span> <span class='ocrx_word' id='word_1_33' title='bbox 746 1992 850 2078; x_wconf 81' lang='grc' dir='ltr'><strong>Ἰησοῦ</strong></span> <span class='ocrx_word' id='word_1_34' title='bbox 866 1993 1003 2076; x_wconf 76' lang='grc' dir='ltr'><strong>Χριστοῦ</strong></span> <span class='ocrx_word' id='word_1_35' title='bbox 1026 2004 1080 2057; x_wconf 88' lang='grc' dir='ltr'><strong>τοῦ</strong></span> <span class='ocrx_word' id='word_1_36' title='bbox 1101 2005 1242 2078; x_wconf 78' lang='grc' dir='ltr'><strong>σωτῆρος</strong></span> <span class='ocrx_word' id='word_1_37' title='bbox 1258 1995 1348 2080; x_wconf 77' lang='grc' dir='ltr'><strong>ἡμῶν</strong></span> 
     </span>
     <span class='ocr_line' id='line_1_7' title="bbox 300 2099 511 2184; baseline 0.024 -23"><span class='ocrx_word' id='word_1_38' title='bbox 300 2099 511 2184; x_wconf 87' lang='grc' dir='ltr'><strong>πληθυνθείη.</strong></span> 
     </span>
     <span class='ocr_line' id='line_1_8' title="bbox 257 2202 1349 2288; baseline 0 -20"><span class='ocrx_word' id='word_1_39' title='bbox 257 2205 282 2268; x_wconf 94' lang='grc' dir='ltr'><strong>Ι.</strong></span> <span class='ocrx_word' id='word_1_40' title='bbox 305 2202 485 2288; x_wconf 80' lang='grc' dir='ltr'><strong>Συνεχοίρην</strong></span> <span class='ocrx_word' id='word_1_41' title='bbox 515 2205 585 2288; x_wconf 89' lang='grc' dir='ltr'><strong>ὑμῖν</strong></span> <span class='ocrx_word' id='word_1_42' title='bbox 609 2202 752 2288; x_wconf 84' lang='grc' dir='ltr'>μεγάλως</span> <span class='ocrx_word' id='word_1_43' title='bbox 783 2202 882 2286; x_wconf 82' lang='grc' dir='ltr'><strong>ἐντῷ</strong></span> <span class='ocrx_word' id='word_1_44' title='bbox 914 2203 1010 2286; x_wconf 83' lang='grc' dir='ltr'><strong>κυρίῳ</strong></span> <span class='ocrx_word' id='word_1_45' title='bbox 1033 2203 1120 2287; x_wconf 78' lang='grc' dir='ltr'><strong>ἡμῶν</strong></span> <span class='ocrx_word' id='word_1_46' title='bbox 1143 2202 1249 2288; x_wconf 87' lang='grc' dir='ltr'><strong>Ἰησοῦ</strong></span> <span class='ocrx_word' id='word_1_47' title='bbox 1273 2203 1349 2288; x_wconf 88' lang='grc' dir='ltr'><strong>Χρι-</strong></span> 
     </span>
     <span class='ocr_line' id='line_1_9' title="bbox 170 2305 1348 2394; baseline 0.003 -24"><span class='ocrx_word' id='word_1_48' title='bbox 170 2315 248 2390; x_wconf 85' lang='grc' dir='ltr'><strong>στῷ,</strong></span> <span class='ocrx_word' id='word_1_49' title='bbox 279 2307 456 2390; x_wconf 84' lang='grc' dir='ltr'><strong>δεξαμένοις</strong></span> <span class='ocrx_word' id='word_1_50' title='bbox 483 2311 523 2371; x_wconf 86' lang='grc' dir='ltr'><strong>τὰ</strong></span> <span class='ocrx_word' id='word_1_51' title='bbox 546 2307 708 2392; x_wconf 81' lang='grc' dir='ltr'><strong>μιμήματα</strong></span> <span class='ocrx_word' id='word_1_52' title='bbox 730 2316 784 2390; x_wconf 82' lang='grc' dir='ltr'><strong>τῆς</strong></span> <span class='ocrx_word' id='word_1_53' title='bbox 813 2305 955 2390; x_wconf 81' lang='grc' dir='ltr'><strong>ἀληθοῦς</strong></span> <span class='ocrx_word' id='word_1_54' title='bbox 977 2307 1100 2391; x_wconf 82' lang='grc' dir='ltr'><strong>ἀγάπης</strong></span> <span class='ocrx_word' id='word_1_55' title='bbox 1128 2309 1182 2370; x_wconf 81' lang='grc' dir='ltr'><strong>καί</strong></span> <span class='ocrx_word' id='word_1_56' title='bbox 1206 2309 1348 2394; x_wconf 85' lang='grc' dir='ltr'><strong>προπέμ-</strong></span> 
     </span>
     <span class='ocr_line' id='line_1_10' title="bbox 131 2409 1349 2496; baseline 0.004 -24"><span class='ocrx_word' id='word_1_57' title='bbox 131 2435 155 2472; x_wconf 87' lang='lat'><strong>10</strong></span> <span class='ocrx_word' id='word_1_58' title='bbox 170 2412 281 2494; x_wconf 84' lang='grc' dir='ltr'><strong>ψασιν,</strong></span> <span class='ocrx_word' id='word_1_59' title='bbox 313 2410 355 2486; x_wconf 83' lang='grc' dir='ltr'><strong>ὡς</strong></span> <span class='ocrx_word' id='word_1_60' title='bbox 388 2410 538 2496; x_wconf 84' lang='grc' dir='ltr'><strong>ἐπέβαλεν</strong></span> <span class='ocrx_word' id='word_1_61' title='bbox 569 2413 659 2496; x_wconf 79' lang='grc' dir='ltr'><strong>ὑμῖν,</strong></span> <span class='ocrx_word' id='word_1_62' title='bbox 692 2414 762 2486; x_wconf 85' lang='grc' dir='ltr'><strong>τοὺς</strong></span> <span class='ocrx_word' id='word_1_63' title='bbox 796 2409 1009 2495; x_wconf 83' lang='grc' dir='ltr'><strong>ἐνειλημένους</strong></span> <span class='ocrx_word' id='word_1_64' title='bbox 1031 2420 1094 2487; x_wconf 84' lang='grc' dir='ltr'><strong>τοῖς</strong></span> <span class='ocrx_word' id='word_1_65' title='bbox 1125 2412 1349 2496; x_wconf 82' lang='grc' dir='ltr'><strong>ἁγιοπρεπέσιν</strong></span> 
     </span>
     <span class='ocr_line' id='line_1_11' title="bbox 169 2514 1348 2598; baseline 0.003 -20"><span class='ocrx_word' id='word_1_66' title='bbox 169 2516 308 2598; x_wconf 83' lang='grc' dir='ltr'><strong>δεσμοῖς,</strong></span> <span class='ocrx_word' id='word_1_67' title='bbox 340 2515 429 2578; x_wconf 85' lang='grc' dir='ltr'><strong>δίτινοί</strong></span> <span class='ocrx_word' id='word_1_68' title='bbox 452 2515 534 2580; x_wconf 84' lang='grc' dir='ltr'><strong>ἐστιν</strong></span> <span class='ocrx_word' id='word_1_69' title='bbox 567 2514 743 2598; x_wconf 68' lang='grc' dir='ltr'><strong>διαδήματα</strong></span> <span class='ocrx_word' id='word_1_70' title='bbox 765 2524 827 2579; x_wconf 81' lang='grc' dir='ltr'><strong>τῶν</strong></span> <span class='ocrx_word' id='word_1_71' title='bbox 861 2514 992 2597; x_wconf 85' lang='grc' dir='ltr'><strong>ἀληθῶς</strong></span> <span class='ocrx_word' id='word_1_72' title='bbox 1019 2516 1079 2579; x_wconf 84' lang='grc' dir='ltr'><strong>ὑπὸ</strong></span> <span class='ocrx_word' id='word_1_73' title='bbox 1103 2518 1182 2581; x_wconf 88' lang='grc' dir='ltr'><strong>θεοῦ</strong></span> <span class='ocrx_word' id='word_1_74' title='bbox 1214 2519 1348 2582; x_wconf 74' lang='grc' dir='ltr'><strong>καὶτοῦ</strong></span> 
     </span>
     <span class='ocr_line' id='line_1_12' title="bbox 167 2617 1348 2707; baseline 0.003 -25"><span class='ocrx_word' id='word_1_75' title='bbox 167 2618 275 2700; x_wconf 80' lang='grc' dir='ltr'><strong>κυρίου</strong></span> <span class='ocrx_word' id='word_1_76' title='bbox 297 2618 385 2702; x_wconf 79' lang='grc' dir='ltr'><strong>ἡμῶν</strong></span> <span class='ocrx_word' id='word_1_77' title='bbox 401 2618 650 2704; x_wconf 76' lang='grc' dir='ltr'><strong>ἐκλελεγμένον·</strong></span> <span class='ocrx_word' id='word_1_78' title='bbox 674 2623 704 2684; x_wconf 85' lang='grc'><strong>2.</strong></span> <span class='ocrx_word' id='word_1_79' title='bbox 727 2619 780 2680; x_wconf 83' lang='grc' dir='ltr'><strong>καί</strong></span> <span class='ocrx_word' id='word_1_80' title='bbox 804 2617 885 2701; x_wconf 74' lang='grc' dir='ltr'><strong>δτιὴ</strong></span> <span class='ocrx_word' id='word_1_81' title='bbox 909 2617 1018 2704; x_wconf 87' lang='grc' dir='ltr'><strong>βεβαία</strong></span> <span class='ocrx_word' id='word_1_82' title='bbox 1033 2630 1087 2704; x_wconf 78' lang='grc' dir='ltr'><strong>της</strong></span> <span class='ocrx_word' id='word_1_83' title='bbox 1109 2620 1244 2697; x_wconf 85' lang='grc' dir='ltr'><strong>πίστεως</strong></span> <span class='ocrx_word' id='word_1_84' title='bbox 1261 2623 1348 2707; x_wconf 80' lang='grc' dir='ltr'><strong>ὑμῶν</strong></span> 
     </span>
     <span class='ocr_line' id='line_1_13' title="bbox 168 2722 1348 2810; baseline 0.002 -23"><span class='ocrx_word' id='word_1_85' title='bbox 168 2724 247 2808; x_wconf 82' lang='grc' dir='ltr'><strong>ῥίζα,</strong></span> <span class='ocrx_word' id='word_1_86' title='bbox 271 2723 304 2802; x_wconf 84' lang='grc' dir='ltr'><strong>ἐξ</strong></span> <span class='ocrx_word' id='word_1_87' title='bbox 327 2724 465 2808; x_wconf 83' lang='grc' dir='ltr'><strong>ἀρχαίων</strong></span> <span class='ocrx_word' id='word_1_88' title='bbox 488 2722 766 2810; x_wconf 70' lang='grc' dir='ltr'><strong>καταγγελλομένη</strong></span> <span class='ocrx_word' id='word_1_89' title='bbox 789 2723 920 2806; x_wconf 76' lang='grc' dir='ltr'><strong>χρόνων,</strong></span> <span class='ocrx_word' id='word_1_90' title='bbox 944 2722 1033 2806; x_wconf 89' lang='grc' dir='ltr'><strong>μέχρι</strong></span> <span class='ocrx_word' id='word_1_91' title='bbox 1056 2734 1109 2788; x_wconf 90' lang='grc' dir='ltr'><strong>νῦν</strong></span> <span class='ocrx_word' id='word_1_92' title='bbox 1133 2725 1272 2808; x_wconf 86' lang='grc' dir='ltr'><strong>διαμένει</strong></span> <span class='ocrx_word' id='word_1_93' title='bbox 1295 2728 1348 2789; x_wconf 87' lang='grc' dir='ltr'><strong>καί</strong></span> 
     </span>
     <span class='ocr_line' id='line_1_14' title="bbox 166 2825 1349 2915; baseline 0.003 -24"><span class='ocrx_word' id='word_1_94' title='bbox 166 2837 359 2910; x_wconf 81' lang='grc' dir='ltr'><strong>καρποφορεῖ</strong></span> <span class='ocrx_word' id='word_1_95' title='bbox 390 2829 432 2904; x_wconf 84' lang='grc' dir='ltr'><strong>είς</strong></span> <span class='ocrx_word' id='word_1_96' title='bbox 454 2830 507 2892; x_wconf 81' lang='grc' dir='ltr'><strong>τὸν</strong></span> <span class='ocrx_word' id='word_1_97' title='bbox 541 2829 647 2911; x_wconf 84' lang='grc' dir='ltr'><strong>κύριον</strong></span> <span class='ocrx_word' id='word_1_98' title='bbox 679 2827 767 2911; x_wconf 81' lang='grc' dir='ltr'><strong>ἡμῶν</strong></span> <span class='ocrx_word' id='word_1_99' title='bbox 791 2826 912 2912; x_wconf 86' lang='grc' dir='ltr'><strong>Ἰησοῦν</strong></span> <span class='ocrx_word' id='word_1_100' title='bbox 936 2825 1087 2909; x_wconf 78' lang='grc' dir='ltr'><strong>Χριστόν,</strong></span> <span class='ocrx_word' id='word_1_101' title='bbox 1120 2830 1160 2904; x_wconf 83' lang='grc' dir='ltr'><strong>ὃξ</strong></span> <span class='ocrx_word' id='word_1_102' title='bbox 1183 2830 1349 2915; x_wconf 79' lang='grc' dir='ltr'><strong>ὑπέμεινεν</strong></span> 
     </span>
     <span class='ocr_line' id='line_1_15' title="bbox 129 2932 1349 3023; baseline 0.004 -26"><span class='ocrx_word' id='word_1_103' title='bbox 129 2958 154 2997; x_wconf 78' lang='grc' dir='ltr'><strong>ιο</strong></span> <span class='ocrx_word' id='word_1_104' title='bbox 167 2933 244 3015; x_wconf 85' lang='grc' dir='ltr'><strong>ὑπὲρ</strong></span> <span class='ocrx_word' id='word_1_105' title='bbox 266 2942 328 2996; x_wconf 85' lang='grc' dir='ltr'><strong>τῦν</strong></span> <span class='ocrx_word' id='word_1_106' title='bbox 359 2933 515 3016; x_wconf 80' lang='grc' dir='ltr'><strong>ἁμαρτιῶν</strong></span> <span class='ocrx_word' id='word_1_107' title='bbox 546 2933 635 3017; x_wconf 81' lang='grc' dir='ltr'><strong>ἡμῶν</strong></span> <span class='ocrx_word' id='word_1_108' title='bbox 658 2934 718 3007; x_wconf 83' lang='grc' dir='ltr'><strong>έως</strong></span> <span class='ocrx_word' id='word_1_109' title='bbox 741 2932 882 2998; x_wconf 83' lang='grc' dir='ltr'><strong>θανάτου</strong></span> <span class='ocrx_word' id='word_1_110' title='bbox 904 2943 1112 3016; x_wconf 80' lang='grc' dir='ltr'><strong>καταντῆσαι,</strong></span> <span class='ocrx_word' id='word_1_111' title='bbox 1144 2937 1185 2997; x_wconf 90' lang='grc' dir='ltr'><strong>δν</strong></span> <span class='ocrx_word' id='word_1_112' title='bbox 1212 2937 1349 3023; x_wconf 79' lang='grc' dir='ltr'><strong>ἤγειρεν</strong></span> 
     </span>
     <span class='ocr_line' id='line_1_16' title="bbox 167 3024 1348 3123; baseline 0.003 -21"><span class='ocrx_word' id='word_1_113' title='bbox 167 3036 304 3120; x_wconf 85' lang='grc' dir='ltr'><strong>δθεός,</strong></span> <span class='ocrx_word' id='word_1_114' title='bbox 335 3039 441 3120; x_wconf 85' lang='grc' dir='ltr'><strong>λύσας</strong></span> <span class='ocrx_word' id='word_1_115' title='bbox 464 3024 524 3120; x_wconf 69' lang='grc' dir='ltr'><strong>τὰς</strong></span> <span class='ocrx_word' id='word_1_116' title='bbox 555 3037 679 3117; x_wconf 85' lang='grc' dir='ltr'><strong>ὠδῖνας</strong></span> <span class='ocrx_word' id='word_1_117' title='bbox 703 3044 763 3101; x_wconf 81' lang='grc' dir='ltr'><strong>τοῦ</strong></span> <span class='ocrx_word' id='word_1_118' title='bbox 786 3035 887 3123; x_wconf 76' lang='grc' dir='ltr'><strong>ᾅδου·</strong></span> <span class='ocrx_word' id='word_1_119' title='bbox 923 3040 951 3101; x_wconf 89' lang='grc'><strong>3.</strong></span> <span class='ocrx_word' id='word_1_120' title='bbox 976 3039 1023 3117; x_wconf 76' lang='grc' dir='ltr'><strong>εἰς</strong></span> <span class='ocrx_word' id='word_1_121' title='bbox 1052 3041 1094 3101; x_wconf 87' lang='grc' dir='ltr'><strong>δν</strong></span> <span class='ocrx_word' id='word_1_122' title='bbox 1123 3041 1185 3103; x_wconf 86' lang='grc' dir='ltr'><strong>οὐκ</strong></span> <span class='ocrx_word' id='word_1_123' title='bbox 1217 3039 1348 3121; x_wconf 72' lang='grc' dir='ltr'><strong>ἰδόντες</strong></span> 
     </span>
     <span class='ocr_line' id='line_1_17' title="bbox 167 3138 1349 3230; baseline 0.001 -24"><span class='ocrx_word' id='word_1_124' title='bbox 167 3146 342 3208; x_wconf 81' lang='grc' dir='ltr'><strong>πιστεύετε</strong></span> <span class='ocrx_word' id='word_1_125' title='bbox 369 3150 458 3230; x_wconf 81' lang='grc' dir='ltr'><strong>χαρᾷ</strong></span> <span class='ocrx_word' id='word_1_126' title='bbox 482 3142 700 3226; x_wconf 78' lang='grc' dir='ltr'><strong>ἀνεκλαλήτῳ</strong></span> <span class='ocrx_word' id='word_1_127' title='bbox 731 3143 788 3205; x_wconf 82' lang='grc' dir='ltr'><strong>καί</strong></span> <span class='ocrx_word' id='word_1_128' title='bbox 819 3138 1067 3226; x_wconf 77' lang='grc' dir='ltr'><strong>δεδοξασμένῃ,</strong></span> <span class='ocrx_word' id='word_1_129' title='bbox 1100 3140 1143 3215; x_wconf 85' lang='grc' dir='ltr'><strong>είς</strong></span> <span class='ocrx_word' id='word_1_130' title='bbox 1165 3141 1204 3224; x_wconf 75' lang='grc' dir='ltr'><strong>ἦν</strong></span> <span class='ocrx_word' id='word_1_131' title='bbox 1234 3142 1349 3207; x_wconf 82' lang='grc' dir='ltr'><strong>πολλοί</strong></span> 
     </span>
     <span class='ocr_line' id='line_1_18' title="bbox 166 3244 1349 3329; baseline 0.006 -22"><span class='ocrx_word' id='word_1_132' title='bbox 166 3244 372 3328; x_wconf 85' lang='grc' dir='ltr'><strong>ἐπιθυμοῦσιν</strong></span> <span class='ocrx_word' id='word_1_133' title='bbox 399 3247 563 3327; x_wconf 81' lang='grc' dir='ltr'><strong>εἰσελθεῖν,</strong></span> <span class='ocrx_word' id='word_1_134' title='bbox 588 3247 712 3325; x_wconf 83' lang='grc' dir='ltr'><strong>είδδτες,</strong></span> <span class='ocrx_word' id='word_1_135' title='bbox 736 3248 782 3309; x_wconf 79' lang='grc' dir='ltr'><strong>ὅτι</strong></span> <span class='ocrx_word' id='word_1_136' title='bbox 804 3247 916 3329; x_wconf 82' lang='grc' dir='ltr'><strong>χάριτί</strong></span> <span class='ocrx_word' id='word_1_137' title='bbox 936 3245 1012 3309; x_wconf 82' lang='grc' dir='ltr'><strong>ἐστε</strong></span> <span class='ocrx_word' id='word_1_138' title='bbox 1036 3248 1261 3328; x_wconf 80' lang='grc' dir='ltr'><strong>σεσωσμένοι,</strong></span> <span class='ocrx_word' id='word_1_139' title='bbox 1286 3251 1349 3314; x_wconf 82' lang='grc' dir='ltr'><strong>οὐκ</strong></span> 
     </span>
     <span class='ocr_line' id='line_1_19' title="bbox 166 3346 1107 3434; baseline -0.001 -22"><span class='ocrx_word' id='word_1_140' title='bbox 166 3346 204 3428; x_wconf 79' lang='grc' dir='ltr'><strong>ἐξ</strong></span> <span class='ocrx_word' id='word_1_141' title='bbox 227 3350 346 3434; x_wconf 82' lang='grc' dir='ltr'><strong>ἔργων,</strong></span> <span class='ocrx_word' id='word_1_142' title='bbox 369 3349 452 3413; x_wconf 81' lang='grc' dir='ltr'><strong>ἀλλὰ</strong></span> <span class='ocrx_word' id='word_1_143' title='bbox 475 3350 631 3434; x_wconf 83' lang='grc' dir='ltr'><strong>θελήματι</strong></span> <span class='ocrx_word' id='word_1_144' title='bbox 654 3354 733 3416; x_wconf 88' lang='grc' dir='ltr'><strong>θεοῦ</strong></span> <span class='ocrx_word' id='word_1_145' title='bbox 756 3351 807 3413; x_wconf 78' lang='grc' dir='ltr'><strong>διὰ</strong></span> <span class='ocrx_word' id='word_1_146' title='bbox 832 3346 936 3432; x_wconf 91' lang='grc' dir='ltr'><strong>Ἰησοῦ</strong></span> <span class='ocrx_word' id='word_1_147' title='bbox 960 3346 1107 3429; x_wconf 87' lang='grc' dir='ltr'><strong>Χριστοῦ.</strong></span> 
     </span>
    </p>
   </div>
   <div class='ocr_carea' id='block_1_5' title="bbox 166 3485 1349 3636">
    <p class='ocr_par' dir='ltr' id='par_1_5' title="bbox 166 3485 1349 3636">
     <span class='ocr_line' id='line_1_20' title="bbox 237 3485 1349 3557; baseline 0.003 -16"><span class='ocrx_word' id='word_1_148' title='bbox 237 3485 413 3541; x_wconf 75' lang='lat' dir='ltr'><strong>G=textus</strong></span> <span class='ocrx_word' id='word_1_149' title='bbox 432 3503 548 3557; x_wconf 75' lang='lat' dir='ltr'>graecus</span> <span class='ocrx_word' id='word_1_150' title='bbox 568 3489 664 3543; x_wconf 79' lang='lat' dir='ltr'>codice</span> <span class='ocrx_word' id='word_1_151' title='bbox 682 3487 820 3541; x_wconf 80' lang='lat' dir='ltr'>Vaticano</span> <span class='ocrx_word' id='word_1_152' title='bbox 842 3489 975 3548; x_wconf 74' lang='lat' dir='ltr'><strong>servatus,</strong></span> <span class='ocrx_word' id='word_1_153' title='bbox 996 3485 1033 3540; x_wconf 56' lang='grc' dir='ltr'><strong>θλ</strong></span> <span class='ocrx_word' id='word_1_154' title='bbox 1046 3508 1080 3534; x_wconf 95' lang='lat'>=</span> <span class='ocrx_word' id='word_1_155' title='bbox 1094 3487 1201 3540; x_wconf 79' lang='lat' dir='ltr'>codicis</span> <span class='ocrx_word' id='word_1_156' title='bbox 1221 3490 1349 3544; x_wconf 76' lang='lat' dir='ltr'><strong>secunda</strong></span> 
     </span>
     <span class='ocr_line' id='line_1_21' title="bbox 166 3571 681 3636; baseline 0.006 -11"><span class='ocrx_word' id='word_1_157' title='bbox 166 3587 274 3636; x_wconf 77' lang='lat' dir='ltr'><strong>manue,</strong></span> <span class='ocrx_word' id='word_1_158' title='bbox 293 3571 362 3624; x_wconf 81' lang='lat' dir='ltr'><strong>L:</strong></span> <span class='ocrx_word' id='word_1_159' title='bbox 373 3573 465 3627; x_wconf 84' lang='lat' dir='ltr'>versio</span> <span class='ocrx_word' id='word_1_160' title='bbox 484 3578 565 3628; x_wconf 74' lang='lat' dir='ltr'><strong>vetus</strong></span> <span class='ocrx_word' id='word_1_161' title='bbox 583 3574 681 3628; x_wconf 78' lang='lat' dir='ltr'>latina.</span> 
     </span>
    </p>
   </div>
   <div class='ocr_carea' id='block_1_6' title="bbox 165 3689 1349 4108">
    <p class='ocr_par' dir='ltr' id='par_1_6' title="bbox 165 3689 1349 4108">
     <span class='ocr_line' id='line_1_22' title="bbox 238 3689 1348 3765; baseline 0.003 -21"><span class='ocrx_word' id='word_1_162' title='bbox 238 3690 280 3757; x_wconf 80' lang='lat' dir='ltr'><strong>1l3</strong></span> <span class='ocrx_word' id='word_1_163' title='bbox 299 3713 349 3750; x_wconf 89' lang='grc' dir='ltr'><strong>του</strong></span> <span class='ocrx_word' id='word_1_164' title='bbox 366 3713 447 3765; x_wconf 84' lang='grc' dir='ltr'><strong>αγιου</strong></span> <span class='ocrx_word' id='word_1_165' title='bbox 463 3724 499 3731; x_wconf 95' lang='grc'>-</span> <span class='ocrx_word' id='word_1_166' title='bbox 516 3698 646 3762; x_wconf 82' lang='grc' dir='ltr'><strong>επιστσλη</strong></span> <span class='ocrx_word' id='word_1_167' title='bbox 664 3690 706 3746; x_wconf 82' lang='lat' dir='ltr'><strong>G:</strong></span> <span class='ocrx_word' id='word_1_168' title='bbox 720 3690 824 3759; x_wconf 75' lang='lat' dir='ltr'>Incipit</span> <span class='ocrx_word' id='word_1_169' title='bbox 848 3690 971 3759; x_wconf 80' lang='lat' dir='ltr'>epistola</span> <span class='ocrx_word' id='word_1_170' title='bbox 994 3689 1073 3745; x_wconf 76' lang='lat' dir='ltr'>beati</span> <span class='ocrx_word' id='word_1_171' title='bbox 1090 3690 1235 3764; x_wconf 77' lang='lat' dir='ltr'>Policarpi</span> <span class='ocrx_word' id='word_1_172' title='bbox 1261 3696 1348 3752; x_wconf 83' lang='lat' dir='ltr'>Smir-</span> 
     </span>
     <span class='ocr_line' id='line_1_23' title="bbox 165 3776 1344 3851; baseline 0.007 -21"><span class='ocrx_word' id='word_1_173' title='bbox 165 3794 301 3832; x_wconf 78' lang='lat' dir='ltr'>naeorum</span> <span class='ocrx_word' id='word_1_174' title='bbox 319 3779 453 3833; x_wconf 77' lang='lat' dir='ltr'>ecelesiae</span> <span class='ocrx_word' id='word_1_175' title='bbox 472 3778 598 3848; x_wconf 80' lang='lat' dir='ltr'>episcopi</span> <span class='ocrx_word' id='word_1_176' title='bbox 617 3778 654 3831; x_wconf 73' lang='lat' dir='ltr'><strong>ad</strong></span> <span class='ocrx_word' id='word_1_177' title='bbox 668 3776 863 3846; x_wconf 77' lang='lat' dir='ltr'>Philippenses</span> <span class='ocrx_word' id='word_1_178' title='bbox 883 3776 1074 3831; x_wconf 75' lang='lat' dir='ltr'>confirmantis</span> <span class='ocrx_word' id='word_1_179' title='bbox 1087 3777 1171 3832; x_wconf 81' lang='lat' dir='ltr'><strong>fidem</strong></span> <span class='ocrx_word' id='word_1_180' title='bbox 1191 3797 1290 3836; x_wconf 84' lang='lat' dir='ltr'>eorum</span> <span class='ocrx_word' id='word_1_181' title='bbox 1304 3784 1344 3851; x_wconf 67' lang='lat' dir='ltr'><strong>Li</strong></span> 
     </span>
     <span class='ocr_line' id='line_1_24' title="bbox 166 3861 1348 3944; baseline 0.002 -24"><span class='ocrx_word' id='word_1_182' title='bbox 166 3863 183 3916; x_wconf 83' lang='grc'><strong>9</strong></span> <span class='ocrx_word' id='word_1_183' title='bbox 201 3864 359 3933; x_wconf 80' lang='grc' dir='ltr'><strong>δεξαμένοις</strong></span> <span class='ocrx_word' id='word_1_184' title='bbox 377 3865 584 3935; x_wconf 67' lang='grc' dir='ltr'><strong>(ίιδεξοίμενος</strong></span> <span class='ocrx_word' id='word_1_185' title='bbox 601 3864 622 3918; x_wconf 74' lang='lat' dir='ltr'><strong>Is</strong></span> <span class='ocrx_word' id='word_1_186' title='bbox 638 3865 643 3934; x_wconf 91' lang='grc' dir='ltr'>Ι</span> <span class='ocrx_word' id='word_1_187' title='bbox 659 3862 842 3935; x_wconf 79' lang='grc' dir='ltr'><strong>ἐνειλημὲνοις</strong></span> <span class='ocrx_word' id='word_1_188' title='bbox 861 3879 923 3916; x_wconf 90' lang='lat' dir='ltr'><strong>em:</strong></span> <span class='ocrx_word' id='word_1_189' title='bbox 937 3861 1146 3934; x_wconf 79' lang='grc' dir='ltr'><strong>ἐνειλημμένους</strong></span> <span class='ocrx_word' id='word_1_190' title='bbox 1164 3867 1204 3929; x_wconf 84' lang='lat' dir='ltr'><strong>G,</strong></span> <span class='ocrx_word' id='word_1_191' title='bbox 1231 3867 1348 3944; x_wconf 72' lang='grc' dir='ltr'><strong>ἐνειλιγ·</strong></span> 
     </span>
     <span class='ocr_line' id='line_1_25' title="bbox 166 3949 1349 4029; baseline 0.006 -23"><span class='ocrx_word' id='word_1_192' title='bbox 166 3949 267 4018; x_wconf 76' lang='grc' dir='ltr'><strong>μένους</strong></span> <span class='ocrx_word' id='word_1_193' title='bbox 286 3968 339 4006; x_wconf 81' lang='grc' dir='ltr'><strong>σου</strong></span> <span class='ocrx_word' id='word_1_194' title='bbox 351 3952 428 4006; x_wconf 78' lang='grc' dir='ltr'><strong>Ζπλιιι</strong></span> <span class='ocrx_word' id='word_1_195' title='bbox 443 3957 448 4021; x_wconf 74' lang='grc' dir='ltr'>Ι</span> <span class='ocrx_word' id='word_1_196' title='bbox 466 3951 497 4005; x_wconf 87' lang='grc'><strong>16</strong></span> <span class='ocrx_word' id='word_1_197' title='bbox 515 3951 608 4019; x_wconf 81' lang='grc' dir='ltr'><strong>δδίνας</strong></span> <span class='ocrx_word' id='word_1_198' title='bbox 621 3950 645 4005; x_wconf 87' lang='lat' dir='ltr'>G</span> <span class='ocrx_word' id='word_1_199' title='bbox 660 3953 665 4020; x_wconf 88' lang='grc' dir='ltr'>Ι</span> <span class='ocrx_word' id='word_1_200' title='bbox 683 3952 715 4005; x_wconf 80' lang='lat'><strong>17</strong></span> <span class='ocrx_word' id='word_1_201' title='bbox 735 3950 877 4007; x_wconf 83' lang='grc' dir='ltr'><strong>πιστεύετε</strong></span> <span class='ocrx_word' id='word_1_202' title='bbox 890 3950 914 4003; x_wconf 83' lang='lat' dir='ltr'>G</span> <span class='ocrx_word' id='word_1_203' title='bbox 928 3969 934 4002; x_wconf 75' lang='grc' dir='ltr'><strong>ι</strong></span> <span class='ocrx_word' id='word_1_204' title='bbox 949 3954 983 4017; x_wconf 69' lang='grc' dir='ltr'><strong>-γ-</strong></span> <span class='ocrx_word' id='word_1_205' title='bbox 996 3951 1141 4006; x_wconf 82' lang='lat' dir='ltr'>credentes</span> <span class='ocrx_word' id='word_1_206' title='bbox 1161 3956 1260 4010; x_wconf 78' lang='lat' dir='ltr'><strong>autem</strong></span> <span class='ocrx_word' id='word_1_207' title='bbox 1279 3975 1349 4029; x_wconf 78' lang='lat' dir='ltr'>gau·</span> 
     </span>
     <span class='ocr_line' id='line_1_26' title="bbox 167 4031 828 4108; baseline 0.005 -20"><span class='ocrx_word' id='word_1_208' title='bbox 167 4034 268 4092; x_wconf 81' lang='lat' dir='ltr'>debitis</span> <span class='ocrx_word' id='word_1_209' title='bbox 288 4040 308 4092; x_wconf 82' lang='lat' dir='ltr'>L</span> <span class='ocrx_word' id='word_1_210' title='bbox 327 4056 360 4093; x_wconf 84' lang='lat' dir='ltr'><strong>ex</strong></span> <span class='ocrx_word' id='word_1_211' title='bbox 380 4040 393 4093; x_wconf 95' lang='grc' dir='ltr'>Ι</span> <span class='ocrx_word' id='word_1_212' title='bbox 413 4031 531 4101; x_wconf 79' lang='lat' dir='ltr'><strong>Petr.‘1‚</strong></span> <span class='ocrx_word' id='word_1_213' title='bbox 550 4039 567 4092; x_wconf 88' lang='grc'>8</span> <span class='ocrx_word' id='word_1_214' title='bbox 583 4042 587 4108; x_wconf 89' lang='grc' dir='ltr'>Ι</span> <span class='ocrx_word' id='word_1_215' title='bbox 603 4038 786 4097; x_wconf 80' lang='grc' dir='ltr'><strong>ἀνεκλαλείτω</strong></span> <span class='ocrx_word' id='word_1_216' title='bbox 805 4036 828 4091; x_wconf 90' lang='lat' dir='ltr'>G</span> 
     </span>
    </p>
   </div>
   <div class='ocr_carea' id='block_1_7' title="bbox 201 4139 1350 4283">
    <p class='ocr_par' dir='ltr' id='par_1_7' title="bbox 201 4139 1350 4283">
     <span class='ocr_line' id='line_1_27' title="bbox 201 4139 1350 4283; baseline 0.011 -91"><span class='ocrx_word' id='word_1_217' title='bbox 201 4139 285 4193; x_wconf 77' lang='lat' dir='ltr'>inser.</span> <span class='ocrx_word' id='word_1_218' title='bbox 314 4146 380 4199; x_wconf 79' lang='grc' dir='ltr'><strong>Ποῖ.</strong></span> <span class='ocrx_word' id='word_1_219' title='bbox 409 4163 434 4197; x_wconf 84' lang='grc' dir='ltr'><strong>κ.</strong></span> <span class='ocrx_word' id='word_1_220' title='bbox 462 4141 489 4198; x_wconf 80' lang='grc' dir='ltr'><strong>σί</strong></span> <span class='ocrx_word' id='word_1_221' title='bbox 514 4142 565 4199; x_wconf 78' lang='grc' dir='ltr'><strong>σὺν</strong></span> <span class='ocrx_word' id='word_1_222' title='bbox 591 4141 666 4216; x_wconf 76' lang='grc' dir='ltr'><strong>αὐτῷ</strong></span> <span class='ocrx_word' id='word_1_223' title='bbox 684 4139 935 4283; x_wconf 65' lang='lat' dir='ltr'>np.]ipresbyteri.</span> <span class='ocrx_word' id='word_1_224' title='bbox 972 4141 1014 4194; x_wconf 85' lang='lat' dir='ltr'><strong>cf.</strong></span> <span class='ocrx_word' id='word_1_225' title='bbox 1034 4142 1094 4210; x_wconf 81' lang='lat' dir='ltr'><strong>Ign.</strong></span> <span class='ocrx_word' id='word_1_226' title='bbox 1123 4142 1235 4199; x_wconf 75' lang='lat' dir='ltr'>Philad.</span> <span class='ocrx_word' id='word_1_227' title='bbox 1264 4148 1350 4204; x_wconf 77' lang='lat' dir='ltr'>inser.</span> 
     </span>
    </p>
   </div>
   <div class='ocr_carea' id='block_1_8' title="bbox 166 4223 1350 4302">
    <p class='ocr_par' dir='ltr' id='par_1_8' title="bbox 166 4223 1350 4302">
     <span class='ocr_line' id='line_1_28' title="bbox 166 4223 1350 4302; baseline 0.013 -26"><span class='ocrx_word' id='word_1_228' title='bbox 166 4223 184 4275; x_wconf 92' lang='lat' dir='ltr'><strong>i.</strong></span> <span class='ocrx_word' id='word_1_229' title='bbox 204 4240 226 4277; x_wconf 88' lang='lat' dir='ltr'><strong>e.</strong></span> <span class='ocrx_word' id='word_1_230' title='bbox 250 4226 420 4297; x_wconf 79' lang='lat' dir='ltr'>Polycarpus</span> <span class='ocrx_word' id='word_1_231' title='bbox 447 4228 595 4297; x_wconf 80' lang='lat' dir='ltr'>episcopus</span> <span class='ocrx_word' id='word_1_232' title='bbox 624 4227 740 4296; x_wconf 81' lang='lat' dir='ltr'>eiusque</span> <span class='ocrx_word' id='word_1_233' title='bbox 769 4229 840 4291; x_wconf 82' lang='lat' dir='ltr'><strong>et8,</strong></span> <span class='ocrx_word' id='word_1_234' title='bbox 861 4232 883 4283; x_wconf 89' lang='lat'><strong>1.</strong></span> <span class='ocrx_word' id='word_1_235' title='bbox 919 4227 1054 4299; x_wconf 75' lang='lat' dir='ltr'>Episcopi</span> <span class='ocrx_word' id='word_1_236' title='bbox 1083 4233 1198 4286; x_wconf 81' lang='lat' dir='ltr'>nomine</span> <span class='ocrx_word' id='word_1_237' title='bbox 1229 4236 1350 4302; x_wconf 89' lang='lat' dir='ltr'>quidem</span> 
     </span>
    </p>
   </div>
   <div class='ocr_carea' id='block_1_9' title="bbox 0 0 1422 5018">
    <p class='ocr_par' dir='ltr' id='par_1_9' title="bbox 0 0 1422 5018">
     <span class='ocr_line' id='line_1_29' title="bbox 0 0 1422 5018; baseline 0 0"><span class='ocrx_word' id='word_1_238' title='bbox 0 0 1422 5018; x_wconf 95' lang='lat' dir='ltr'><strong> </strong></span> 
     </span>
    </p>
   </div>
  </div>
 </body>
</html>
