2834 5018
155 324 220 388 250
575 318 716 375 IGNATII
734 319 911 375 EPISTULA

155 495 214 559 πόν
239 495 477 580 θανατηφόρον,
507 493 543 558 ού
567 494 621 558 ἐὰν
652 494 800 579 γεύσηταί
829 516 890 575 τις,
921 498 992 577 παρ’
1018 497 1096 559 αύτά
1120 497 1323 581 ἀποθνήσκει.

156 597 240 662 ούτοι
269 601 329 682 γάρ
359 601 417 662 οὔκ
441 599 516 663 είσιν
548 599 658 682 φυτεία
680 601 805 684 πατρός.
854 604 882 666 2.
908 601 934 664 εί
956 603 1015 685 γὰρ
1038 599 1133 686 ἦσαν,
1164 602 1325 684 ἐφαίνοντο

157 704 194 768 ἀν
217 703 328 768 κλάδοι
361 714 415 768 τοῦ
438 714 590 787 σταυροῦ,
622 707 675 768 καί
699 704 736 790 ἦν
768 707 806 769 ἀν
829 705 845 768 ό
868 706 986 788 καρπός
1016 706 1117 769 αύτιῦν
1147 708 1324 789 ἀρθαρτος·

156 805 195 871 δι’
217 806 253 871 ού
280 808 312 872 ἐν
335 815 379 891 τῷ
402 809 499 875 πάθει
532 811 627 872 αὐτοῦ
657 809 879 893 προσκαλεῖται
903 809 981 894 ὑμᾶς
1005 813 1096 887 όντας
1119 810 1196 896 μέλη
1220 812 1325 874 αύτοῦ.

129 914 191 976 ιού
215 913 341 977 δύναται
365 911 419 978 ούν
441 914 565 997 κεφαλὴ
587 917 682 998 χωρίς
704 918 894 999 γεννηθῆναι
923 917 995 979 ἀνευ
1019 915 1137 999 μελῶν,
1171 924 1225 978 τοῦ
1249 918 1325 980 θεοῦ

154 1018 263 1082 ἕνωσιν
287 1016 569 1103 ἐπαγγελλομένου,
592 1021 609 1083 ό
633 1020 715 1084 ἐστιν
738 1021 840 1095 αὐτός.

243 1124 312 1188 XII.
336 1121 533 1207 Ἀσπάζομαι
556 1124 635 1208 ὑμᾶς
657 1126 719 1189 ἀπό
742 1124 883 1210 Σμύρνης
913 1128 979 1208 ἅμα
1002 1133 1068 1199 ταῖς
1095 1123 1326 1208 συμπαρούσαις

156 1247 207 1310 μοι
231 1226 410 1312 ἐκκλησίαις
432 1237 486 1292 τοῦ
510 1233 606 1310 θεοῦ,
631 1231 661 1294 οἳ
683 1233 765 1293 κατά
788 1232 890 1295 πάντα
914 1251 952 1314 με
975 1230 1154 1294 ἀνέπαυσαν
1178 1229 1270 1312 σαρκί
1293 1249 1328 1293 τε

156 1333 208 1394 καί
238 1331 397 1416 πνεύματι.
444 1337 473 1400 2.
496 1334 673 1417 παρακαλεῖ
695 1335 774 1418 ὑμᾶς
804 1337 843 1397 τὰ
865 1336 965 1418 δεσμά
988 1356 1061 1418 μου,
1094 1335 1115 1396 ἃ
1138 1335 1243 1398 ἕνεκεν
1267 1332 1326 1418 Ἰη-

117 1454 142 1492 10
156 1443 213 1497 σοῦ
236 1433 373 1518 Χριστοῦ
402 1437 557 1521 περιφέρω
587 1439 766 1521 αἰτούμενος
799 1442 876 1505 θεοῦ
907 1439 1077 1522 ἐπιτυχεῖν·
1112 1437 1271 1520 διαμένετε
1293 1437 1326 1501 ἐν

153 1549 192 1624 τῇ
222 1539 349 1625 ὁμονοίᾳ
377 1542 463 1626 ὑμῶν
492 1545 546 1604 καί
574 1551 613 1626 τη
642 1542 709 1626 μετ’
742 1542 888 1627 ἀλλήλων
918 1552 1085 1626 προσευχῇ.
1131 1541 1240 1625 πρέπει
1266 1543 1328 1625 γὰρ

154 1643 223 1728 ὑμῖν
246 1654 309 1720 τοῖς
331 1645 410 1711 καθ’
433 1647 501 1724 ἕνα,
533 1645 696 1730 ἐξαιρέτως
724 1649 863 1723 καὶτοῖς
893 1647 1124 1732 πρεσβυτέροις,
1155 1646 1327 1729 ἀναψύχειν

153 1749 207 1813 τόν
230 1748 398 1815 ἐπίσκοπον
422 1751 464 1826 είς
487 1753 576 1834 τιμὴν
600 1752 724 1833 πατρός,
749 1750 852 1835 Ἰησοῦ
869 1750 1005 1833 Χριστοῦ
1029 1754 1082 1815 καί
1105 1760 1166 1814 τῶν
1189 1750 1326 1814 ἀποστό-

154 1852 228 1919 λων.
274 1858 302 1921 3.
328 1857 458 1939 εὔχομαι
474 1855 553 1938 ὑμᾶς
569 1855 601 1918 ἐν
618 1856 725 1939 ἀγάπη
746 1855 879 1919 ἀκοῦσαί
894 1877 963 1940 μου,
980 1858 1088 1940 ἵναμὴ
1105 1856 1147 1930 εἰς
1163 1854 1326 1938 μαρτύριον

117 1955 180 2020 re
205 1957 236 2021 ἐν
259 1958 329 2040 ύμῖν
351 1959 484 2043 γράψας.
529 1961 583 2023 καί
606 1962 674 2042 περί
691 1959 766 2043 ἐμοῦ
788 1960 823 2023 δὲ
838 1961 1063 2044 προσεύχεσθε,
1087 1971 1141 2044 της
1162 1958 1218 2041 ἀφ’
1241 1959 1326 2041 ὑμῶν

154 2062 278 2147 ἀγάπης
300 2063 468 2147 χρῄζοντος
491 2064 523 2129 ἐν
546 2071 590 2148 τῷ
614 2064 693 2127 ἐλέει
716 2074 770 2127 τοῦ
795 2067 883 2145 θεοῦ,
907 2066 949 2140 είς
972 2067 1006 2128 τό
1029 2062 1266 2146 καταξιωθῆναί
1288 2082 1327 2145 με

153 2175 208 2230 τοῦ
238 2165 356 2249 κλήρου
379 2165 415 2231 ού
437 2167 612 2251 περίκειμαι
634 2166 803 2250 ἐπιτυχεῖν,
835 2170 886 2232 ἵνα
909 2170 951 2251 μὴ
975 2168 1121 2250 ἀδόκιμος
1144 2168 1277 2250 εὑρεθῶ.

241 2274 327 2339 XIII.
354 2271 543 2351 Ἀσπάζεται
572 2272 651 2355 ὑμᾶς
681 2271 702 2354 ἡ
729 2271 836 2357 ἀγάπη
865 2270 1047 2355 Σμυρναίων
1076 2273 1129 2334 καί
1160 2270 1325 2353 Ἐρεσίων.

153 2376 359 2459 μνημονεύετε
388 2377 420 2442 ἐν
449 2386 515 2452 ταῖς
545 2385 731 2458 προσευχαῖς
759 2375 845 2459 ὑμῶν
877 2386 931 2459 της
960 2375 992 2440 ἐν
1022 2376 1119 2460 Συρίᾳ
1147 2374 1325 2460 ἐκκλησίας,

114 2495 140 2534 2⁰
154 2481 231 2544 όθεν
255 2482 307 2543 καί
338 2484 396 2545 οὐκ
418 2482 502 2560 ἄξιός
530 2482 590 2564 εἰμι
617 2479 785 2564 λέγεσθαι,
815 2480 857 2544 ὢν
880 2481 1013 2563 ἐσχατος
1042 2479 1178 2543 ἐκείνων.
1224 2483 1254 2544 2.
1278 2479 1326 2560 ἐρ-

154 2586 262 2664 ρωσθε
285 2584 317 2648 ἐν
340 2583 442 2670 Ἰησοῦ
465 2584 603 2668 Χριστῷ,
626 2584 872 2668 ὑποτασσόμενοι
895 2592 939 2667 τῷ
966 2583 1125 2667 ἐπισκόπιρ
1154 2582 1196 2658 ὡς
1218 2592 1257 2666 τῇ
1280 2582 1326 2645 ἐ-

154 2687 244 2771 τολη,
279 2689 391 2772 ὁμοίως
412 2693 466 2754 καί
489 2698 534 2774 τῷ
557 2687 775 2774 πρεσβυτερίῳ.
821 2690 874 2751 καί
898 2689 926 2751 οἱ
948 2686 1017 2751 κατ’
1043 2687 1140 2768 ἀνδρα
1170 2685 1326 2770 ἀλλήλους

155 2791 298 2875 ἀγαπᾶτε
320 2795 352 2858 ἐν
376 2794 530 2878 ἀμερίστῳ
553 2791 674 2876 καρδίᾳ.
721 2796 751 2859 3.
775 2793 932 2877 ἁγνίζεται
948 2792 1033 2875 ύμῶν
1055 2792 1091 2853 τό
1108 2790 1181 2873 ἐμόν
1205 2800 1326 2874 πνεῦμα

154 2897 189 2958 οὐ
214 2897 400 2981 μόνοννῦν,
433 2898 516 2962 ἀλλά
547 2900 600 2961 καί
624 2899 698 2962 όταν
730 2900 808 2963 θεοῦ
839 2897 984 2979 ἐπιτύχω.
1029 2895 1074 2957 έτι
1096 2897 1156 2978 γάρ
1179 2895 1239 2957 ὑπό
1262 2893 1326 2956 κίν-

114 3017 140 3056 2⁶
153 3001 244 3065 δυνόν
267 3002 344 3086 εἰμι·
368 3002 451 3066 ἀλλά
473 3005 580 3078 πιστός
603 3003 619 3066 ό
642 3005 744 3085 παι-ηρ
766 3002 798 3066 ἐν
816 3001 919 3086 Ἰησοῦ
936 3004 1059 3083 Χριστῷ
1082 2998 1247 3083 πληρῦσαί
1262 3018 1320 3082 μου

154 3108 209 3189 τὴν
233 3108 351 3190 αἴτησιν
374 3109 427 3169 καί
451 3107 546 3189 ὑμῶν,
571 3106 603 3171 ἐν
627 3104 652 3192 ᾧ
675 3106 854 3190 εύρεθείητε
876 3109 1007 3188 ἀμωμοι.

223 3239 538 3313 nannetem
557 3243 742 3313 nguovG‚
767 3243 973 3312 ομυάνουΑΙ
996 3240 1027 3296 13
1046 3242 1152 3314 πατρός
1172 3239 1327 3311 emet

154 3330 185 3393 A,
204 3333 250 3386 καί
268 3329 307 3397 είς
326 3335 406 3401 τιμὴν
424 3348 443 3399 g
461 3329 566 3399 Lightf.
592 3331 596 3399 Ι
621 3332 652 3385 15
671 3328 700 3387 ἐν
719 3330 765 3385 GL
780 3333 833 3398 2>
846 3332 890 3401 Ag
911 3333 915 3398 Ι
940 3330 969 3385 17
990 3323 1022 3386 ού
1039 3332 1194 3401 περίκειμαι
1213 3325 1326 3398 Gg(A):

155 3432 211 3481 quo
232 3432 317 3470 conor
330 3417 362 3478 L,
382 3411 468 3489 οὗπερ
487 3412 609 3489 ἔγκειμαι
621 3417 732 3472 Bunsen
745 3417 850 3487 Lightf.
868 3418 871 3487 ί
888 3417 921 3470 20
934 3419 979 3473 καί
992 3417 1016 3471 G
1029 3434 1035 3466 :
1049 3417 1084 3482 >
1096 3413 1164 3482 LIg
1179 3413 1183 3483 Ι
1199 3413 1281 3479 21122
1295 3415 1328 3484 τῇ

154 3499 252 3573 ἐντολῇ
271 3503 379 3556 G:Dei
398 3503 532 3557 mandato
551 3504 598 3557 LA
622 3504 625 3573 ί
650 3506 684 3559 23
701 3502 838 3577 ἁγιάζεται
852 3522 859 3557 ι
872 3501 996 3577 όιγνίζετε
1015 3502 1067 3565 GL,
1087 3503 1120 3567 -ί-
1133 3498 1203 3573 ὑπὲρ
1222 3498 1301 3552 Ζυίιυ
1321 3499 1324 3568 ί

155 3588 188 3641 26
207 3586 371 3661 εύρεθεύητε
390 3590 436 3642 GL
449 3609 454 3642 :
468 3587 647 3663 εύρεθείημεν
665 3594 710 3662 Ag
728 3592 833 3661 Lightf.

154 3691 217 3745 Vox
236 3691 273 3744 ad
291 3693 480 3764 designandas
500 3696 629 3750 haereses
649 3701 724 3766 apta.
787 3698 811 3750 2.
830 3695 946 3770 πατρός]
959 3694 1115 3760 Quaeritur,
1126 3711 1162 3746 nn
1174 3696 1241 3763 post
1253 3691 1327 3744 hanc

153 3808 188 3818 -
207 3783 305 3851 φυτεία
313 3781 352 3851 re]
368 3780 409 3834 Cf.
419 3780 528 3835 Philad.
539 3785 562 3846 3,
578 3787 605 3844 1;
625 3783 725 3836 Matth.
753 3799 849 3837 vocem
868 3798 977 3837 comma
996 3781 1158 3851 ponendum
1178 3780 1222 3834 sit.
1255 3778 1326 3834 Voss

157 3865 195 3926 15,
217 3868 256 3920 13·
754 3872 783 3923 et
800 3870 877 3924 Znhn
895 3886 955 3923 eam
976 3886 1038 3922 eum
1062 3867 1244 3934 sequentibus
1263 3882 1326 3920 eon·

189 3951 212 4005 2.
230 3951 309 4024 μέλη]
330 3953 371 4008 cf.
391 3953 468 4007 Rom.
490 3954 530 4018 12,
543 3957 626 4017 4-5;
642 3955 725 4009 IOor.
753 3956 880 4027 iungunt,
900 3960 928 4010 et
946 3956 992 4009 hie
1009 3954 1159 4016 contendit,
1180 3951 1327 4022 scriptoris

30 4044 34 4056 '
155 4036 178 4100 6,
200 4039 243 4098 15;
263 4037 332 4106 Eph.
352 4041 375 4101 5,
395 4040 435 4095 30.
753 4042 841 4097 menti
858 4043 1071 4096 similitudinem
1083 4041 1162 4095 illam
1175 4039 1325 4102 obversari,

188 4122 247 4183 XII,
269 4127 290 4179 1.
310 4122 345 4192 oi]
374 4129 432 4197 ign.
460 4146 517 4183 non
544 4134 604 4184 tnm
629 4129 665 4182 nd
685 4145 726 4182 ec·
754 4146 840 4197 qunm
859 4134 887 4184 et
905 4129 979 4183 inter
998 4129 1160 4198 episcopum
1179 4127 1326 4194 Deumque

156 4207 272 4272 cleriei,
300 4227 387 4277 quam
415 4230 510 4269 eninm
536 4215 648 4284 legatos
668 4213 726 4267 nni·
754 4216 859 4270 Christi
877 4220 986 4285 petrem
1006 4221 1034 4270 et
1053 4215 1127 4268 inter
1144 4216 1326 4283 presbyteros

154 4312 230 4348 mum
249 4295 378 4352 advertit.
737 4302 952 4371 'apostolosque
979 4302 1151 4356 intercedere
1175 4299 1327 4355 existimet.
