2834 5018
115 294 218 360 LXVI
562 289 843 346 raonucoumm.

115 471 239 556 spurias
262 491 331 534 esse
359 470 587 534 contenderunt
618 474 673 533 aut
694 469 849 554 suspicati
877 476 960 534 sunt.
1007 470 1057 535 Ex
1079 470 1208 535 illorum
1228 494 1289 536 nu·

115 597 201 640 mero
231 578 305 638 sunt
327 573 351 638 I.
376 571 545 638 Calvinus¹
571 578 603 637 et
625 572 860 638 Centuriatores
889 572 1220 660 Magdeburgenses¹‚
1252 598 1290 642 ex

114 680 229 744 horum
257 700 387 743 numero
411 678 489 743 Ahr.
514 676 696 743 Scultetus⁸
720 681 752 741 et
773 677 844 743 Nic.
875 678 1026 745 Vedelius
1036 680 1058 743 ⁴.
1104 680 1167 745 Hic
1187 680 1290 765 inpri-

114 785 175 850 mis
197 806 261 849 non
282 784 386 849 solum
407 787 517 848 contra
540 784 736 848 Mastraeum
758 788 790 848 et
812 783 987 848 Baronium
1008 784 1169 868 probavit,
1192 785 1290 870 Igna·

114 890 194 954 tium
216 911 280 953 non
304 888 466 953 duodecim
490 887 643 972 epistulas
666 909 813 954 exarasse
834 910 936 974 neque
960 910 1029 966 eas,
1054 911 1135 974 quae
1158 914 1177 953 a
1198 891 1290 955 nobis

114 995 302 1078 legerentur,
325 992 525 1077 incorruptas
548 1014 629 1072 esse,
660 994 715 1058 sed
738 994 835 1057 etiam
864 993 1061 1058 authentiam
1083 993 1290 1077 epistularum

115 1101 156 1164 ab
179 1099 318 1164 Eusebio
350 1101 382 1161 et
404 1097 599 1181 Hieronymo
629 1102 873 1162 memoratarum
901 1099 982 1163 bene
1013 1097 1154 1163 defendit
1183 1102 1215 1162 et
1238 1121 1290 1163 eas

115 1203 202 1287 ipsas
224 1202 333 1266 multis
355 1201 434 1266 locis
455 1201 663 1286 interpolatas
687 1224 756 1266 esse
779 1202 1014 1267 demonstravit.

204 1306 328 1372 Vedelii
350 1306 486 1392 vestigia
507 1307 622 1391 pressit
636 1307 698 1371 Iac.
717 1306 838 1372 Ussher
859 1329 897 1371 ac
918 1308 1054 1391 probare
1077 1312 1209 1371 conatus
1232 1312 1289 1384 est,

117 1434 198 1497 quae
221 1411 365 1495 epistulis
388 1433 408 1474 a
428 1409 557 1474 falsario
580 1410 699 1475 inserta
722 1415 833 1476 essent.
884 1410 964 1476 Cum
987 1411 1070 1476 enim
1085 1411 1216 1490 videret
1241 1412 1288 1476 lo·

115 1539 187 1581 oum
210 1516 442 1581 aTheodoreto
465 1536 504 1579 ex
519 1514 657 1599 epistula
679 1515 718 1579 ad
734 1513 923 1598 Smyrnaeos
947 1514 989 1597 (7,
1014 1514 1045 1597 1)
1070 1518 1289 1600 depromptum

115 1623 148 1686 in
170 1621 311 1706 vulgatis
332 1620 449 1684 nostris
463 1624 533 1684 tum
557 1619 680 1704 graecis
701 1625 770 1684 tum
792 1620 900 1684 latinis
917 1621 1035 1706 Ignatii
1058 1622 1289 1705 exemplaribus

114 1747 179 1790 non
201 1726 275 1810 legi,
298 1724 422 1789 laudari
445 1730 551 1789 autem
574 1747 593 1787 a
616 1725 756 1789 Reberto
770 1724 980 1789 lincolniensi
1003 1726 1151 1810 episcopo
1174 1749 1200 1791 o.
1218 1751 1287 1791 ann.

118 1832 201 1895 1250
224 1835 256 1895 et
280 1853 300 1894 a
321 1830 444 1894 duobus
468 1829 538 1892 aliis
561 1827 686 1912 Anglis
710 1830 950 1914 circumspicere
973 1831 1087 1915 coepit,
1111 1855 1188 1896 num
1208 1832 1289 1897 forte

116 1937 219 2000 adhuc
240 1936 274 1999 in
296 1920 416 2018 Anglia
437 1933 566 2017 reperiri
588 1938 718 2017 possent
740 1932 861 2018 Ignatii
882 1934 1075 2018 exemplaria
1097 1936 1221 2021 aliqua,
1252 1959 1290 2002 ex

117 2040 231 2125 quibus
252 2038 308 2102 ille
329 2042 508 2102 nostrorum
525 2038 666 2102 codicum
688 2037 829 2102 defectus
852 2038 992 2122 suppleri
1013 2044 1130 2122 posset.
1178 2041 1290 2126 Neque

116 2165 188 2227 spes
211 2164 283 2206 eum
305 2162 434 2225 prorsus
457 2139 583 2204 fefellit.
628 2139 739 2205 libros
757 2140 840 2204 enim
862 2143 1095 2228 manuscriptos
1112 2147 1190 2210 duos
1213 2170 1289 2212 nac·

115 2251 167 2312 tus
191 2251 248 2323 est,
272 2245 408 2310 alterum
429 2244 463 2308 in
485 2244 613 2328 publica
629 2243 765 2328 collegii
788 2243 945 2309 Gunwelli
967 2250 999 2310 et
1015 2247 1082 2312 caii
1105 2252 1192 2333 apud
1207 2249 1288 2316 Gan·

116 2352 343 2436 tabrigienses.
371 2350 506 2415 alterum
527 2349 561 2414 in
591 2350 716 2432 privata
737 2348 777 2412 D.
802 2348 952 2413 Richardi
974 2350 1179 2430 Montacutii‚
1203 2353 1290 2420 Nor·

115 2456 259 2521 vicensis
274 2476 375 2539 nuper
390 2453 539 2538 episcopi,
563 2454 756 2518 bibliotheca
771 2455 954 2538 repositum,
980 2457 1036 2541 qui
1051 2458 1291 2543 Ignatianarum

117 2560 325 2645 epistularum
355 2559 646 2642 interpretationem
676 2559 880 2623 continebant
903 2582 922 2623 a
950 2560 1083 2644 vulgata
1111 2561 1212 2627 latina
1241 2565 1290 2628 di·

115 2663 337 2730 versissimam.
383 2661 463 2727 (lum
485 2662 773 2740 animadvertisset,
806 2662 912 2728 locum
933 2663 1026 2729 illum
1048 2687 1068 2728 a
1090 2665 1291 2746 Theodoreto

116 2770 281 2835 laudatum
299 2769 333 2833 in
361 2769 422 2833 hac
450 2768 592 2832 versione
619 2770 808 2833 verbotenus
836 2770 1027 2834 translatum
1049 2790 1134 2848 esso,
1167 2771 1292 2856 reliqua

115 2875 298 2940 testimonia
321 2896 340 2937 a
362 2873 506 2957 patribus
537 2873 768 2957 antiquioribus
798 2895 836 2937 ex
863 2873 989 2958 Ignatio
1021 2874 1117 2938 citata
1148 2874 1291 2940 conferre

117 2979 222 3062 coepit
244 2998 343 3060 eaque
366 2980 398 3040 et
420 2998 492 3040 cum
507 2998 564 3040 suo
585 2975 758 3059 interprete
774 2977 948 3042 consentire
971 2983 1003 3042 et
1026 3001 1046 3042 a
1066 2978 1206 3062 vulgatis
1221 2984 1292 3045 tum

118 3081 240 3166 graecis
263 3087 332 3145 tum
353 3080 462 3144 latinis
485 3078 604 3163 Ignatii
625 3079 785 3145 codicibus
808 3081 1038 3165 utplurimum
1061 3083 1212 3148 dissidere
1236 3085 1290 3149 de-

116 3185 284 3269 prehendit
293 3184 315 3248 ⁶.
360 3184 472 3267 ltaque
495 3205 566 3248 cum
589 3185 719 3250 dubium
741 3207 804 3249 non
827 3191 919 3263 esset,
944 3187 1020 3270 quin
1042 3188 1218 3252 versionem
1240 3189 1291 3252 in·

116 3289 263 3366 venisset,
288 3310 369 3371 quae
391 3289 576 3352 attextum
597 3289 769 3372 genuinum
791 3290 934 3373 proxime
957 3293 1135 3368 accederet,
1165 3297 1198 3357 et
1219 3314 1290 3357 ver-

117 3394 237 3458 sionem
259 3397 418 3477 utcunque
450 3392 528 3456 alias
550 3393 720 3457 barbaram
743 3399 837 3477 atque
859 3395 1051 3460 inconditam
1074 3397 1159 3481 typis
1181 3397 1290 3481 publi·

117 3498 201 3563 cavit
222 3502 254 3563 et
275 3497 484 3582 epistularum
504 3496 569 3561 iam
583 3497 786 3583 vulgatorum
810 3499 979 3564 editionem
1003 3501 1137 3584 paravit,
1161 3500 1195 3564 in
1219 3523 1290 3584 qua,

189 3760 202 3812 1
221 3754 366 3811 Institutio
385 3753 480 3808 christ.
498 3752 644 3823 religionis
662 3753 676 3805 l
694 3771 716 3807 c.
737 3754 777 3817 13,
797 3754 840 3808 29.

186 3843 204 3895 2
224 3843 336 3898 centur.
356 3841 382 3896 Π
400 3858 422 3895 c.
444 3842 477 3897 10
495 3840 538 3894 ed.
557 3840 683 3895 Norimb.
702 3841 736 3906 ΙΙ,
758 3843 807 3897 lvv
826 3859 867 3910 sq.

188 3930 204 3983 8
222 3928 363 3983 ldedullae
380 3927 543 3999 theologiae
561 3932 674 3997 patrum
693 3931 843 3999 syntagma
862 3929 936 3984 1609.

186 4018 204 4070 4
221 4014 364 4086 Apologia
380 4033 432 4085 pro
451 4014 562 4084 Ignatio
582 4031 604 4068 c.
618 4017 642 4070 3.
659 4016 677 4069 4
696 4016 864 4085 (praemissa
881 4016 939 4087 Ign.
962 4017 1145 4089 epistularum
1165 4018 1290 4074 editioni

119 4105 250 4162 Genevae
271 4105 355 4175 1623).

188 4193 204 4246 5
222 4191 340 4246 Dissert
360 4208 382 4245 c.
403 4193 419 4246 3
437 4208 466 4260 p.
483 4189 535 4245 XV
553 4208 594 4258 sq.
