2834 5018
304 672 528 728 MARTYRIUM
546 674 572 728 S.
592 673 795 730 POLYCARPI
813 674 873 738 XII,
894 676 1018 740 l-XIII,
1037 676 1061 730 2.
1208 681 1271 746 329

92 852 147 915 sed
171 856 281 916 contra
303 853 471 935 proconsul
502 858 645 938 stuperet
668 875 823 936 suumque
851 854 991 918 mitteret
1013 876 1200 938 praeconem
1223 861 1272 919 ter

91 957 125 1019 in
141 956 244 1020 medio
267 957 370 1020 stadio
384 958 671 1040 proclamaturom:
697 958 895 1043 Polycarpus
917 957 1080 1023 coufessus
1103 964 1159 1037 est,
1178 958 1270 1023 Chri·

91 1061 230 1124 stianum
258 1081 291 1124 se
314 1082 391 1125 esse.
439 1062 468 1126 2.
494 1062 585 1140 Quod
615 1063 671 1127 ubi
692 1063 930 1146 pronuntiasset
958 1084 1091 1146 praeco,
1125 1064 1272 1128 universa

91 1164 263 1229 multitudo
296 1166 466 1250 gentilium
495 1190 532 1233 ac
565 1169 771 1246 Iudaeorum,
803 1168 859 1252 qui
882 1166 1048 1250 Smyrnam
1078 1167 1269 1245 incolebant,

92 1269 247 1333 effrenata
277 1270 325 1334 ira
347 1275 379 1334 et
402 1293 519 1356 magna
549 1295 626 1337 voce
650 1273 865 1339 exclamabat:
901 1272 963 1337 Hic
986 1276 1034 1337 est
1056 1271 1152 1336 Asiae
1175 1287 1296 1355 prae-⁶

91 1377 217 1457 ceptor,
247 1379 339 1458 pater
368 1375 636 1455 Christianorum,
671 1378 799 1441 deorum
829 1380 1010 1440 nostrorum
1042 1398 1183 1453 eversor,
1216 1378 1271 1460 qui

90 1478 209 1543 multos
233 1479 332 1556 docet,
356 1502 396 1544 ne
411 1481 589 1546 sacrificent
610 1503 688 1546 neve
705 1483 845 1546 adorent.
892 1481 981 1545 Haec
997 1481 1135 1545 dicentes
1151 1480 1269 1546 clama·

90 1585 168 1647 bant
198 1586 420 1668 rogabantque
442 1585 627 1670 Philippum
656 1584 865 1663 Asiarcham‚
899 1590 935 1649 ut
967 1584 1091 1649 leonem
1123 1586 1270 1650 adversus

89 1686 303 1770 Polycarpum
326 1689 492 1754 emitteret.
538 1690 600 1756 Hic
623 1691 783 1757 autemid
806 1691 868 1755 sibi
898 1690 993 1754 licere
1015 1691 1163 1775 negavit,
1197 1690 1271 1774 quia

90 1791 200 1856 ludum
230 1793 402 1859 bestiamm
431 1795 495 1859 iam
526 1797 722 1880 explevisset.
778 1797 807 1861 3.
840 1795 930 1859 'lime
961 1793 1083 1878 placuit
1112 1795 1177 1859 illis
1207 1815 1269 1858 uno
1284 1807 1309 1844 ¹0

92 1918 246 1960 consensu
269 1896 424 1975 clamare,
454 1903 490 1962 ut
512 1899 727 1983 Polycarpum
749 1899 856 1962 vivum
879 1900 1086 1963 combureret.
1133 1897 1270 1962 Necesse

91 2001 175 2064 enim
197 2005 274 2077 erat,
298 2005 333 2065 ut
355 2003 434 2066 visio
458 2003 515 2066 illa
538 2004 576 2067 de
599 2003 744 2068 cervicali
766 2002 962 2086 impleretur,
987 2025 1067 2087 quae
1091 2003 1120 2066 ei
1142 2007 1270 2066 ostensa

90 2105 203 2183 fuerat,
229 2128 300 2170 cum
321 2106 404 2170 inter
426 2108 579 2173 orandum
600 2107 680 2171 illud
700 2109 813 2172 ardens
835 2108 957 2172 videret
980 2111 1012 2170 et
1034 2128 1202 2171 conversus
1229 2107 1269 2171 ad

90 2210 200 2274 fideles
224 2211 386 2275 adstantes
409 2212 593 2296 prophetice
609 2213 744 2278 diceret:
769 2213 905 2297 Oportet
920 2232 971 2277 me
994 2212 1098 2275 vivum
1114 2211 1267 2275 comburi.

177 2313 265 2379 XIII.
292 2314 381 2380 Haec
402 2339 497 2400 porro
520 2339 591 2381 cum
613 2321 704 2382 tanta
727 2317 891 2383 alacritate
913 2320 1042 2400 peracta
1064 2319 1150 2393 sunt,
1175 2316 1268 2379 citius
1283 2335 1309 2373 ιι

93 2443 190 2504 quam
213 2422 433 2505 pronuntiata,
465 2427 578 2487 cuncta
599 2423 692 2506 plebe
722 2423 889 2488 confestim
912 2445 950 2487 ex
972 2420 1107 2484 officinis
1139 2442 1176 2486 ac
1197 2420 1269 2484 bal·

94 2526 162 2589 neis
186 2526 275 2610 ligna
297 2532 330 2590 et
352 2531 511 2591 sarmenta
527 2533 725 2612 congerente,
748 2528 917 2612 praecipue
940 2525 1064 2589 ludaeis
1088 2525 1184 2588 alacri
1200 2525 1269 2589 ani-

94 2651 156 2705 mo,
181 2635 217 2694 ut
240 2630 352 2707 solent,
377 2631 417 2694 ad
438 2630 501 2694 ista
523 2631 713 2697 iuvantibus.
760 2634 790 2696 2.
815 2631 894 2696 Cum
918 2635 1024 2695 autem
1046 2649 1143 2712 rogus
1167 2651 1268 2713 appa-

90 2739 179 2799 ratus
209 2739 306 2810 esset,
338 2734 535 2818 Polycarpus
565 2736 626 2800 sibi
656 2737 805 2801 detractis
835 2737 980 2800 omuibus
1013 2734 1207 2799 vestimentis
1238 2739 1270 2798 et

89 2886 154 2922 nem
179 2869 311 2922 adversus
336 2870 523 2939 Polycarpum
547 2871 666 2935 emittat,
693 2870 772 2940 lippo
792 2869 937 2923 Tralliano
962 2869 1097 2937 martyrio
1120 2867 1269 2938 Polycaipi

90 2956 234 3024 cumipse
261 2956 341 3010 ludos
370 2974 399 3010 se
425 2956 482 3010 iam
511 2958 667 3013 celebrasse
693 2957 879 3027 praesidente.
928 2955 1054 3010 Eundem
1083 2956 1169 3009 etiam
1196 2957 1269 3009 duas

89 3043 265 3111 respondeat.
310 3042 351 3097 Cf.
380 3060 453 3110 quae
480 3044 629 3114 Lightfoot
646 3047 665 3108 Ι,
693 3044 892 3114 inscriptiones
933 3041 1093 3096 Trallianae
1134 3043 1269 3110 (Boseth,

90 3129 229 3184 987-998
258 3129 292 3182 de
312 3129 449 3183 Asiarcba
476 3133 613 3199 exposuit.
632 3130 800 3203 -lCorpus
827 3129 954 3198 inscript.
979 3145 1070 3198 graec.
1090 3129 1166 3192 2932,
1188 3129 1268 3199 2933)

91 3216 241 3285 Φίλιππον]
272 3217 350 3270 Infra
377 3220 426 3280 21,
455 3220 471 3271 2
503 3208 681 3343 Philippum}
694 3223 824 3287 spectare
850 3216 998 3278 videntur,
1028 3214 1130 3281 quibus
1150 3232 1268 3269 comme-

90 3302 265 3355 Trallianum
289 3303 377 3358 fuisse
407 3305 609 3374 comperimus,
638 3309 819 3398 etymoratur
846 3309 878 3361 Γ.
904 3303 1019 3369 Ἰούλιος
1048 3305 1185 3369 Φίλιππος
1212 3299 1268 3358 ἐπί·

90 3388 190 3444 Strabo
208 3389 281 3454 XIV,
300 3391 335 3444 42
361 3390 521 3447 Trallianos
550 3396 667 3462 propter
692 3410 798 3466 τροπος
815 3399 872 3447 τῶν
889 3396 1040 3464 Σεβαοτῶν
1058 3387 1174 3455 eiusque
1192 3388 1267 3442 filius

89 3475 204 3530 divitias
239 3493 348 3546 semper
378 3479 529 3533 Asiarchae
561 3478 666 3533 electos
693 3478 809 3544 Ἰούλιος
829 3481 966 3543 Φίλιππος
984 3476 1164 3547 συγκλητικὸς
1186 3495 1268 3549 στρα-

89 3563 178 3617 fuisse
207 3564 301 3617 refert.
339 3564 434 3634 Nuper
452 3566 522 3619 haec
548 3566 665 3634 inscrip-
693 3564 953 3638 τηγὸςῬωμαίων,
972 3566 1055 3632 pater
1071 3560 1116 3614 vel
1135 3560 1208 3615 filius
1227 3562 1269 3616 in-

88 3649 145 3703 tio:
176 3650 219 3706 ‘H
242 3650 415 3722 ’01ομπι[κι)]
443 3658 528 3725 doctr)
555 3652 664 3723 Πάῖον]
693 3668 776 3721 super
811 3649 990 3724 ἀγωνοθέτης
1026 3647 1195 3719 appellatur.
1234 3680 1269 3689 -

89 3735 230 3808 ’1ούλιο[ν]
256 3741 395 3795 Φίλιππον
422 3740 592 3813 Τραλλιανὸν
616 3740 666 3796 τὸν
692 3737 875 3813 πεπληρώκει]
903 3754 954 3806 pro
982 3734 1076 3793 facab
1105 3738 1140 3789 ef·
1167 3736 1212 3799 16,
1237 3735 1268 3798 23

87 3825 239 3898 Ἀοιάρχηυ
266 3828 346 3896 ἠθῶν
378 3822 475 3891 ἕνεκα,
502 3824 665 3895 Ὀλυμπιάδι
693 3825 824 3895 Winer§
845 3827 883 3890 12,
897 3824 920 3878 9.
939 3854 974 3863 -
991 3822 1147 3895 κυνηγέσια]
1167 3821 1208 3876 De
1227 3824 1268 3876 lu-

88 3910 158 3984 otff,
184 3912 299 3964 inventa
318 3914 347 3966 et
371 3913 401 3966 in
427 3913 667 3982 Archaeoloyiacbe
693 3913 736 3967 dis
754 3913 911 3968 bestiarum
928 3908 973 3963 vel
984 3908 1191 3973 venationibus,
1211 3926 1267 3976 quo

88 4000 207 4067 Zeituny
231 3997 376 4052 XXXVIII
395 4000 494 4066 (1880),
514 4001 548 4054 62
574 3998 665 4068 publi·
693 4000 805 4054 nomine
838 3996 958 4053 Romani
989 4012 1035 4049 eos
1071 3994 1268 4065 designabant,

70 4088 162 4148 cata,
182 4084 212 4137 in
222 4084 391 4140 Jobrbitcter
400 4088 450 4153 fiir
456 4093 567 4155 protect.
584 4089 665 4142 ΤΙιοο-
693 4088 729 4141 cf.
740 4085 928 4147 Friedltnden
942 4083 1174 4152 Sittcaycsctictte
1183 4083 1268 4138 Roma

87 4173 156 4242 lopic
173 4169 226 4224 Vll
244 4169 341 4240 (1881),
360 4171 502 4227 illustrata
520 4178 571 4228 est.
596 4174 731 4236 eumin,
757 4173 894 4229 seo-410
925 4168 980 4237 (ed
1005 4168 1046 4222 VI
1074 4167 1164 4236 1889);
1195 4171 1267 4223 Mar·

89 4259 238 4328 Olympias
265 4257 315 4311 232
344 4258 382 4312 sit
409 4275 497 4312 annus
522 4261 585 4316 Chr.
607 4263 665 4325 149,
694 4260 813 4328 quardt,
844 4259 985 4314 Rc'imIschc
1012 4256 1268 4326 Sraataerwauunp

86 4346 217 4416 proxime
237 4346 273 4398 ad
292 4361 397 4398 annum
409 4346 506 4399 mortis
516 4347 666 4417 Polycarpi
692 4347 731 4400 III
751 4346 850 4416 (1878),
869 4347 927 4400 507.
946 4345 1005 4398 542.

88 4432 207 4495 accedit,
226 4449 259 4485 ac
278 4433 443 4487 concludere
462 4433 536 4496 licet,
561 4434 665 4504 Philip·

86 4539 156 4591 Punr
185 4518 360 4573 Trallianum
387 4520 551 4574 Asiarcham
580 4521 610 4574 in
633 4538 667 4575 ea
692 4481 912 4641 εἰὶἑνέἶῗλῖτέἓ
933 4483 1090 4624 fficiam.
1112 4484 1152 4548 18'
1171 4485 1212 4539 32‘
1233 4514 1268 4523 '⁸

86 4608 265 4663 nominatum
294 4608 412 4660 eundem
431 4622 492 4660 esse
520 4623 584 4661 cum
601 4607 665 4662 Phi·
