2834 5018
462 640 640 696 EPISTULA
657 640 716 703 XV,
735 641 858 707 9-xv1‚
879 645 902 697 7.
1235 650 1276 715 87

97 822 230 904 egimus,
257 843 322 906 quo
345 826 378 884 et
400 820 489 884 Iesus
511 822 683 885 resurrexit
706 844 724 885 a
746 823 879 887 mortuis
903 828 943 899 et,
971 845 1041 888 cum
1066 825 1274 908 apparuisset,

95 926 236 990 ascendit
259 929 300 992 ad
324 926 437 990 caelos,

136 1031 224 1096 XVI.
261 1031 376 1097 Adhuc
412 1035 517 1094 autem
548 1036 580 1094 et
615 1031 651 1094 dc
685 1031 806 1115 templo
839 1032 940 1096 dicam
974 1032 1081 1110 vobis,
1118 1035 1277 1118 quomodo

97 1143 237 1202 errantes
268 1138 377 1202 miseri
412 1158 475 1201 non
498 1136 530 1200 in
561 1138 655 1201 deum
679 1160 785 1213 sumn,
822 1138 877 1221 qui
905 1140 1022 1203 creavit
1053 1139 1157 1223 ipsos,
1189 1159 1277 1221 spem

96 1242 285 1318 habuerrmt,
309 1241 421 1306 sedin
444 1243 561 1319 aedem,
588 1242 679 1326 quasi
702 1249 785 1307 esset
809 1243 919 1307 domus
942 1244 1001 1307 dci.
1049 1246 1079 1308 2.
1103 1242 1187 1308 Nam
1209 1244 1302 1308 feren

96 1347 196 1411 instar
227 1347 371 1431 gentium
393 1346 485 1410 illum
515 1347 692 1431 intemplo
722 1348 865 1412 venerati
896 1352 979 1412 sunt.
1026 1344 1087 1412 Sed
1121 1348 1278 1431 quomodo

99 1451 243 1515 domiuus
258 1450 408 1533 loquatur
423 1452 642 1535 templumque
665 1453 790 1516 irritum
808 1452 913 1530 faciat,
939 1452 1063 1517 discite:
1095 1455 1174 1529 Qm's
1189 1472 1278 1516 uren·

97 1573 154 1617 aus
186 1563 239 1618 eat
268 1557 396 1618 caelum
427 1558 593 1636 epitlrama
623 1565 682 1619 out
712 1565 838 1620 terram
863 1560 1009 1639 palma?
1048 1559 1165 1620 Nonne
1194 1562 1281 1636 eqo?

99 1661 186 1722 Dr'cr'l
208 1660 379 1722 dominus:
414 1661 549 1725 Caelum
579 1663 660 1724 rrrilrr'
691 1663 831 1724 tlrrorrue
854 1670 923 1740 est,
954 1671 1048 1726 terro
1072 1670 1183 1725 aretem
1207 1680 1278 1725 scu·

99 1767 218 1827 tellum
239 1767 361 1845 peditur
384 1785 541 1829 nieorum.
592 1768 694 1841 erurru
711 1768 792 1829 milri
815 1768 946 1830 dominu
963 1768 1195 1846 aedificabilis,
1219 1774 1277 1830 aut
1292 1784 1317 1820 1⁰

97 1875 168 1948 quis
192 1872 285 1932 locus
316 1875 476 1950 repuleris
508 1873 628 1931 necue?
663 1866 881 1951 Cognovistis,
913 1870 997 1952 quod
1020 1891 1102 1933 vana
1134 1876 1182 1934 est
1206 1892 1278 1953 spes

98 1973 233 2036 illorum.
281 1975 317 2051 3,
335 1975 379 2038 Et
413 1974 542 2038 tandem
574 1995 683 2036 rursus
713 1974 776 2037 ait:
816 1976 916 2053 Ecce,
949 1980 1005 2055 qur·
1039 1977 1280 2038 (instrueremur

99 2081 255 2159 ternplum
277 2080 354 2157 doc,
384 2084 450 2160 ipre·
472 2081 560 2142 illud
580 2081 810 2158 aedificabunt.
857 2080 886 2141 4.
911 2078 1010 2162 quue
1033 2077 1146 2142 evenit.
1194 2078 1279 2142 Nam

97 2183 168 2266 quia
201 2182 323 2247 bellum
352 2188 533 2266 gesserunt,
565 2184 604 2247 ab
634 2183 779 2247 hostibus
811 2183 1005 2246 destructum
1028 2186 1076 2245 est
1106 2182 1277 2265 templum;

96 2290 234 2350 nuncet
262 2287 323 2369 ipsi
346 2287 488 2351 hostium
517 2289 654 2352 ministri
684 2289 932 2352 reaedificabunt
962 2287 1050 2351 illud.
1102 2288 1130 2351 5.
1158 2286 1278 2350 Iterum
1293 2303 1318 2341 1⁶

97 2393 336 2456 manifestatum
359 2397 422 2469 est,
447 2394 516 2458 fore
539 2399 575 2458 ut
598 2394 707 2458 civitas
730 2397 762 2456 et
784 2392 940 2476 templum
963 2395 995 2456 et
1017 2392 1157 2476 populus
1179 2390 1278 2455 Israel

98 2499 282 2560 traderetur.
330 2496 387 2561 Ait
410 2498 528 2582 quippe
543 2498 717 2582 scriptura:
741 2501 784 2562 Et
799 2503 864 2562 erit
887 2503 922 2560 in
938 2503 1129 2561 nouissimis
1152 2499 1278 2576 uenas,

100 2612 131 2666 el
153 2604 266 2666 tradet
294 2604 448 2666 rtonrr’nue
477 2623 553 2667 ores
578 2609 698 2685 parerer·
722 2612 753 2666 et
784 2605 870 2666 ocr'le
893 2610 926 2665 el
955 2608 1074 2666 turrim
1108 2608 1278 2666 eorumne

99 2714 246 2772 erilium.
294 2707 402 2792 Atque
426 2707 578 2790 contigit,
611 2707 875 2792 quemadmodum
897 2705 1021 2770 locutus
1047 2711 1096 2770 est
1123 2707 1277 2773 dominus.

97 2813 124 2875 6.
150 2812 347 2889 Quaeramus
371 2817 493 2888 autem,
525 2835 565 2876 an
588 2817 692 2876 exstet
714 2812 817 2876 adhuc
846 2810 1002 2894 templum
1026 2811 1085 2875 dei.
1131 2811 1275 2889 Exsistit,
1294 2830 1318 2868 2⁰

96 2917 147 2981 ubi
171 2918 308 3001 ipsemet
330 2939 363 2981 se
378 2916 459 2980 illud
481 2916 587 2980 facere
605 2937 640 2980 ac
664 2916 814 2999 perficere
829 2919 974 2979 testatur.
1021 2913 1180 2998 Scriptum
1196 2916 1280 2981 enim

97 3026 164 3085 est:
202 3024 245 3085 El
268 3029 333 3086 crr'l
363 3023 569 3085 bebdomada
599 3024 762 3102 correptum
786 3023 1016 3099 aedificabitur
1046 3023 1203 3102 templum
1226 3023 1281 3084 dei

97 3129 270 3207 ruapm'fice
292 3133 327 3190 ἐπ
350 3132 483 3190 nomine
505 3128 640 3189 donrirn‘.
688 3126 716 3188 7.
740 3124 868 3188 Invenio
883 3124 991 3208 igitur,
1018 3123 1103 3207 quod
1126 3123 1279 3206 templum

96 3231 228 3294 exsistit.
277 3229 347 3306 Qua
363 3231 484 3294 ratione
497 3250 573 3312 crgo
591 3228 809 3292 aedificabitur
824 3227 858 3290 in
873 3227 998 3290 nomine
1015 3227 1144 3304 domini,
1158 3227 1276 3308 discite,

95 3333 278 3419 Antequam
308 3337 366 3400 deo
391 3337 607 3414 crederemus,
639 3340 707 3399 crat
731 3335 834 3399 cordis
856 3335 958 3398 nostri
992 3335 1187 3400 domicilium
1208 3357 1278 3400 cor·
1293 3351 1318 3389 2⁵

162 3489 311 3550 olesro,
333 3488 372 3545 12.
392 3490 461 3542 -7
482 3491 532 3543 Ies.
554 3490 594 3551 66,
617 3491 638 3543 1.
668 3519 702 3527 -
732 3486 895 3548 111es49,
918 3487 957 3541 17.
985 3517 1020 3525 -
1048 3488 1079 3540 16
1100 3486 1217 3541 Honooh
1235 3487 1277 3551 89,

92 3575 132 3628 56.
151 3577 193 3630 66.
212 3577 253 3630 67.
273 3608 308 3615 -
326 3579 360 3631 20
380 3577 449 3630 Dan.
470 3578 494 3639 9,
514 3577 648 3630 ‘rr-27?

95 3722 140 3770 tur
157 3717 244 3784 idque
265 3717 469 3786 spiritualiter,
495 3722 527 3773 ut
552 3734 616 3771 mox
636 3717 673 3771 vi-
702 3716 873 3784 solymitano
887 3715 1006 3783 quaerit,
1027 3731 1063 3767 un
1077 3713 1198 3769 ult-erum
1210 3719 1277 3769 tenr-

97 3804 214 3859 debitur.
234 3836 270 3843 -
288 3804 314 3862 oi
334 3826 356 3861 τ.
376 3804 436 3878 qs.
456 3804 599 3878 ὑπηρέται]
620 3807 636 3860 i.
652 3824 674 3860 e.
702 3805 761 3856 lum
781 3819 971 3856 successurum
991 3802 1037 3856 sit.
1064 3834 1099 3841 -
1125 3807 1171 3859 καὶ
1190 3798 1278 3871 ἔσται]

96 3891 204 3946 subditi
223 3891 459 3946 Romanorum:
472 3892 633 3947 Christiani.
704 3892 859 3955 Quaeritur,
879 3906 945 3941 num
955 3890 1098 3942 Barnabas
1111 3889 1181 3943 haec
1193 3889 1279 3943 rerba

130 3982 153 4033 5.
172 3984 219 4036 nat
232 3975 309 4037 ἔσται
321 3980 392 4049 κτλ]
412 3979 506 4033 Verba
519 3979 614 4048 priora
627 3997 676 4033 seu
703 3994 718 4031 e
738 3977 807 4031 Dan
827 3978 850 4038 9,
870 3976 986 4037 24-27,
1011 3974 1059 4029 ubi
1084 3975 1224 4044 propheta
1243 3974 1277 4030 de

94 4071 138 4122 καὶ
157 4098 192 4106 -
211 4070 325 4141 ἡμερῶν
343 4067 373 4119 in
393 4067 467 4121 libro
480 4067 598 4122 Honooh
615 4067 675 4134 qui·
702 4065 810 4132 templo
824 4062 1083 4130 Hierosolymitano
1098 4062 1278 4116 reaedifican-

96 4153 158 4206 dem
169 4153 372 4215 desiderantur,
385 4153 573 4207 sacilcautem
584 4155 676 4207 aBar-
688 4174 691 4183 ·
703 4151 739 4204 do
759 4151 895 4217 loquitur,
916 4167 952 4203 un
971 4166 985 4203 e
1004 4148 1076 4204 libro
1096 4149 1192 4217 aliquo
1211 4166 1277 4219 apo-

96 4241 170 4294 6666
190 4240 266 4294 adici
287 4242 428 4310 poterunt.
449 4240 582 4303 cf.11,9.
603 4241 676 4296 Ores
688 4192 691 4265 Ι
704 4238 809 4307 orypho
829 4238 1024 4307 (desumpserit.

96 4328 195 4394 pascui
213 4334 293 4391 sunt,
324 4332 355 4383 ut
379 4346 413 4382 cr
440 4327 675 4396 praecedentibus
739 4328 761 4379 7.
800 4324 884 4381 clem.
912 4327 955 4380 Al.
983 4326 1082 4381 Strom
1101 4325 1140 4388 ΙΙ,
1160 4324 1207 4389 20,
1229 4325 1278 4380 116

97 4419 227 4481 apparet,
255 4415 378 4484 populus
397 4414 577 4480 Iudaeorum,
603 4358 729 4487 ovileip.
749 4413 800 4468 489
819 4415 886 4486 (πρὸ
906 4422 956 4470 τοῦ
973 4415 1049 4482 κτλ).
1080 4444 1115 4452 -
1143 4412 1187 4465 Ad
1205 4412 1278 4466 huno

99 4501 163 4555 urbs
182 4501 390 4571 Hierosolyma,
418 4503 503 4557 turris
529 4503 674 4572 templum.
687 4526 691 4655 p
704 4502 824 4555 maxime
837 4501 931 4555 locum
948 4503 1277 4570 provocaremutreoen-

130 4588 153 4642 6.
184 4590 245 4643 Iam
272 4588 417 4643 destructo
445 4588 551 4658 templo
576 4589 674 4644 Hiero·
703 4588 805 4648 tiores,
833 4590 866 4640 ut
884 4587 1115 4650 demonstrarent,
1136 4591 1278 4642 auctorem
