2834 5018
180 336 243 400 492
611 327 765 383 υωευιιι
785 326 927 383 PASTOR

181 506 288 592 φόβοι·
312 504 366 570 ἐάν
388 509 449 591 γὰρ
472 504 571 589 θέλῃς
593 507 628 567 τδ
650 508 786 589 πονηρὸν
809 504 1016 589 ἐργάσασθαι,
1041 503 1141 590 φοβοῦ
1166 506 1224 569 τόν
1251 506 1371 589 κύριον,

180 614 233 675 καί
256 612 315 675 οὐκ
338 610 456 696 ἐργάσῃ
479 610 576 674 αύτό·
600 609 655 674 ἐὰν
671 610 706 673 δὲ
722 608 821 693 θέλῃς
835 609 929 673 πάλιν
952 612 987 672 τὸ
1003 610 1129 693 ἀγαθόν
1147 609 1370 695 ἐργάσασθαι,

181 716 279 802 φοβοῦ
302 718 355 780 τὸν
377 716 499 799 κύριον,
531 715 585 778 καί
608 713 727 799 ἐργάσῃ
748 714 834 780 αύτό.
886 714 966 777 ὥστε
994 713 1011 776 ὁ
1035 712 1132 799 φόβος
1165 724 1224 778 τοῦ
1260 715 1370 798 κυρίου

181 819 306 904 ίσχυρός
337 819 402 883 ἐστι
434 821 488 883 καί
510 818 607 904 μέγας
630 821 684 882 καί
706 817 839 896 ἔνδοξος.
885 816 1042 902 φοβήθητι
1072 819 1127 881 ούν
1156 820 1214 881 τὸν
1248 819 1369 901 κύρον,

154 927 233 996 ,καί
257 924 336 1008 ζήσῃ
359 925 461 1008 αύτῷ·
484 925 538 987 καί
561 925 628 986 ὅσοι
652 924 690 985 ἂν
713 922 898 1008 φοβηθῶσιν
921 923 1014 986 αὐτόν
1037 930 1100 986 τῶν
1131 922 1370 1006 φυλασσόντων

180 1032 235 1104 τάς
268 1028 396 1103 ἐντολάς
424 1029 536 1107 αύτοῠ,
569 1027 715 1111 ζὴσονται
743 1035 789 1111 τῷ
812 1030 890 1112 θεῷ.
936 1032 965 1093 5.
989 1025 1095 1106 Διατί,
1127 1027 1231 1112 φημί,
1269 1029 1368 1111 κύρε,

181 1132 269 1210 είπας
291 1135 359 1215 περί
381 1142 445 1197 τῶν
468 1132 643 1217 τηρούντων
664 1134 721 1207 τὰς
744 1132 871 1207 ἐντολὰς
887 1133 1001 1195 αύτού·
1024 1130 1181 1215 Ζησονται
1205 1140 1256 1216 τῷ
1282 1137 1368 1216 θεῷς

179 1236 261 1317 Ὅτι,
285 1237 388 1323 φησίν,
412 1246 499 1299 πᾶσα
521 1235 542 1319 ἡ
564 1234 662 1312 κτίσις
686 1235 826 1321 φοβεῖται
849 1237 902 1299 τόν
923 1235 1047 1318 κύριον,
1074 1237 1130 1311 τάς
1164 1237 1201 1300 δὲ
1236 1237 1367 1313 ἐντολὰς

181 1344 276 1406 αὐτοῦ
300 1343 336 1405 ού
360 1339 522 1423 φυλάσσει.
568 1349 631 1405 τῶν
654 1342 708 1404 ούν
739 1338 940 1426 φοβουμένων
967 1340 1061 1402 αὐτόν
1092 1341 1147 1402 καί
1184 1340 1367 1423 φυλασσόν-

141 1479 168 1515 ιο
181 1467 243 1510 των
266 1448 321 1522 τὰς
344 1444 472 1521 ἐντολάς
495 1447 600 1525 αὐτού,
625 1444 753 1509 ἐκείνων
776 1445 797 1529 ἡ
818 1444 885 1528 ζωή
908 1444 973 1507 ἐστι
995 1444 1080 1526 παρά
1102 1451 1148 1526 τῷ
1180 1447 1279 1530 θεῷ·
1307 1455 1367 1510 τῶν

179 1551 214 1615 δὲ
236 1553 278 1635 μὴ
301 1549 526 1634 φυλασσόντων
548 1552 604 1626 τάς
626 1549 755 1626 ἐντολάς
777 1551 883 1629 αύτού,
907 1549 979 1612 ούδέ
1000 1548 1066 1631 ζωὴ
1090 1546 1123 1611 ἐν
1147 1550 1274 1626 αύτοῖς.

671 1723 802 1808 Ἐντολὴ
825 1724 865 1809 η’.

267 1863 365 1930 Είπόν
389 1887 448 1944 σοι,
473 1864 575 1949 φησίν,
599 1867 645 1928 ότι
668 1866 709 1928 τά
730 1864 886 1948 κτίσματα
909 1874 962 1929 τού
979 1869 1057 1932 θεοῦ
1079 1863 1180 1929 διπλᾶ
1203 1865 1293 1931 ἐστί·
1315 1869 1365 1930 καί

179 1973 240 2055 γὰρ
262 1970 282 2053 η
306 1970 471 2055 ἐγκράτεια
498 1967 592 2052 διπλη
621 1967 714 2035 ἐστίν.
761 1968 812 2033 ἐπί
833 1991 925 2034 τινων
947 1971 1006 2054 γὰρ
1029 1970 1075 2034 δεῖ
1097 1968 1365 2054 ἐγκρατεύεσθαι,

142 2104 166 2141 ιι
181 2074 231 2139 ἐπί
253 2096 344 2140 τινων
366 2076 401 2138 δὲ
424 2075 460 2137 ού
483 2074 537 2139 δεῖ.
584 2077 614 2139 2.
638 2071 794 2156 Γνύιρισόν
817 2095 878 2158 μοι,
902 2073 989 2158 φημί,
1012 2073 1110 2156 κύριε,
1135 2074 1190 2138 ἐπί
1210 2076 1309 2141 τίνων
1323 2077 1366 2139 δεῖ

179 2179 437 2264 ἐγκρατεύεσθαι,
461 2176 511 2240 ἐπί
533 2176 625 2241 τίνων
648 2178 683 2240 δὲ
705 2178 742 2240 ού
766 2179 821 2241 δεῖ.
866 2176 995 2257 Ἀκουε,
1019 2178 1106 2262 φησί.
1153 2182 1192 2243 τὸ
1229 2182 1363 2265 πονηρόν

181 2282 370 2368 ἐγκρατεύου
393 2286 446 2348 καί
469 2286 512 2368 μη
535 2281 614 2346 ποίει
632 2281 724 2345 αύτό·
748 2284 783 2345 τό
799 2283 834 2346 δέ
849 2283 974 2366 ἀγαθόν
990 2284 1032 2366 μὴ
1048 2281 1260 2367 ἐγκρατεύσυ,
1285 2284 1364 2349 ἀλλὰ

179 2388 260 2452 ποίει
287 2388 374 2451 αύτό.
429 2387 499 2474 [ἐὰν
528 2390 589 2471 γάρ
612 2386 806 2472 ἐκγρατεύσῃ
828 2388 864 2450 τό
893 2388 1018 2472 ἀγαθόν
1047 2390 1089 2471 μη
1120 2398 1245 2470 ποιεῖν,
1270 2390 1364 2473 ἁμαρ-

180 2493 247 2556 τίαν
270 2491 409 2577 μεγάλην
433 2490 579 2577 ἐργάζηΙ·
604 2489 658 2554 ἐάν
681 2491 716 2554 δέ
739 2491 932 2577 ἐγκρατεύσῃ
955 2494 990 2555 τό
1019 2494 1157 2576 πονηρόν
1182 2495 1228 2577 μὴ
1256 2503 1361 2567 ποιεῖν,

140 2620 166 2657 20
180 2596 378 2681 δικαιοσύνην
418 2594 558 2680 μεγάλην
599 2593 725 2680 ἐργάζῃ.
783 2593 987 2679 ἐγκράτευσαι
1026 2598 1081 2660 σύν
1115 2597 1182 2660 άπὸ
1214 2598 1364 2682 πονηρίας

180 2702 282 2787 πάσης
305 2700 510 2786 ἐργαζόμενος
533 2702 568 2762 τό
591 2698 726 2782 ἀγαθόν.
773 2704 803 2767 3.
827 2699 981 2780 Ποταπαί,
998 2698 1086 2785 φημί,
1113 2700 1215 2784 κύριε,
1243 2699 1364 2767 είσίναί

180 2805 340 2891 πονηρίαι,
371 2804 426 2888 ἀφ’
448 2803 491 2868 ὠν
522 2804 604 2887 ἡμᾶς
635 2804 682 2868 δεῖ
704 2802 967 2889 ἐγκρατεύεσθαι;
999 2804 1128 2884 Ἀκουε,
1155 2807 1274 2890 φησίν·
1306 2805 1364 2870 ἀπὸ

179 2911 320 2994 μοιχείας
341 2913 396 2975 καί
412 2908 565 2992 πορνείας,
582 2910 645 2973 ἀπὸ
667 2909 870 2992 μεθύσματος
886 2909 1024 2993 ἀνομίας,
1048 2910 1112 2973 άπδ
1127 2920 1254 2995 τρυφῆς
1269 2931 1363 2994 πονη·

181 3024 246 3098 ρᾶς,
270 3016 332 3078 άπδ
356 3014 535 3098 ἐδεσμάτων
557 3014 685 3078 πολλῶν
707 3016 761 3078 καί
783 3015 985 3090 πολυτελείας
1006 3013 1145 3078 πλούτου
1161 3016 1218 3079 καί
1244 3017 1364 3098 καυχη-

140 3141 166 3180 ω
180 3140 259 3195 σεως
281 3121 335 3182 καί
358 3118 617 3204 ύψηλοφροσύνης
639 3121 692 3182 καί
715 3120 927 3204 ὑπερηφανίας
948 3120 1001 3182 καί
1017 3119 1080 3181 άπδ
1100 3119 1291 3204 ψεύσματος
1312 3119 1362 3182 καί

179 3222 374 3299 καταλαλιάς
395 3225 449 3286 καί
472 3223 684 3305 ὑποκρίσεως,
717 3223 923 3308 μνησικακίας
944 3224 997 3285 καί
1019 3221 1124 3305 πάσης
1148 3222 1362 3310 βλασφημίας.

179 3331 209 3394 4.
234 3337 332 3390 ταῦτα
361 3328 400 3389 τά
432 3327 508 3412 ἔργα
538 3328 664 3392 πάντων
694 3329 891 3414 πονηρότατά
913 3328 989 3392 είσιν
1012 3326 1045 3390 ἐν
1067 3337 1107 3410 τῃ
1129 3327 1201 3412 ζωῇ
1223 3339 1292 3395 τῶν
1314 3330 1363 3392 άν·

180 3431 328 3513 θρύπων.
382 3431 444 3493 ἀπό
475 3431 594 3495 τούτων
628 3429 682 3496 ούν
713 3441 776 3496 τῶν
808 3433 907 3517 ἔργων
938 3432 985 3495 δεῖ
1016 3430 1277 3514 ἐγκρατεύεσθαι
1313 3435 1364 3496 τόν

179 3534 291 3600 δοῦλον
325 3545 379 3599 τού
414 3538 509 3602 θεοῦ·
562 3535 579 3598 ό
610 3539 671 3620 γὰρ
705 3537 747 3619 μὴ
780 3534 1042 3620 ἐγκρατευόμενος
1076 3536 1140 3599 ἀπὸ
1172 3536 1299 3602 τούτων
1330 3537 1364 3599 ού

140 3665 165 3704 ου
179 3639 306 3704 δύναται
333 3641 426 3724 ζῆσαι
456 3648 500 3724 τῷ
530 3643 608 3723 θεῷ.
662 3642 760 3703 άκουε
791 3641 845 3703 ούν
875 3641 929 3703 καί
958 3641 997 3702 τά
1028 3620 1204 3707 ’ἀκόλουθα
1234 3643 1363 3706 τούτων.

250 3779 263 3832 1
283 3774 332 3834 ἐὰν
349 3776 403 3850 γὰρ
423 3777 488 3832 GL:
501 3775 551 3836 ἐὰν
568 3773 618 3836 σύν
634 3783 673 3850 μη
691 3778 778 3842 Ath¹‚
808 3777 833 3835 εί
850 3777 884 3835 ού
902 3780 960 3833 Ant
976 3779 1001 3831 A
1025 3777 1029 3848 Ι
1055 3799 1084 3850 φ
1110 3779 1163 3835 τὸν
1187 3781 1291 3854 κύριον
1309 3780 1365 3836 Ath

179 3863 270 3917 AntL
284 3881 290 3915 τ
303 3864 354 3920 τὸν
372 3866 443 3922 θεὸν
461 3887 489 3936 φ.
504 3866 529 3920 G
545 3868 549 3935 Ι
565 3867 582 3921 2
600 3864 705 3940 ἐργάσῃ
717 3866 764 3922 GL
777 3885 783 3919 ε
797 3867 858 3938 -άζρ
876 3866 933 3920 Ant
945 3866 991 3935 (A)
1008 3866 1012 3935 Ι
1029 3866 1074 3931 2Ι3
1093 3862 1144 3923 ἐὰν
1156 3867 1189 3924 δὲ
1200 3898 1237 3908 -
1251 3868 1364 3935 αὐτὸ)

179 3949 212 4003 11²
221 3953 278 4005 Ant
295 3951 299 4020 Ι
316 3952 377 4019 7110
394 3957 523 4023 ζὴσονται
541 3984 574 3993 -
593 3952 708 4021 ἐντολάς
725 3952 855 4021 amb>
875 3953 906 4007 L¹
925 3955 1040 4023 propter
1057 3950 1203 4008 homoeot„
1219 3955 1226 4024 Ι
1243 3955 1262 4009 9
1280 3954 1364 4012 αἰτόν

178 4036 238 4091 L¹A
250 4038 308 4091 Ant
319 4055 325 4089 ε
337 4039 410 4106 >G
436 4041 440 4109 Ι
467 4040 497 4093 ll
517 4039 612 4108 αὐτοῖς
624 4058 630 4093 :
643 4040 719 4098 αύτῶ
737 4040 762 4095 G
783 4040 787 4110 Ι
811 4042 843 4096 13
862 4045 933 4098 θεοῦ
952 4038 1011 4094 (λύ’
1023 4057 1030 4091 =
1042 4042 1141 4112 κυρίου
1160 4038 1249 4107 ΙᾺΙΑ)
1267 4042 1272 4113 Ι
1290 4040 1365 4107 18119

179 4121 228 4180 ἐὰν
244 4155 279 4164 -
297 4122 399 4198 ἐργάζῃ
412 4128 468 4181 AL¹
480 4128 536 4197 (θ’)
550 4147 556 4181 :
569 4131 604 4194 >
619 4127 643 4182 G
659 4130 663 4196 Ι
681 4127 758 4195 19120
777 4126 827 4185 ἐὰν
843 4159 878 4166 -
897 4125 1041 4200 ίργάζρ>
1053 4124 1086 4177 L¹
1104 4126 1108 4197 Ι
1124 4125 1160 4180 22
1180 4130 1256 4198 ημᾶς
1274 4129 1301 4186 G
1313 4148 1320 4183 t
1331 4146 1365 4198 με

178 4209 245 4274 UA,
256 4215 291 4279 >
302 4212 334 4265 L¹
352 4213 356 4282 Ι
378 4214 457 4280 23Ι24
466 4210 523 4272 ἀπὸ
531 4221 597 4284 μεθ.
608 4245 641 4255 -
656 4224 779 4288 πονηρᾶς
789 4215 857 4283 >G
881 4216 885 4285 Ι
901 4213 935 4269 26
946 4213 1071 4283 πάσης-Ι·
1083 4208 1172 4286 ἄλλης
1181 4215 1208 4271 G
1223 4215 1228 4287 Ι
1245 4215 1281 4270 27
1300 4215 1364 4274 πάν·

76 4298 237 4424 Ὗ
245 4296 304 4352 L'A
316 4316 323 4351 t
335 4299 428 4357 πάντα
439 4299 470 4364 G,
483 4304 518 4368 >
530 4301 562 4354 L¹
575 4300 634 4355 Ath
649 4302 653 4371 Ι
670 4302 704 4356 30
723 4297 773 4359 οὖν
783 4301 807 4356 G
820 4319 827 4354 :
840 4301 869 4358 δὲ
878 4299 957 4363 Ath²‚
970 4315 1046 4354 nunc
1055 4298 1098 4363 11²,
1112 4302 1143 4356 θύ
1151 4304 1186 4368 Δ,
1198 4306 1236 4372 >
1249 4303 1287 4358 L'
1298 4302 1363 4359 Ath¹
