2834 5018
180 358 223 419 44
673 347 871 403 BARNABAE

180 526 372 612 ἐνδύσησθε
387 529 443 591 καὶ
468 525 599 591 σποδὸν
622 527 875 610 ύποστρώσητε,
900 523 971 589 οὐδ’
988 528 1095 604 οὕτως
1118 523 1278 587 καλέσειε
1301 544 1363 605 νη-

181 635 296 696 στείαν
320 631 451 716 δεκτήν.
483 633 513 697 3.
537 631 613 712 πρὸς
635 628 716 712 ἡμᾶς
739 629 773 692 δὲ
796 628 897 713 λέγει·
929 628 1023 693 Ἰδοὺ
1050 631 1136 710 αύτη
1161 629 1183 709 η
1210 629 1362 709 νηστεία,

182 741 224 820 ἣν
246 737 311 819 ἐγὼ
334 733 557 820 ἐξελεξάμην,
587 734 676 817 λέγει
699 739 829 820 κύριος·
853 733 914 798 λύε
936 736 1049 798 πάντα
1073 730 1265 811 σύνδεσμον
1289 729 1362 793 άδι-

181 844 265 920 κίας,
289 837 405 903 διάλυε
429 840 652 924 στραγγαλιάς
680 841 803 924 βιαίων
827 838 1138 921 συναλλαγμάτων,
1171 833 1363 898 άπδστελλε

155 970 167 1005 ιτ
181 943 458 1030 τεθραυσμένους
475 945 512 1009 ἐν
529 945 648 1028 ἀφέσει
663 946 720 1008 καί
736 949 854 1008 πάσαν
870 942 989 1007 άδικον
1005 943 1205 1025 συγγραφὴν
1221 939 1359 1003 διάσπα.

180 1047 371 1133 διάθρυπιε
404 1054 571 1113 πεινῶσιν
601 1051 661 1114 τὸν
693 1052 798 1135 άρτον
830 1071 910 1128 σου,
943 1051 999 1111 καί
1028 1046 1160 1130 γυμνὸν
1194 1045 1255 1108 ἐὰν
1288 1042 1361 1129 ἴδης

180 1149 358 1236 περίβαλε·
395 1151 556 1234 ἀστέγους
586 1154 699 1236 εἴσαγε
731 1154 778 1233 είς
801 1152 861 1216 τὸν
883 1153 979 1216 οίκον
1005 1173 1088 1230 σου,
1122 1151 1179 1214 καὶ
1202 1150 1264 1213 ἐὰν
1287 1148 1361 1233 ἴδης

180 1257 361 1334 ταπεινόν,
394 1257 457 1336 οὐχ
478 1257 639 1343 ύπερδψη
669 1259 790 1336 αὐτόν,
823 1256 902 1321 ούδὲ
935 1256 1003 1320 άπὸ
1034 1261 1105 1319 τῶν
1133 1257 1269 1319 οίκείων
1301 1260 1361 1316 τού

182 1359 375 1443 σπέρματός
392 1379 463 1422 σου.
510 1362 540 1425 4.
565 1361 640 1424 τότε
652 1362 833 1445 ῥαγήσεται
849 1362 1007 1445 πρώϊμον
1019 1361 1056 1423 τὸ
1071 1366 1144 1443 φῶς
1158 1381 1230 1438 σου,
1251 1359 1361 1421 καὶτὰ

142 1483 166 1519 10
181 1464 297 1543 ἱμάτιά
320 1484 384 1527 σον
410 1464 539 1545 ταχέως
569 1464 741 1545 άνατελεῖ,
773 1467 829 1530 καί
861 1467 1132 1550 προπορεύσεται
1160 1460 1361 1546 ἔμπροσθέν

182 1588 245 1631 σου
266 1569 288 1650 η
311 1565 520 1653 δικαιοσύνη,
543 1570 600 1633 καί
622 1573 644 1654 ἡ
667 1567 750 1648 δόξα
766 1576 826 1634 τοῦ
841 1567 927 1633 θεοῦ
943 1568 1136 1653 περισιελεῑ
1149 1589 1195 1632 σε.
1232 1570 1260 1633 5.
1285 1567 1361 1628 τότε

180 1674 325 1755 βοησεις,
348 1675 405 1737 καί
428 1675 446 1736 δ
469 1672 551 1754 θεὸς
575 1675 802 1739 ἐπακούσεταί
824 1696 897 1753 σου,
921 1674 970 1738 ἐτι
993 1671 1180 1751 λαλοῦντός
1196 1693 1259 1735 σου
1275 1671 1358 1754 ἐρεῖ·

179 1775 273 1840 Ἰδοὺ
295 1777 448 1861 πάρειμι·
473 1777 535 1841 ἐάν
557 1776 686 1864 άιρέλης
702 1779 772 1842 άπδ
788 1785 852 1843 σού
868 1777 1061 1858 σύνδεσμον
1077 1778 1133 1839 καί
1148 1777 1361 1859 χειροτονίαν

179 1882 237 1944 καὶ
258 1884 350 1966 ρημα
365 1889 568 1965 γογγυσμοῦ,
584 1883 640 1946 καί
657 1882 724 1966 δῷς
740 1889 902 1947 πεινῶντι
918 1882 978 1946 τὸν
994 1884 1098 1966 δρτον
1114 1902 1177 1945 σου
1193 1881 1231 1944 ἐκ
1247 1884 1360 1961 ψυχῆς

141 1999 166 2035 ¹⁶
182 2007 244 2050 σου
272 1989 328 2049 καί
360 1989 477 2070 ψυχὴν
506 1988 803 2071 τεταπεινωμένην
835 1986 986 2073 ἐλεήσῃς.
1034 1991 1063 2053 6.
1102 1987 1145 2062 εἰς
1171 1995 1263 2049 τούτο
1296 1982 1359 2063 οὖν,

180 2091 320 2174 ἀδελφοί,
344 2091 361 2154 δ
384 2091 589 2174 μακρδδυμος
611 2090 806 2177 προβλεψας,
841 2092 883 2166 ὡς
912 2090 945 2154 ἐν
973 2090 1180 2175 ἀκεραιοσύνη
1203 2090 1361 2154 πιστεύσει

180 2196 312 2276 ὁλαδς,
345 2198 379 2260 ὃν
412 2196 579 2279 ἡτοίμασεν
610 2195 642 2259 ἐν
675 2204 717 2279 τῷ
740 2195 932 2280 ἠγαπημένῳ
956 2198 1070 2274 αὐτοῦ,
1102 2195 1360 2278 προεηανέρωσεν

180 2301 252 2384 ἡμῖν
274 2302 343 2384 περὶ
365 2301 500 2380 πάντων,
523 2303 575 2364 ἵνα
598 2303 640 2384 μὴ
656 2300 931 2384 προσρησσύιμεδα
946 2301 987 2376 ὡς
1004 2300 1149 2384 ἐπήλυτοι
1166 2308 1210 2382 τῷ
1234 2300 1361 2362 ἐκείνων

181 2406 276 2489 νόμῳ.

141 2523 167 2560 ²⁰
268 2511 324 2576 IV.
371 2508 424 2573 Δεῖ
447 2507 500 2572 οὖν
523 2510 604 2593 ημᾶς
626 2512 694 2591 περί
717 2518 779 2575 τῶν
809 2509 988 2573 ἐνεστώτων
1017 2510 1148 2573 ἐπιπολὺ
1172 2509 1360 2590 ἐρευνῶντας

181 2612 321 2700 ἐκζητεῑν
348 2616 388 2678 τδι
416 2615 572 2698 δυνάμενα
599 2614 683 2697 ,ἡμᾶς
707 2613 826 2693 σώζειν.
874 2615 1021 2699 φύγωμεν
1053 2612 1107 2678 οὖν
1140 2613 1266 2688 τελείως
1298 2614 1359 2674 ἀπὸ

180 2720 305 2783 πάντων
328 2727 390 2782 τῶν
414 2720 513 2803 ἔργων
536 2729 590 2803 της
613 2717 751 2801 ἀνομίας,
776 2717 895 2802 μήποτε
923 2716 1089 2802 καταλάβῃ
1118 2717 1200 2800 ἡμᾶς
1222 2719 1261 2778 τὰ
1284 2717 1360 2799 ἔργα

181 2834 234 2908 τῆς
258 2823 405 2906 ἀνομίας·
439 2825 493 2886 καί
516 2823 695 2906 μισήσωμεν
718 2826 774 2906 τὴν
804 2822 926 2908 πλάνην
949 2832 1004 2885 τοῦ
1028 2832 1081 2885 νῦν
1104 2832 1224 2903 καιροῦ,
1247 2823 1299 2883 ἵνα
1318 2820 1360 2893 εἰς

181 2930 234 2991 τὸν
257 2928 412 3012 μέλλοντα
428 2928 657 3012 ἀγαπηδῶμεν.
689 2931 718 2994 2.
743 2930 785 3011 μὴ
808 2928 910 3010 δῶμεν
933 2937 971 3010 τη
994 2926 1114 2990 ἑαυτῶν
1137 2926 1223 3009 ψυχῇ
1246 2928 1360 3001 ἄνεσιν,

141 3047 167 3083 ‘2⁶
181 3034 262 3095 ὥστε
285 3035 368 3116 ἔχειν
392 3034 487 3116 αὐτὴν
511 3031 654 3109 ἐξουσίαν
676 3033 755 3115 μετὰ
778 3032 972 3115 ἁμαρτωλῶν
995 3033 1047 3093 καί
1070 3040 1214 3115 πονηρῶν
1237 3028 1360 3110 συντρέ-

180 3155 257 3218 χειν,
281 3137 401 3222 μίρτοτε
424 3137 632 3220 δμοιωδῶμεν
655 3137 769 3211 αὐτοῖς.
815 3141 844 3203 3.
875 3138 910 3198 τὸ
933 3135 1051 3199 τέλειον
1074 3134 1251 3199 σκάνδαλον
1274 3134 1359 3217 *537²-

253 3296 266 3349 l
285 3291 438 3363 ἐνδύσησθε
457 3291 505 3345 HL
525 3310 531 3344 ε
550 3295 586 3359 >
602 3293 620 3346 S
640 3292 713 3346 LXX
739 3293 743 3363 l
768 3296 814 3349 καί
845 3292 951 3349 σποδὸν
980 3289 1133 3365 ίττοστρ.)
1152 3291 1176 3343 H
1202 3291 1206 3359 Ι
1232 3292 1249 3345 3
1266 3291 1360 3362 κύριος

180 3382 207 3434 Η
226 3382 260 3434 cf.
280 3382 301 3435 L
316 3379 401 3435 clem.
421 3380 439 3432 l.
457 3396 479 3433 ο.
494 3397 500 3430 :
514 3381 548 3449 -γ
560 3400 612 3435 ουκ
629 3386 786 3453 ανθρωπον
806 3398 990 3435 ταπεινουντα
1008 3399 1059 3449 την
1077 3396 1167 3450 ψυχην
1184 3398 1272 3435 αυτου
1290 3383 1359 3433 αλλα

182 3471 199 3524 S
218 3472 253 3524 cf.
272 3470 319 3531 ΠΙ,
340 3472 351 3524 1
370 3472 373 3538 ί
390 3469 481 3524 πάντα
500 3466 526 3519 Η
539 3485 545 3518 :
557 3486 614 3522 παν
632 3467 649 3520 S
667 3470 669 3535 ί
689 3468 720 3521 10
740 3466 835 3536 ἱμάτια
855 3466 931 3529 SHL‚
951 3468 1016 3519 lust.
1036 3465 1108 3518 Dial,
1128 3483 1150 3519 c.
1166 3468 1205 3529 15,
1225 3467 1300 3519 Tert.
1319 3463 1359 3517 De

181 3575 281 3612 resurr.
301 3574 324 3610 ο.
343 3558 384 3617 27,
404 3556 486 3624 cypr.
508 3552 716 3617 Testim.1ss‚1‚
736 3554 779 3607 De
798 3570 842 3623 op.
863 3557 892 3607 et
911 3554 1005 3606 είεειιι.
1020 3555 1070 3606 οέ
1088 3556 1153 3606 etc.:
1173 3553 1277 3620 ἰάματα
1287 3551 1360 3605 LXX

181 3644 233 3698 8¹⁸*
250 3646 253 3713 Ι
270 3642 435 3716 πορεύσεται
455 3640 481 3693 Η
497 3640 501 3710 Ι
520 3642 549 3693 11
570 3641 726 3709 δικαιοσύνη
746 3640 786 3693 SL
800 3658 806 3691 ι
819 3641 853 3707 -ί-
867 3661 919 3696 σου
938 3640 964 3691 Η
976 3638 1049 3691 LXX
1066 3639 1069 3708 Ι
1088 3640 1120 3692 12
1137 3644 1248 3713 βοήσας
1266 3638 1284 3692 S
1298 3646 1360 3711 ιβο·

182 3736 232 3803 ηση
250 3731 277 3784 Η
290 3729 364 3783 LXX
381 3730 384 3796 ί
402 3726 584 3784 ἐπακούσεται
605 3726 641 3779 S:
655 3727 740 3783 εἰσακ.
760 3727 786 3780 Η
798 3727 892 3782 Lxx}
912 3726 942 3778 15
958 3724 1069 3797 ἐλεήσῃς
1087 3727 1104 3780 S
1124 3728 1280 3797 (ελαιησεις)
1296 3747 1301 3779 :
1315 3724 1359 3795 ἐμ-

181 3822 286 3889 πλησρς
304 3816 330 3869 Η
344 3815 418 3870 LXX
434 3815 438 3885 ί
457 3818 488 3870 17
508 3811 537 3869 ἐν
556 3812 573 3866 S
587 3830 593 3863 ι
606 3813 690 3878 >HL
706 3818 710 3877 Ι
726 3833 861 3886 προεγαν.
883 3810 950 3865 HL:
967 3820 993 3872 ί-
1010 3812 1063 3884 γὰρ
1082 3813 1100 3866 S
1117 3840 1121 3879 γ
1139 3813 1170 3866 18
1189 3810 1319 3884 ἐπήλυτοι
1342 3811 1359 3864 S

181 3906 317 3974 (επιλυιοι
337 3903 372 3956 cf.
392 3902 494 3972 Epiph.
514 3900 547 3953 Η.
567 3899 600 3952 66
619 3916 641 3952 c.
662 3900 703 3968 7):
721 3904 892 3972 προσήλυτοι
905 3898 953 3952 HL
969 3902 973 3967 Ι
989 3899 1023 3952 20
1041 3897 1158 3956 ἐπιπολὺ
1176 3900 1300 3958 διπαλδ
1312 3901 1337 3953 H
1355 3902 1357 3969 ί

181 3992 215 4044 25
233 3991 319 4061 αὐτην
338 3989 375 4043 S:
390 3995 439 4061 την
458 3988 484 4041 Η

217 4129 263 4193 ΠΙ,
283 4131 298 4182 5
316 4130 500 4202 χειροτονίαν]
520 4146 557 4183 sc.
577 4130 613 4182 αδ
633 4128 771 4185 δουδυαιί
818 4127 841 4181 6.
862 4125 892 4183 ἐν
912 4125 1104 4200 ἀκεραιοσύνη]
1125 4127 1141 4180 i.
1157 4143 1178 4179 ε.
1199 4126 1269 4197 legis
1281 4126 1359 4181 iuda-

182 4216 284 4269 falsum
303 4217 498 4271 testimonium
521 4216 566 4269 vel
585 4216 622 4270 ad
639 4190 845 4303 irriden-iicae
873 4230 958 4282 opera
985 4230 1041 4266 non
1069 4214 1250 4268 admiscendo
1280 4215 1359 4283 (Har-

182 4304 247 4357 dum
267 4306 296 4356 et
313 4303 518 4373 decipiendum.
769 4308 772 4333 ⁸
785 4301 876 4369 nack).
915 4303 1022 4355 Auctor
1035 4301 1069 4354 de
1082 4301 1137 4354 fide
1156 4302 1184 4354 in
1198 4301 1360 4371 cognitione
