2834 5018
149 289 212 352 636
585 277 902 334 annuanrxsroa

149 461 306 537 efficiunt,
340 459 504 524 habebunt
526 456 639 533 vitam,
672 457 778 521 ethic
801 458 887 540 apud
911 458 1092 523 dominum
1122 481 1280 545 magnum
1298 460 1339 522 ho·

150 587 268 628 norem.
316 562 514 648 Quicumque
536 583 609 625 vero
632 561 727 627 huius
750 563 901 626 mandata
924 584 993 627 non
1012 571 1169 639 servant,
1195 565 1339 650 fugiunts

150 691 208 732 sua
236 669 302 732 vita
330 673 363 732 et
395 670 580 732 aversantur
608 665 717 741 illum;
756 662 823 749 [hic
856 672 967 731 autem
1002 669 1101 752 apud
1138 671 1240 734 deum
1269 669 1339 733 habet

150 773 301 836 honorem
324 795 425 836 suum.
473 769 658 854 Quicunque
682 791 758 856 ergo
774 776 983 836 contemnent
1007 772 1110 859 eum]
1138 798 1203 840 nec
1218 775 1340 839 mandata

125 879 217 941 teins
240 883 424 961 sequuntur,
448 876 543 940 morti
565 897 599 939 se
620 875 750 939 tradunt
772 879 804 939 et
825 877 1059 960 unusquisque
1090 901 1213 944 eorum
1236 900 1301 944 reus
1317 877 1340 939 lt

151 982 313 1066 sanguinis
336 980 394 1044 sui.
440 979 513 1044 Tibi
536 985 641 1043 autem
664 980 743 1058 dico,
766 984 802 1043 ut
823 981 944 1046 servias
967 985 1150 1050 mandatis
1174 984 1238 1061 his,
1262 990 1289 1048 et
1306 1006 1340 1046 n·

151 1087 289 1149 medium
311 1089 515 1168 peccatorum
539 1083 682 1148 habebis.

242 1184 278 1253 3.
302 1188 377 1252 Misi
400 1193 505 1252 autem
527 1188 587 1252 tibi
618 1187 676 1251 has
699 1188 855 1271 virgines,
888 1195 926 1253 ut
949 1190 1114 1258 habitent
1140 1200 1273 1266 tecum;
1297 1191 1342 1255 ridi

152 1294 235 1357 enim
258 1315 311 1357 eas
342 1293 486 1358 affabiles
518 1293 577 1356 tibi
601 1313 676 1356 esse.
723 1292 831 1357 Habes
863 1315 942 1378 ergo
971 1316 1032 1359 eas
1069 1298 1272 1370 adiutrices,
1298 1318 1343 1381 quo

113 1415 137 1452 10
152 1397 254 1478 magis
277 1398 379 1479 possis
403 1397 497 1461 huius
524 1397 673 1460 mandata
695 1415 833 1474 servare3
868 1418 932 1461 non
954 1404 1077 1482 potest
1111 1403 1206 1467 enim
1229 1403 1344 1467 fierint

152 1501 220 1565 sine
242 1501 291 1565 his
320 1501 497 1585 virginibus
520 1501 600 1564 haec
629 1501 779 1564 mandata
807 1506 983 1565 serventur.
1036 1503 1155 1569 Video
1181 1512 1287 1571 autem
1305 1527 1345 1568 aas

152 1605 286 1668 libenter
309 1626 376 1668 esse
398 1608 512 1668 tecum.
559 1602 622 1668 Sed
636 1625 697 1688 ego
719 1603 911 1687 praecipiam
926 1605 984 1681 eis,
1010 1613 1053 1670 ut
1071 1610 1217 1674 omnino
1240 1612 1346 1683 adomc

152 1713 209 1772 tua
230 1730 294 1772 non
317 1709 487 1773 discedant.
534 1709 564 1771 2.
589 1706 639 1771 Tu
661 1711 785 1771 tantum
808 1709 1000 1773 communda
1025 1711 1174 1778 domum
1198 1714 1346 1788 tuam3in

152 1812 270 1876 munda
292 1813 376 1877 enim
399 1813 491 1876 domo
520 1811 656 1877 libenter
678 1812 883 1885 habitabunt;
916 1814 1065 1879 mundae
1099 1819 1193 1883 enim
1218 1828 1290 1884 sunt
1308 1828 1345 1881 at·

115 1935 140 1972 1⁶
154 1939 215 2000 que
239 1921 345 1980 castae
373 1922 406 1980 et
427 1916 600 1980 industriae
632 1920 664 1979 et
687 1937 795 1980 omnes
817 1915 973 1980 habentes
1007 1922 1168 2002 gratiam
1199 1925 1284 2010 apud
1303 1925 1346 1988 do

153 2021 282 2085 minum.
329 2020 432 2104 Igitur
454 2020 481 2082 si
503 2019 673 2084 habuerint
704 2020 831 2084 domum
853 2024 942 2085 tuam
968 2043 1119 2105 puram,
1158 2032 1269 2094 tecum
1288 2050 1346 2114 per·

153 2125 338 2200 manebunt3
371 2125 420 2189 sin
451 2128 557 2189 autem
587 2123 739 2207 pusillum
768 2124 889 2208 aliquid
920 2125 1175 2209 inquinationis
1205 2134 1346 2198 acciderit

153 2229 298 2312 protinus
321 2252 340 2291 a
363 2229 455 2293 domo
477 2234 533 2293 tua
555 2228 709 2293 recedent.
755 2228 825 2293 Hae
847 2228 932 2292 enim
954 2229 1111 2314 virgines
1144 2237 1274 2303 nullam
1293 2259 1346 2302 om·

153 2332 229 2394 uino
259 2331 397 2417 diligunt
426 2332 686 2416 inquinationem.
733 2334 762 2397 3.
787 2332 868 2397 Dico
897 2332 942 2396 ei:
979 2332 1092 2418 Spero
1119 2361 1195 2419 me,
1231 2342 1347 2406 dominc.

115 2453 140 2490 20
154 2435 345 2517 placiturum
368 2435 429 2512 eis,
463 2436 508 2499 ita
530 2441 566 2500 ut
588 2437 621 2500 in
651 2436 743 2500 domo
767 2458 837 2500 mea
865 2435 1004 2501 libenter
1027 2439 1199 2510 habitent
1233 2467 1346 2529 semper.

154 2540 198 2604 Et
221 2540 303 2603 sicut
324 2540 384 2616 hic,
409 2541 459 2604 cui
482 2562 531 2604 me
554 2540 731 2618 tradidisti,
754 2540 836 2604 nihil
858 2541 896 2604 de
917 2562 968 2605 mc
993 2546 1168 2626 queritur,
1194 2551 1245 2615 ita
1265 2569 1348 2632 neque

154 2643 228 2707 illae
251 2648 429 2727 querentur.
475 2646 505 2708 4.
530 2645 587 2710 Ait
609 2646 650 2709 ad
671 2650 830 2728 pastorem
851 2644 959 2708 illum:
998 2645 1127 2729 Video,
1153 2653 1276 2738 inquit
1296 2674 1349 2717 ser·

154 2770 228 2812 vum
251 2748 300 2812 dei
323 2748 403 2812 velle
425 2749 529 2813 vivere
552 2753 585 2813 et
607 2749 837 2813 custoditurum
865 2749 943 2812 haec
964 2753 1135 2820 mandata
1161 2764 1199 2824 et
1227 2759 1350 2843 virgines

154 2853 212 2917 has
244 2853 440 2917 habitatione
473 2853 591 2916 munda
623 2852 861 2917 collocaturum.
907 2854 937 2916 5.
970 2853 1069 2921 Haec
1108 2883 1189 2928 cum
1225 2865 1350 2929 dixisset.

116 2977 141 3014 aa
155 2959 270 3022 iterum
292 2957 413 3039 pastori
443 2956 492 3019 illi
514 2977 564 3020 me
587 2957 718 3021 tradidit
747 2962 780 3021 et
803 2957 927 3022 vocavit
957 2979 1013 3022 aas
1036 2962 1197 3049 virgines
1232 2974 1266 3033 et
1287 2966 1352 3032 dixit-

155 3062 285 3125 adeas:
321 3059 477 3136 Quoniam
507 3060 597 3124 video
627 3083 681 3125 vos
710 3061 846 3126 libenter
866 3062 900 3125 in
933 3062 1028 3127 domo
1065 3066 1176 3136 huius
1207 3073 1351 3139 habitura

155 3164 339 3230 commendo
362 3186 433 3228 eum
455 3165 546 3228 vobis
570 3170 602 3230 et
625 3166 752 3230 domum
775 3168 860 3243 eius,
895 3170 932 3229 ut
955 3188 974 3229 a
998 3168 1103 3235 domo
1130 3174 1207 3240 eius
1231 3199 1296 3242 non
1313 3198 1352 3240 rc-

156 3270 274 3333 cedatis
297 3269 434 3332 omnino.
480 3268 560 3333 Illae
583 3291 656 3333 vero
680 3270 757 3334 haec
781 3272 877 3336 verba
898 3270 1038 3336 libenter
1063 3278 1263 3347 audierunt.

241 3369 279 3436 4.
305 3372 362 3436 Ait
384 3373 494 3437 deinde
517 3372 611 3436 mihi:
639 3373 783 3439 Viriliter
805 3376 838 3438 in
860 3375 1038 3439 ministerio
1062 3377 1135 3446 hoc
1160 3406 1352 3451 conversare.

116 3493 141 3530 ³0
155 3478 240 3541 omni
262 3477 383 3540 homini
405 3476 508 3540 indica
530 3476 692 3559 magnalia
707 3478 833 3553 domini,
858 3483 890 3542 et
912 3478 1049 3544 habebis
1067 3488 1227 3568 gratiam
1251 3493 1284 3556 in
1304 3490 1353 3553 hoc

156 3582 339 3646 ministerio.
387 3579 583 3663 Quicumque
606 3601 683 3664 ergo
705 3582 739 3645 in
760 3581 810 3645 his
831 3582 989 3646 mandatis
1011 3588 1257 3672 ambulaverit
1281 3595 1354 3657 viret

156 3688 188 3747 et
211 3685 287 3748 felix
311 3685 371 3747 erit
393 3684 425 3747 in
448 3685 514 3748 vita
537 3705 609 3761 sua3
642 3687 832 3770 quicumque
855 3707 926 3750 vcro
949 3689 1161 3774 neglexerit,
1187 3721 1260 3764 nou
1282 3699 1354 3762 viret

155 3788 270 3850 eterit
298 3787 409 3851 infelix
435 3788 467 3850 in
498 3788 564 3851 vita
594 3810 659 3852 sua.
706 3792 735 3854 2.
760 3790 821 3854 Dic
851 3789 1015 3869 omnibus,
1048 3800 1088 3860 ut
1122 3821 1194 3866 non
1229 3809 1350 3869 cessent

157 3890 344 3973 quicumque
366 3895 451 3954 recte
473 3891 576 3956 facere
599 3900 748 3976 possunt3
784 3897 867 3960 bona
889 3916 987 3979 opera
1018 3920 1180 3970 exercere
1211 3908 1292 3972 utile
1312 3911 1351 3968 eat

225 4042 241 4094 3
260 4045 444 4097 aversantur:
459 4044 593 4098 adversus
619 4047 690 4100 codd
716 4048 720 4118 Ι
745 4047 790 4113 sn
808 4048 855 4101 hic
874 4078 907 4087 -
927 4064 992 4101 eum
1011 4049 1238 4124 L²(A):>L¹
1258 4059 1349 4114 obbo

156 4130 257 4178 moeot.
276 4133 307 4181 nt
326 4129 436 4182 videtur
452 4133 456 4197 Ι
472 4131 488 4183 5
507 4131 594 4186 morti
612 4131 671 4186 ΡΑ
684 4152 689 4184 :
704 4133 753 4187 sed
771 4153 807 4188 m.
827 4134 880 4205 L¹l
903 4134 917 4186 7
936 4140 1133 4203 peccatorum
1155 4144 1349 4216 1.²(n):p1÷o

156 4224 217 4261 rum
236 4228 263 4279 p.
277 4213 308 4265 L¹
324 4217 329 4281 Ι
346 4215 424 4279 22123
444 4232 554 4270 servum
570 4248 598 4258 -
615 4219 708 4273 vivere
727 4223 774 4274 ct:
788 4221 863 4274 hunc
876 4220 911 4273 L²
926 4224 930 4290 Ι
946 4220 981 4274 29
1000 4222 1045 4278 ait
1059 4243 1066 4277 :
1080 4231 1118 4291 -ι-
1135 4229 1188 4286 ille
1207 4239 1306 4303 pastor
1321 4231 1347 4284 [Β
