2834 5018
164 322 221 387 011
608 317 892 374 raonaaounus

165 498 252 582 carpi
272 504 419 562 narratur
442 496 481 580 (c.
506 498 622 574 8-19,
649 493 690 578 1),
715 497 924 573 adverbum,
957 495 1112 579 reliquam
1135 502 1241 562 autem
1264 521 1340 581 par-

164 606 230 667 tem
251 602 302 665 vel
324 624 402 679 eam,
426 603 459 666 in
483 625 547 687 qua
568 602 632 666 alia
661 601 813 685 martyria
836 605 868 665 et
891 601 1128 685 comprehensio
1150 625 1175 666 s.
1200 605 1342 688 episcopi

165 707 385 772 describuntur
407 705 446 790 (c.
473 706 588 789 1-7),
625 706 807 771 summatim
837 705 999 770 Historiae
1028 706 1260 773 ecclesiasticae
1283 707 1339 783 IV,

167 810 216 885 15,
240 813 510 877 (ιι-4511115111.
557 812 644 888 Quae
668 833 740 876 cum
762 811 808 874 ita
831 811 910 886 sint,
942 832 1006 875 non
1029 817 1077 876 est
1100 812 1239 890 dubium,
1264 813 1341 896 quin

164 938 201 980 ea
224 915 322 996 Acta,
356 939 436 1001 quae
459 918 639 981 etiamnunc
660 916 830 991 habemm,
861 937 958 979 manu
979 916 1166 993 versaverit,
1199 939 1257 981 nec
1280 916 1342 980 nisi

163 1021 347 1103 paucissimi
377 1021 472 1104 idque
500 1026 643 1105 tempore
675 1021 890 1085 recentissimo
919 1042 1027 1084 corum
1054 1021 1252 1085 authentiam
1275 1025 1340 1097 aut,

164 1126 192 1190 si
213 1125 382 1191 nonnullas
413 1126 544 1192 lacinias
576 1127 752 1210 exceperis,
786 1147 866 1209 quae
887 1126 952 1189 iam
984 1129 1077 1189 antea
1104 1125 1267 1191 nonnullis
1289 1126 1340 1188 in-

165 1234 267 1295 sertae
290 1250 358 1294 esse
380 1230 575 1309 videbantur,
598 1232 815 1315 integritatem
838 1232 1080 1313 denegavenmt.
1126 1230 1163 1295 Ε.
1182 1229 1338 1295 Schurer¹

164 1333 260 1397 verba
282 1333 369 1405 ὄντος
392 1331 549 1417 σαββάτου
573 1331 711 1415 μεγάλου
735 1335 765 1411 8,
791 1338 826 1409 1;
852 1335 903 1413 16,
920 1337 949 1411 2,
981 1334 1079 1407 οὕτως
1102 1353 1135 1395 τε
1157 1333 1246 1416 ἡμεῖς
1269 1331 1339 1396 κτλ.

167 1439 299 1514 18,1,2
324 1442 356 1501 et
378 1443 506 1498 τοιαῦτα
528 1473 570 1481 -
592 1434 761 1501 λαλεῖσθαι
785 1438 870 1515 19,1
896 1460 915 1501 a
937 1439 1110 1521 posteriore
1134 1437 1258 1501 adiecta
1274 1458 1342 1501 esse

165 1543 295 1607 censuit.
342 1542 496 1607 Nonnulli
527 1543 724 1607 authentiam
754 1544 852 1608 totius
875 1544 1051 1627 scripturae
1072 1542 1106 1605 in
1130 1542 1261 1606 dubium
1283 1564 1340 1605 vo-

164 1651 331 1724 caverunt3
356 1645 501 1731 Lipsius²
525 1647 564 1711 iis
586 1647 735 1725 offensus,
758 1669 839 1732 quae
863 1648 892 1725 5,
914 1650 934 1711 2
958 1649 996 1712 de
1019 1647 1137 1710 visione
1160 1646 1339 1730 Polycarpi,

164 1752 231 1826 9,1
256 1752 294 1816 de
316 1774 393 1817 voce
416 1752 554 1821 caelesti.
581 1752 629 1829 15,
654 1754 674 1815 2
699 1752 736 1816 de
759 1753 881 1837 ignes.
905 1757 1075 1835 martyrem
1101 1772 1166 1815 non
1189 1755 1341 1835 tangente

165 1879 202 1920 ac
225 1857 262 1920 de
285 1857 373 1920 suavi
388 1857 492 1933 odore,
520 1856 605 1933 16,1
629 1857 668 1920 de
684 1857 831 1922 columba
852 1857 1040 1934 referrmtur,
1066 1877 1146 1940 quae
1168 1855 1342 1919 secundum

164 1961 286 2026 codices
309 1961 347 2024 de
376 1983 505 2044 corpore
536 1961 698 2025 morientis
730 1961 900 2044 processit,
934 1959 1124 2043 Martyrium
1148 1961 1188 2024 ad
1214 1964 1341 2042 tempus

164 2066 256 2130 Decii
277 2065 485 2148 imperatoris,
510 2065 569 2130 Th.
593 2065 706 2130 Keim³
730 2067 771 2130 ad
791 2070 918 2150 tempus
940 2065 1076 2130 Gallieni
1098 2064 1148 2129 vel
1178 2065 1218 2128 ad
1242 2086 1341 2128 annos

166 2171 338 2234 260-268
366 2169 485 2234 retulit.
532 2169 594 2235 Sed
623 2175 824 2255 argumenta,
859 2193 939 2253 quae
968 2169 1169 2254 protulenmt
1200 2169 1260 2233 viri
1282 2168 1339 2242 illi,

164 2273 244 2337 nihil
270 2275 416 2357 probant.
461 2274 652 2359 Nuperrime
684 2275 791 2359 plures
822 2274 1043 2358 inscriptiones
1076 2275 1222 2338 inventae
1257 2276 1339 2348 sunt,

166 2399 246 2459 quae
269 2379 344 2442 viris
359 2379 392 2441 in
408 2379 565 2463 scriptura
578 2381 759 2456 nominatis,
783 2379 970 2463 praesertim
986 2378 1137 2462 Philippo
1154 2376 1339 2454 Asiarchae,

164 2480 268 2546 lucem
290 2482 427 2548 afferunt
455 2488 550 2566 atque
573 2483 700 2546 omnino
729 2505 801 2547 cum
827 2479 978 2565 Martyrio
1008 2482 1217 2545 consentiunt.
1264 2481 1340 2565 Lip-

166 2587 255 2651 sius⁴
277 2587 345 2671 ipse
366 2588 560 2671 palinodiam
583 2588 713 2666 cecinit,
744 2592 776 2652 et
797 2587 954 2671 paulatim
976 2585 1031 2649 alii
1064 2606 1189 2670 quoque
1213 2584 1341 2650 dubita·

165 2693 267 2757 tiones
292 2692 495 2778 dereliquisse
516 2693 661 2757 videntur
670 2691 693 2756 ⁶.
782 2730 784 2734 ,

252 2797 288 2861 ld
304 2797 407 2862 solum
431 2799 539 2882 quaeri
553 2802 668 2881 potest,
692 2820 769 2862 num
784 2799 846 2862 duo
862 2799 967 2882 capita
983 2797 1096 2862 ultima
1111 2796 1249 2880 gaurana
1264 2797 1338 2860 sint.

166 2898 199 2964 G.
217 2900 241 2964 I.
259 2900 396 2965 Hefele⁶
419 2900 564 2965 ultimam
580 2901 734 2984 epistulae
757 2906 890 2985 partem,
914 2923 994 2985 quae
1017 2902 1055 2965 de
1071 2900 1183 2964 Pionio
1199 2901 1341 2984 loquitur

166 3002 232 3086 (22,
248 3002 291 3085 3),
313 3004 454 3089 spuriam
465 3027 533 3069 esse
549 3005 671 3070 censuit
682 3010 715 3069 et
726 3006 766 3069 ab
778 3005 835 3069 illo
847 3006 1032 3082 confectam,
1050 3005 1114 3088 qui,
1130 3010 1167 3069 ut
1179 3026 1217 3068 ex
1229 3003 1342 3078 καθὼς

167 3104 299 3189 δηλώσω
315 3106 384 3171 κτλ.
402 3114 578 3194 appareret,
591 3108 675 3173 Acta
690 3130 713 3173 s.
727 3108 897 3194 Polycarpi
912 3110 1119 3193 suppositicia
1130 3109 1243 3174 Pionio
1259 3110 1342 3174 false

165 3212 326 3296 adscripta
346 3213 501 3296 epistulae
514 3213 757 3297 Smyrnaeomm
777 3215 932 3298 genuinae
950 3215 1036 3279 mala
1051 3213 1162 3278 fraude
1178 3215 1341 3279 adiunxis-

165 3323 223 3382 set.
248 3315 284 3382 G.
300 3317 339 3381 E.
357 3316 477 3383 Steitz⁷
502 3325 534 3384 et
549 3318 607 3385 Th.
625 3318 737 3384 Zahn⁸
760 3322 822 3384 duo
841 3320 948 3403 capita
962 3319 1076 3384 ultima
1090 3320 1342 3384 additamentum

236 3487 249 3540 1
269 3488 463 3555 Zeitsctrr'ftfi
482 3488 507 3542 d.
526 3490 620 3543 histor.
643 3489 780 3559 llwclrrpic
800 3489 866 3543 1870
884 3506 911 3558 p.
930 3489 1076 3543 roa-204.

236 3578 252 3630 2
271 3577 428 3643 Zettsctrrfftt
443 3578 464 3642 f.
482 3577 684 3643 inremotam.
707 3578 793 3632 Theol.
815 3577 881 3632 1874
901 3595 928 3645 p.
950 3577 998 3632 199
1018 3593 1058 3643 sq.

235 3664 252 3717 3
273 3661 375 3718 Celsus’
397 3663 511 3718 Walrrcs
533 3663 610 3717 Wort
629 3663 696 3718 1873
723 3681 749 3732 p.
773 3663 834 3728 145;
862 3665 926 3719 Aua
953 3665 1011 3717 dem
1041 3664 1253 3719 Uret-matonam
1274 3664 1341 3719 1818

165 3768 192 3818 p.
212 3749 347 3809 tro-170:
367 3750 437 3804 Rom
453 3750 580 3805 daddus
602 3749 781 3804 &tridentum
801 3750 867 3804 1881
887 3769 913 3820 p.
934 3749 1079 3805 sao-600.

235 3838 253 3890 4
271 3837 440 3892 Jahrbtetar
454 3838 504 3904 fiir
516 3843 627 3905 protest.
648 3838 787 3906 Tteodapie
804 3837 857 3890 Vll
876 3836 975 3903 (1881),
995 3837 1141 3891 574-576.

236 3923 312 3976 501.
332 3923 487 3992 Lightt'oot,
510 3924 715 3991 lheApostoltc
733 3924 849 3979 Fatlrers
866 3924 899 3985 ΙΙ,
919 3924 939 3987 Ι,
959 3924 1104 3989 588-610,
1124 3924 1173 3978 ubi
1192 3926 1341 3979 authentia

166 4011 324 4080 scripturae
343 4011 515 4080 amplissime
534 4026 567 4063 ac
585 4011 747 4065 doctissime
764 4011 909 4080 probatur.

236 4099 252 4150 6
270 4095 345 4151 Patr,
365 4113 409 4167 ap.
429 4097 471 4151 ed.
492 4097 532 4151 IV
550 4116 575 4166 p.
596 4096 741 4150 LXXXIV.

237 4186 251 4239 7
271 4185 440 4239 Jatroueter
454 4186 504 4252 frtr
519 4186 644 4240 ἀοαίοολο
664 4186 801 4256 Τλοοῑορίο
820 4185 885 4241 1861
906 4204 931 4254 p.
953 4185 1097 4241 lat-133.

236 4270 330 4342 81gn.
351 4273 381 4324 et
397 4269 491 4340 Polyo.
510 4271 590 4341 epist
610 4271 748 4340 Martyria
765 4290 792 4341 p.
812 4271 899 4326 XLIX
920 4289 960 4339 sq.
