2834 5018
159 289 238 356 m
602 280 887 338 rnoaaaonmu.

159 468 227 529 tera
257 460 416 544 (3,1-6)
450 462 601 527 mandata
631 461 735 526 verbis
767 457 877 523 τέκνον
899 478 958 541 μου
989 460 1159 543 incipiunt,
1195 465 1227 524 et
1248 481 1341 544 prae·

159 570 259 653 ceptis
290 569 423 654 singulis
452 567 534 631 ratio
566 566 700 644 additur,
733 566 775 631 oh
806 587 901 649 quam
922 569 1053 648 peccata
1076 565 1232 649 quaedam
1254 565 1341 628 devi-

159 674 256 737 tanda
278 674 350 751 sint,
376 671 496 736 scilicet
519 670 602 754 quod
625 669 690 733 alia
711 690 748 733 ac
770 669 891 733 maiora
912 674 1044 752 peccata
1066 691 1105 733 ex
1128 670 1173 734 eis
1195 670 1340 754 proficis·

160 784 281 844 cuntur.
328 775 417 841 Haec
448 779 580 860 peccata
602 774 752 860 graviora
774 777 848 839 sunt
881 774 913 855 1)
936 774 1149 852 homicidium,
1182 774 1215 857 2)
1239 775 1341 839 forni-

160 885 243 949 catio
278 889 310 948 et
339 880 544 958 adulterium,
576 880 609 961 3)
633 879 823 958 idololatria,
857 879 892 963 4)
915 880 1045 958 furtum,
1077 880 1110 961 5)
1132 879 1340 963 blasphemia,

160 994 191 1054 et
214 988 349 1074 singulis
380 986 455 1051 bina
485 988 617 1069 peecata
646 984 697 1049 vel
719 989 809 1049 terna
838 1006 893 1049 seu
916 989 1079 1069 quaterna,
1109 1006 1181 1049 cum
1205 984 1342 1049 secundo

159 1094 229 1160 loco
259 1095 320 1159 duo
350 1096 381 1156 et
409 1112 636 1174 nonnunquam
666 1090 730 1154 tria
758 1094 889 1174 peccata
916 1089 999 1155 inter
1021 1111 1055 1153 se
1077 1090 1257 1174 propinqua
1278 1111 1343 1153 una

160 1201 396 1275 enumerentur,
428 1200 581 1279 tanquam
612 1194 733 1259 radices
764 1194 1021 1277 praemittuntur.
1068 1193 1203 1259 Peccata
1235 1197 1342 1258 autem

159 1304 217 1368 illa
247 1302 438 1386 respondent
469 1298 626 1364 mandatis
656 1300 686 1375 2,
710 1299 795 1363 2-3
824 1297 1013 1382 propositis3
1052 1298 1083 1378 1)
1108 1320 1172 1363 non
1200 1299 1340 1374 occides3

161 1410 195 1491 2)
218 1430 282 1472 non
305 1405 495 1471 adulterium
518 1404 630 1481 facies,
662 1424 726 1467 non
755 1424 870 1488 pueros
893 1424 1084 1486 corrumpas,
1114 1425 1179 1467 nou
1201 1403 1341 1467 fornica·

159 1514 260 1589 beris;
295 1511 329 1592 3)
352 1532 416 1575 non
438 1510 614 1584 fruaberis3
642 1508 676 1592 4)
699 1530 763 1574 non
784 1510 979 1585 incantabis;
1013 1508 1046 1593 5)
1069 1530 1133 1573 non
1153 1509 1340 1592 periurabis.

159 1617 306 1701 Utroque
338 1617 438 1701 igitur
459 1615 531 1680 loeo
554 1615 663 1680 eadem
685 1619 817 1698 peccata
838 1615 961 1679 maiora
982 1615 1016 1678 in
1037 1615 1211 1697 eodemque
1233 1615 1341 1679 ordine

161 1726 400 1796 enumerantur3
433 1721 526 1785 modo
548 1723 680 1804 peccata
701 1718 900 1784 idololatriae
924 1723 956 1784 et
977 1719 1056 1784 furti
1078 1720 1284 1797 invertuntur,
1309 1720 1341 1783 id

162 1828 245 1913 quod
267 1826 404 1892 fortasse
425 1826 498 1889 inde
520 1825 742 1909 explicandum
764 1828 822 1902 est,
847 1825 930 1909 quod
946 1825 1022 1889 ordo
1040 1825 1127 1908 prior
1141 1824 1193 1888 vel
1207 1826 1236 1902 2,
1254 1826 1340 1888 2-3

160 1932 321 1998 exhibitus
352 1929 382 1994 S.
415 1928 579 2012 Scriptura
609 1932 747 1994 statutus
777 1934 854 2006 erat,
885 1928 1068 1994 idololatria
1095 1933 1211 2007 autem,
1243 1952 1341 1994 unum

160 2035 323 2101 extribus
352 2033 492 2117 peccatis
522 2033 671 2097 ecclesiae
700 2032 814 2097 veteris
838 2033 1038 2117 capitalibus,
1069 2034 1190 2099 auctori
1213 2035 1341 2119 gravius

161 2141 279 2206 crimen
307 2159 374 2202 esse
406 2137 572 2201 videbatur
603 2158 698 2221 quam
727 2136 858 2200 furtum.
905 2136 1095 2221 ceteroquin
1119 2139 1185 2215 5,1
1220 2138 1341 2202 furtum

160 2266 260 2330 aeque
283 2266 320 2308 ac
343 2245 410 2320 2,2
441 2245 514 2305 ante
536 2240 751 2306 idololatriam
779 2240 830 2304 vel
852 2242 992 2326 magiam
1014 2241 1140 2327 legitur.
1186 2241 1223 2306 In
1247 2244 1341 2307 tertia

160 2350 295 2434 denique
324 2350 417 2430 parte
439 2347 581 2422 3,7-4,
601 2346 641 2410 14
664 2344 767 2409 forma
797 2345 886 2430 prior
907 2347 1023 2411 iterum
1046 2347 1225 2425 adhibetur,
1248 2370 1340 2412 man·

160 2455 235 2519 data
258 2456 364 2516 autem
385 2473 448 2515 non
471 2451 574 2515 solum
595 2451 742 2535 negative
758 2450 986 2534 exprimuntur,
1002 2456 1040 2516 ut
1054 2452 1089 2516 in
1103 2453 1249 2536 partibus
1264 2452 1340 2516 dua·

160 2560 220 2624 bus
242 2554 512 2641 praecedentibus,
535 2555 591 2619 sed
613 2555 708 2619 etiam
731 2555 874 2638 positive,
898 2560 935 2620 ut
953 2557 986 2620 in
1001 2556 1211 2640 explicatione
1226 2556 1338 2638 prima.

161 2661 292 2727 Summa
313 2658 412 2743 partis
435 2658 513 2723 haec
535 2664 592 2722 est.
639 2656 746 2723 Primo
766 2658 836 2723 loco
861 2659 904 2741 (3,
923 2660 1042 2741 7-10)
1066 2659 1217 2744 leguntur
1232 2660 1341 2725 officia

161 2764 334 2831 Christiani
360 2784 437 2848 erga
459 2784 492 2827 se
514 2763 633 2846 ipsum;
663 2763 798 2826 secundo
822 2762 865 2845 (4,
890 2763 987 2844 1-4)
1010 2763 1118 2828 officia
1141 2785 1217 2848 erga
1239 2764 1340 2829 eccle·

161 2871 251 2949 siam,
275 2891 347 2933 cum
367 2867 567 2952 praepositos
589 2871 657 2931 turn
677 2866 758 2931 alios
776 2867 908 2943 fratres;
932 2869 1026 2932 tertio
1050 2868 1093 2949 (4,
1112 2868 1209 2949 5-8)
1234 2869 1342 2934 officia

162 2998 239 3061 erga
268 2994 440 3058 pauperes:
473 2976 586 3055 quarto
620 2969 663 3053 (4,
687 2969 810 3053 9-11)
838 2972 945 3036 officia
968 2994 1045 3057 erga
1068 2972 1232 3050 familiam,
1255 2974 1340 3038 filios

162 3084 194 3144 et
216 3099 331 3154 servos,
364 3096 588 3159 servorumque
617 3074 758 3140 officium
780 3097 856 3159 erga
880 3076 1038 3152 dominos3
1073 3077 1184 3159 quinto
1207 3079 1340 3162 denique

163 3182 206 3264 (4,
229 3179 369 3260 12-14)
393 3182 564 3263 praecepta
586 3179 738 3243 nonnulla
760 3179 921 3264 generalia
943 3181 1140 3259 exhibentur,
1170 3183 1341 3266 praecipue

162 3284 322 3352 devitandi
345 3305 438 3348 omne
462 3284 545 3367 quod
567 3305 630 3347 non
652 3282 757 3366 placet
779 3284 858 3362 Deo,
883 3286 1077 3351 custodiendi
1099 3287 1250 3351 mandata
1271 3287 1339 3351 Do·

160 3391 240 3457 mini
261 3410 298 3454 ac
321 3388 491 3452 confitendi
511 3393 643 3471 peccata
664 3388 698 3451 in
720 3388 861 3454 ecclesia.
907 3390 1076 3473 Descripta
1103 3391 1155 3455 via
1176 3391 1261 3455 vitae
1284 3413 1340 3455 ex·

160 3495 289 3580 ponitur
320 3515 346 3557 c.
372 3494 391 3556 5
420 3492 472 3556 via
501 3493 621 3558 mortis.
666 3492 986 3561 Animadvertendum
1016 3502 1073 3573 est,
1107 3497 1199 3562 initio
1231 3497 1341 3561 eadem

161 3606 292 3686 peccata
321 3599 468 3684 graviora
498 3604 530 3664 et
557 3600 590 3666 in
614 3600 723 3665 eodem
750 3600 857 3665 ordine
880 3602 1072 3679 enumerari,
1106 3623 1188 3686 quae
1210 3603 1240 3679 2,
1265 3603 1285 3664 2
1309 3606 1340 3665 et

161 3705 270 3771 ordine
292 3704 456 3789 paulisper
476 3706 600 3768 mutato
623 3705 653 3782 3,
677 3705 762 3768 2-5
785 3704 944 3789 leguntur,
967 3706 1086 3771 scilicet
1111 3705 1142 3788 1)
1158 3706 1338 3779 homicidia,

162 3811 196 3893 2)
221 3810 386 3887 adulteria,
420 3808 591 3893 cupidines,
625 3808 865 3888 fornicationes,
898 3811 931 3890 3)
955 3811 1051 3887 furta,
1084 3809 1117 3892 4)
1141 3809 1340 3874 idololatriae

162 3919 194 3979 et
216 3913 349 3999 magiae.
395 3912 618 3997 Blasphemiae
642 3917 757 3991 autem,
783 3935 863 3998 quae
887 3917 916 3992 3,
934 3915 953 3978 6
978 3915 1125 3979 distincte
1142 3920 1173 3978 et
1189 3916 1219 3991 2,
1233 3915 1253 3978 3
1268 3937 1339 3977 ver·

161 4019 212 4085 bis
242 4018 301 4079 οὐκ
330 4013 523 4098 ἐπιορκήσεις
555 4039 704 4102 expressa
727 4023 784 4098 est,
817 4019 869 4084 hic
899 4042 961 4084 non
992 4020 1128 4103 amplius
1150 4020 1187 4083 lit
1209 4019 1338 4083 mentio.

162 4123 326 4188 Postremo
349 4122 533 4186 lectorati
556 4126 710 4200 monetur,
733 4144 773 4187 ue
790 4125 830 4188 ab
853 4124 912 4187 hac
929 4124 1070 4188 doctrina
1085 4124 1268 4198 abducatur,
1293 4127 1338 4197 ut,

163 4228 190 4292 si
212 4249 277 4292 non
299 4231 403 4291 totum
425 4225 555 4290 Domini
578 4226 690 4311 iugum
705 4226 807 4309 possit
821 4232 958 4310 portare,
983 4225 1095 4290 saltem
1111 4225 1219 4301 faciat,
1244 4225 1337 4309 quid·
