2834 5018
433 562 458 616 S.
478 562 684 617 POLYCARPI
700 561 884 617 EPISTULA,
1144 568 1248 634 XCIII

81 741 270 824 pervenisset,
296 761 431 825 eamque
453 740 487 804 in
501 739 643 805 favorem
664 741 873 824 epistularum
887 741 1127 827 Ignatianarum
1149 743 1248 807 inter·

80 847 211 930 polatsm
234 867 306 911 esse
339 846 576 910 contenderunt.
623 845 690 909 lam
714 847 881 923 Dallaeus,
906 870 978 913 cum
1001 849 1175 933 scripturae
1197 849 1247 913 in·

78 953 255 1035 tegritatem
277 951 312 1015 in
328 951 459 1017 dubium
482 951 608 1034 quidem
624 971 745 1027 vocare,
769 973 833 1016 non
856 957 961 1017 autem
976 974 1093 1037 negare
1109 953 1247 1030 auderet,

76 1056 291 1140 integritatem
312 1055 515 1139 impugnavit
537 1060 569 1119 et
584 1057 690 1139 capita
714 1058 754 1121 13
770 1062 802 1120 et
819 1058 859 1121 14
883 1080 902 1121 1
923 1058 1099 1141 posteriorc
1121 1061 1154 1121 et
1177 1058 1248 1142 qui-

76 1163 141 1226 dem
163 1161 205 1226 ab
238 1161 349 1226 eodem
373 1160 496 1224 adiecta
525 1182 593 1224 esse
616 1161 782 1239 iudicavit,
817 1162 871 1246 qui
898 1161 1052 1245 epistulas
1075 1185 1094 1226 a
1116 1183 1150 1226 se
1173 1183 1248 1226 con·

75 1268 161 1332 fictas
184 1265 315 1351 Ignatio
337 1263 537 1328 Antiocheno
567 1266 798 1349 adscripsisset,
830 1268 948 1351 quippe
972 1289 1052 1351 quae
1083 1272 1158 1351 post
1179 1268 1247 1351 epi·

74 1371 174 1436 stulae
203 1370 380 1436 clausulam
404 1368 469 1451 (12,
494 1371 522 1433 2.
548 1368 581 1451 3)
611 1370 794 1456 legerentur
823 1394 860 1435 ac
890 1393 962 1436 cum
990 1371 1135 1456 capitol)
1165 1392 1248 1455 pug-

74 1477 217 1539 narent¹.
274 1473 430 1539 Nonnulli
463 1474 590 1557 quidem
623 1475 652 1538 ei
685 1475 871 1558 adstipulati
904 1479 995 1551 sunt,
1030 1476 1174 1559 inprimis
1207 1475 1250 1540 Le

75 1576 217 1663 lloyne²
240 1584 272 1643 et
294 1576 452 1643 Bunsen³.
499 1577 614 1643 Hefsle
646 1583 752 1643 autem
784 1584 867 1643 recte
897 1580 1062 1663 opposuit,
1098 1579 1249 1644 clausulis

76 1685 102 1746 ei
123 1684 300 1760 similibus,
334 1705 414 1768 quae
440 1685 526 1760 12,3
549 1683 686 1768 legitur,
721 1689 818 1748 ante
846 1684 941 1749 finem
972 1687 1071 1750 totius
1094 1686 1249 1769 epistulae

76 1787 208 1852 Paulum
231 1809 359 1873 quoque
389 1794 421 1852 et
444 1787 640 1852 Clementem
662 1788 839 1853 Romanurn
870 1811 963 1853 usum
986 1811 1053 1853 esse
1078 1789 1131 1869 (cf.
1157 1790 1247 1854 Rom.

79 1895 203 1970 15,33;
234 1892 318 1976 Eph.
336 1893 366 1969 3,
384 1894 442 1967 21;
471 1893 677 1971 1111111120,
696 1895 752 1969 12;
785 1895 836 1971 32,
854 1896 892 1968 4;
919 1893 1008 1969 38,4
1031 1891 1114 1975 etc),
1145 1894 1251 1977 capita

78 1997 312 2062 1111131110
341 1997 469 2062 minime
491 1999 574 2063 inter
596 2020 630 2062 se
659 2021 818 2083 pugnare,
850 1996 1249 2081 cumPolycarpus13,2

79 2102 113 2166 de
136 2102 381 2167 circumstantiis
404 2103 514 2166 mortis
536 2102 654 2187 Ignatii
676 2104 792 2168 certior
813 2104 881 2167 fieri
903 2101 1017 2178 vellet,
1050 2123 1251 2187 nequaquam

80 2211 180 2270 sutem
202 2227 277 2269 eum
300 2206 403 2269 adhuc
425 2206 616 2270 interrivos
640 2229 708 2271 esse
731 2207 882 2271 indicaret
893 2206 915 2270 ⁴.

161 2309 317 2395 Sagacius
345 2331 446 2393 nuper
472 2308 512 2375 A.
541 2310 688 2375 Ritschl⁶
721 2311 938 2396 integritatem
971 2312 1004 2374 in
1038 2310 1167 2374 dubium
1193 2331 1250 2373 vo·

82 2417 167 2480 cavit.
214 2414 358 2501 Agnovit
381 2415 524 2498 quidem,
556 2421 743 2500 argumenta
764 2416 927 2498 hucusque
955 2415 1081 2498 prolata
1102 2414 1166 2477 iam
1188 2411 1250 2477 Oa-

81 2520 176 2584 rolum
201 2519 317 2585 Hefele
347 2519 513 2584 refutasse.
558 2516 638 2584 (lum
669 2525 774 2585 autem
798 2519 1045 2585 animadvertere
1076 2519 1139 2583 sibi
1164 2519 1250 2581 visus

82 2630 167 2702 esset,
191 2624 349 2709 epistulae
370 2623 525 2688 unitatem
548 2625 671 2698 deesse,
702 2623 855 2687 nonnulla
877 2625 984 2706 capita
1010 2623 1061 2688 vel
1082 2622 1252 2688 nonnullos

82 2751 183 2794 versus
205 2730 291 2793 inter
319 2750 352 2792 ss
380 2728 463 2792 male
497 2729 664 2793 cohaerere
693 2733 788 2813 atque
818 2729 900 2791 inter
921 2728 1009 2792 locos
1033 2732 1196 2812 suspectos
1220 2731 1252 2790 11

83 2855 144 2899 cam
166 2834 376 2919 epistularum
398 2832 635 2918 Ignatianarum
658 2837 796 2916 partem,
831 2854 911 2916 quac
932 2832 1059 2915 quidem
1087 2832 1121 2895 in
1142 2853 1251 2895 recen-

82 2939 163 3004 sione
184 2939 338 3015 breviore,
369 2959 428 3002 nec
449 2960 523 3002 vero
546 2939 579 3002 in
601 2938 781 3001 recensione
804 2937 927 3020 syriaca
948 2937 1075 3021 legitur,
1101 2935 1251 3001 similitu·

81 3043 180 3107 dinem
204 3042 364 3127 quandam
385 3041 593 3118 intercedere,
626 3041 734 3124 plures
756 3040 859 3117 locos,
882 3041 1069 3123 praesertim
1092 3041 1131 3104 ad
1153 3039 1251 3124 lgna·

80 3148 156 3212 tium
179 3148 367 3220 attinentes,
398 3147 571 3210 abeodem
601 3146 712 3210 statuit
735 3167 760 3209 c.
785 3167 855 3208 ann.
882 3145 944 3208 170
976 3146 1110 3210 insertos
1143 3144 1250 3221 fuisse,

82 3255 131 3338 qui
152 3252 308 3337 epistulas
331 3252 472 3335 episcopi
492 3250 684 3315 Antiocheni
700 3272 771 3314 cum
794 3251 985 3332 corrupisset
1000 3253 1067 3313 tum
1090 3250 1148 3314 sub
1164 3248 1252 3312 illius

80 3358 201 3422 nomine
224 3357 305 3421 alias
338 3356 559 3433 confluxisset,
590 3355 710 3420 scilicet
733 3355 839 3439 capita
861 3355 927 3431 3,9
952 3354 1027 3437 (una
1050 3376 1122 3417 cum
1143 3354 1251 3417 initio:

81 3469 113 3525 in
134 3465 187 3527 tir
210 3471 413 3542 1191111111,
436 3465 468 3524 et
489 3460 567 3524 fine:
591 3463 806 3524 sobrietatem
829 3464 887 3523 etc.
912 3480 937 3522 c.
964 3456 1031 3539 10),
1059 3459 1108 3535 13,
1134 3459 1174 3521 14
1196 3478 1254 3521 nec

81 3589 140 3632 non
164 3568 215 3643 11,
240 3568 270 3630 2.
297 3567 317 3630 3
341 3565 410 3647 (qui
432 3573 591 3646 ipnoront
612 3567 769 3629 1111111111
792 3562 883 3645 etc),
918 3563 1005 3639 12,1
1031 3559 1252 3625 111111111-

82 3668 219 3753 ξαμένοις
248 3706 290 3716 -
319 3666 553 3752 ἐκλελεγμὲνων
582 3670 616 3733 in
638 3691 663 3733 c.
691 3671 769 3744 1,1.
815 3667 952 3732 Easdem
983 3667 1049 3730 fere
1081 3665 1254 3749 particulas

84 3841 142 3878 eam
160 3825 197 3878 ad
214 3823 321 3878 saeculi
339 3824 366 3877 Il
384 3824 497 3891 partem
515 3822 634 3877 alteram
652 3823 754 3876 saltem
772 3824 937 3876 retulerunt
974 3819 1105 3876 Gotterill
1123 3819 1152 3871 in
1171 3819 1253 3873 Jour-

83 3916 127 3967 nul
143 3915 176 3981 of
190 3913 332 3982 Philolcpy
344 3911 410 3965 XIX
422 3911 520 3981 (1891).
539 3910 685 3971 arr-285,
705 3926 739 3963 ex
756 3909 833 3972 locis,
854 3925 923 3976 quas
942 3908 1066 3976 epistula
1083 3921 1147 3958 cum
1164 3905 1253 3959 homi-

84 3999 126 4055 liis
143 3999 278 4056 Antiochi
296 4014 456 4054 communes
474 3996 578 4059 habet,
606 3998 681 4050 hunc
700 4000 844 4050 auctorem
863 4011 924 4048 esse
944 3994 1066 4064 collegit.
1103 3992 1254 4046 Refutavit

86 4103 144 4141 eum
161 4086 266 4157 Taylor
284 4086 351 4140 ibid.
370 4087 422 4140 XX
440 4085 539 4156 (1892),
558 4085 687 4140 65-110.

152 4178 164 4230 1
184 4175 226 4230 De
240 4174 358 4244 scriptis
376 4175 458 4229 Dion.
478 4174 579 4242 Areop.
599 4176 627 4227 et
646 4171 751 4240 Ignatii
770 4173 834 4224 Ant.
854 4188 881 4239 p.
899 4171 951 4224 427
972 4185 1031 4236 sqq.

150 4265 167 4318 2
185 4264 273 4317 Varia
290 4262 384 4316 Sacra.
420 4260 507 4331 Lugd.
527 4260 589 4314 Bat.
611 4259 684 4314 1685.
705 4259 717 4311 l
735 4257 891 4327 Prolegom.

151 4352 168 4405 3
185 4351 313 4420 1911111141
331 4366 354 4402 o.
373 4349 407 4400 Δ.
426 4349 484 4401 und
502 4349 574 4402 scine
591 4348 651 4400 Zcit
669 4363 696 4414 p.
716 4344 767 4399 108
785 4360 845 4412 sqq.

150 4439 169 4491 4
185 4438 260 4493 Ρ111.
279 4437 368 4505 apost.
388 4436 430 4489 ed.
449 4434 488 4488 IV
507 4452 535 4503 p.
554 4432 661 4488 um.

152 4528 168 4579 5
186 4526 240 4580 Dic
258 4524 429 4593 Erotstelruny
447 4522 623 4576 (1111111111.
643 4520 745 4575 Kirclrc
762 4517 805 4572 ed
823 4516 849 4570 11
870 4516 936 4571 1857
956 4532 983 4583 p.
1002 4512 1149 4568 sss-600.
