2834 5018
546 703 614 758 sm.
633 703 680 767 rx,
699 706 723 767 s,
741 704 817 767 a-c,
837 708 861 761 s.
1226 709 1288 775 537

114 885 311 946 recesserunt
344 887 375 946 et
397 882 633 965 requieverunt,
668 882 738 946 dico
761 882 898 965 pastori:
934 881 1045 960 Quare,
1069 884 1207 967 inquam,
1232 885 1290 948 do-

115 986 208 1063 mine,
232 1007 296 1050 non
327 991 613 1051 consummataest
643 987 820 1051 aedificatio
843 988 962 1051 turris?
994 987 1153 1066 Nondum,
1176 989 1289 1072 inquit,

115 1091 211 1155 turris
235 1093 444 1155 consummari
467 1094 589 1174 potest,
622 1091 684 1154 nisi
706 1091 826 1155 venerit
856 1091 999 1154 dominus
1023 1092 1089 1156 eius
1112 1097 1144 1157 et
1173 1095 1290 1177 proba·

116 1195 196 1259 verit
219 1196 467 1260 aedificationem
490 1196 582 1271 hanc,
606 1201 651 1272 ut,
675 1195 702 1259 si
726 1195 780 1278 qui
802 1194 924 1277 lapides
946 1195 1147 1260 inveniantur
1161 1198 1289 1280 putridi,

116 1321 169 1363 ecs
195 1303 311 1375 nuitet3
344 1301 516 1365 secundum
538 1300 621 1364 enim
642 1299 728 1363 illius
751 1298 947 1363 voluntatem
979 1300 1161 1364 aedificatur
1183 1301 1317 1365 turriso

116 1405 145 1469 3.
171 1403 343 1480 Volebam,
367 1404 513 1487 inquam,
538 1405 678 1481 domine,
702 1425 907 1488 cognoscere,
942 1405 1087 1487 quaesit
1116 1405 1292 1470 aedificatio

116 1509 178 1572 ista
200 1508 294 1572 huius
316 1510 429 1587 turris,
462 1514 494 1573 et
517 1509 553 1573 de
576 1513 667 1593 petra
688 1514 721 1573 et
749 1513 843 1592 porta
865 1513 897 1572 et
919 1509 1079 1573 montibus
1106 1514 1138 1573 ct
1158 1509 1292 1594 virgini·

116 1613 175 1678 bus
198 1617 229 1677 et
251 1612 420 1696 lapidibus,
445 1614 500 1697 qui
522 1615 729 1678 ascenderunt
751 1615 788 1677 de
804 1613 963 1697 profundo
985 1636 1042 1678 nec
1065 1619 1139 1678 sunt
1159 1615 1291 1679 circum·

117 1717 182 1793 cisi,
206 1718 260 1780 sed
282 1716 329 1780 ita
352 1718 455 1782 ierunt
477 1718 511 1781 in
534 1721 743 1791 structuram
777 1719 807 1781 4.
832 1722 865 1780 et
887 1739 983 1802 quare
1005 1719 1142 1802 primum
1164 1719 1196 1781 in
1218 1718 1291 1782 fun·

117 1821 272 1885 damentis
306 1821 414 1885 docem
444 1820 566 1904 lapides
597 1821 694 1904 positi
726 1827 817 1900 sunt,
851 1822 962 1886 deinde
994 1824 1108 1907 viginti
1141 1824 1288 1907 quinque,
1307 1842 1331 1879 ιο

117 1925 226 1989 deinde
249 1925 381 2010 triginta
411 1926 565 2010 quinque,
596 1926 707 1990 deinde
736 1927 962 2010 quadraginta,
994 1931 1026 1990 et
1054 1928 1092 1991 de
1122 1927 1290 2011 lapidibus,

117 2030 172 2111 qui
202 2030 395 2093 advenerunt
423 2029 456 2093 iu
489 2030 739 2094 aedificationem
767 2035 801 2094 et
829 2031 944 2095 iterum
975 2030 1170 2096 tollebantur
1199 2037 1231 2096 et
1259 2032 1291 2096 in

116 2133 222 2198 locum
238 2156 329 2198 suum
344 2135 594 2217 reponebantur:
620 2135 657 2198 de
671 2135 721 2198 his
744 2135 890 2200 omnibus
905 2136 997 2199 refice
1020 2136 1157 2200 animam
1177 2157 1290 2213 meam,

118 2238 260 2313 domine,
294 2242 326 2302 et
354 2239 536 2302 demonstra
566 2239 645 2302 mihi
675 2261 720 2303 ea.
774 2243 802 2304 5.
828 2239 879 2318 Si,
908 2240 1026 2324 inquit,
1058 2241 1199 2305 curiosus
1229 2262 1292 2304 non

119 2343 217 2408 fueris
239 2342 401 2420 inventus,
434 2344 540 2408 omnia
569 2364 748 2428 cognosces,
794 2343 873 2408 Post
894 2365 1011 2427 paucos
1041 2345 1124 2408 enim
1148 2344 1213 2407 dies
1235 2365 1331 2408 ve·1c

117 2448 239 2512 niemus
261 2447 323 2512 huc
346 2453 379 2512 et
401 2449 521 2512 videbis
543 2448 683 2533 reliqua,
717 2470 796 2534 quae
819 2449 928 2513 futura
950 2454 1024 2513 sunt
1045 2449 1119 2514 huic
1141 2449 1236 2526 turri,
1260 2453 1293 2512 et

117 2573 225 2616 omnes
254 2552 475 2617 similitudines
508 2553 676 2639 diiigenter
706 2576 886 2640 cognosces.
934 2556 963 2619 6.
986 2554 1030 2618 Et
1052 2554 1193 2618 venimus
1217 2557 1293 2638 post

118 2677 237 2739 paucos
260 2657 325 2721 dies
348 2657 518 2734 inlocum,
542 2658 597 2723 ubi
620 2659 808 2736 sederemus,
832 2663 865 2724 et
887 2660 964 2723 dicit
986 2659 1080 2723 mihi:
1111 2659 1231 2724 Eamus
1254 2658 1294 2722 ad

117 2761 246 2834 turrim;
269 2762 413 2826 dominus
437 2763 520 2826 enim
545 2764 641 2826 turris
664 2764 767 2841 venit,
791 2768 828 2828 ut
851 2764 1026 2828 consideret
1048 2786 1125 2828 eam.
1170 2764 1215 2828 ut
1238 2785 1292 2827 ve·

117 2866 221 2929 nimus
244 2866 285 2929 ad
307 2867 434 2942 turrim,
459 2870 491 2929 et
513 2867 641 2931 omnino
665 2890 757 2932 nemo
780 2873 849 2932 erat
871 2868 956 2952 apud
979 2890 1048 2932 eam
1070 2868 1132 2932 uisi
1154 2868 1293 2952 virgines
1307 2893 1331 2929 ro

117 2969 212 3034 solae.
261 2971 288 3033 7.
313 2970 356 3035 Et
387 2972 564 3054 interrogat
593 2975 704 3056 pastor
733 2972 887 3057 virgines,
919 2995 959 3036 an
987 2971 1117 3037 affuerit
1148 2972 1292 3036 dominus

118 3074 222 3138 turris.
269 3073 348 3138 Illae
371 3079 476 3139 autem
499 3076 654 3152 dixerunt,
680 3098 752 3140 eum
773 3080 941 3140 venturum
963 3097 1041 3152 esse,
1064 3081 1101 3140 ut
1116 3077 1293 3140 consideret

121 3178 378 3243 aedificationem.

206 3280 242 3346 d.
266 3282 309 3346 Et
340 3304 426 3358 ecce,
457 3282 553 3366 paulo
582 3285 657 3364 post
686 3281 776 3344 video
809 3303 925 3366 agmen
953 3282 1091 3346 virorum
1120 3280 1294 3346 multorum

118 3388 328 3462 venientium,
353 3392 385 3451 et
406 3388 439 3451 in
462 3387 565 3451 medio
588 3386 637 3448 vir
659 3385 787 3468 quidam
809 3389 877 3450 erat
899 3384 1041 3450 excelsus
1063 3386 1291 3470 magnitudine,
1307 3410 1333 3448 ac

117 3491 164 3556 ita
185 3496 221 3555 ut
252 3490 364 3554 turrim
394 3494 567 3574 superaret.
614 3490 643 3552 2.
668 3489 712 3553 Et
740 3512 795 3555 sex
825 3491 873 3555 illi
899 3491 973 3568 viri,
1007 3490 1061 3574 qui
1083 3489 1294 3554 aedificationi

117 3596 330 3680 praefuerunt,
355 3600 387 3660 et
410 3619 428 3659 a
451 3596 588 3660 dexteris
611 3600 643 3659 et
665 3617 684 3658 a
709 3595 846 3659 sinistris
870 3594 1076 3660 ambulabant
1098 3616 1169 3658 cum
1191 3615 1238 3669 eo,
1263 3599 1295 3658 et

119 3722 235 3779 omues,
261 3701 316 3784 qui
338 3700 371 3763 in
392 3700 473 3763 turri
495 3699 619 3783 operati
641 3698 778 3777 fuerant,
803 3722 875 3765 cum
897 3721 934 3764 eo
958 3704 1047 3764 erant
1069 3704 1101 3763 et
1123 3699 1178 3763 alii
1201 3698 1294 3762 multi

119 3805 201 3870 circa
223 3827 295 3869 eum
317 3805 457 3891 gloriosi.
504 3805 652 3889 Virgines
674 3811 797 3881 autem,
823 3826 903 3888 quae
932 3804 1044 3868 turrim
1065 3803 1293 3879 custodiebant,

122 3914 320 3975 accesserunt
343 3914 376 3974 et
398 3909 559 3974 osculatae
581 3914 655 3974 sunt
678 3930 749 3974 eum
772 3912 804 3973 et
827 3913 997 3993 coeperunt
1018 3929 1117 3992 prope
1132 3929 1203 3971 eum
1226 3929 1293 3971 am·
1308 3929 1333 3966 ac

118 4015 228 4080 bulare
258 4016 341 4080 circa
370 4015 492 4079 turrim.
538 4014 819 4080 &considerabat
848 4018 953 4078 autem
985 4013 1041 4076 ille
1069 4013 1117 4076 vir
1146 4012 1293 4077 aedifica-

155 4226 180 4287 6,
196 4225 218 4277 l.
237 4223 306 4297 ἀνήρ
320 4245 342 4280 τ.
355 4221 470 4295 ὑψηλός]
484 4219 692 4283 estfiliusDei;
721 4219 864 4275 Christum
891 4219 969 4274 videt
995 4221 1133 4284 tunquam
1150 4214 1294 4269 hominem

120 4312 154 4364 cf.
183 4329 204 4364 c.
226 4311 265 4374 12,
285 4311 308 4364 8.
345 4308 459 4362 VEsra
486 4309 510 4372 2,
534 4310 581 4363 43:
608 4312 637 4362 ct
664 4308 694 4361 in
720 4307 856 4377 grandem
876 4306 924 4372 (cf.
942 4307 1015 4360 Acta
1033 4305 1144 4372 Perpet.
1164 4306 1192 4356 et
1210 4301 1294 4354 Felic.

119 4397 213 4451 medio
242 4414 338 4451 eorum
366 4400 416 4464 (sc.
444 4396 544 4450 turbae
574 4411 694 4466 magnae
721 4410 743 4446 c.
764 4396 805 4458 4);
834 4395 863 4447 et
889 4391 920 4444 in
947 4390 1114 4445 coemeterio
1139 4390 1165 4443 S.
1185 4387 1295 4443 Callisti

121 4483 343 4538 collaudantium
360 4481 522 4551 Dominum)
542 4486 602 4536 crat
619 4482 694 4535 iuve-
719 4497 808 4549 prope
821 4478 939 4534 Romam
955 4480 1067 4550 pictura
1079 4479 1179 4541 exstat,
1197 4477 1296 4545 inqua

120 4571 163 4624 nis
183 4573 293 4625 statura
305 4569 405 4632 celius,
426 4567 596 4623 eminentior
607 4567 694 4622 omni-
721 4567 850 4621 Christus
859 4566 988 4620 homines
997 4564 1209 4620 circumstantes
1216 4580 1295 4634 mag·

119 4656 173 4711 bus
208 4657 274 4711 illis.
319 4654 454 4712 Similiter
491 4653 516 4708 S.
553 4656 695 4725 Perpetua
720 4652 850 4708 nitudine
869 4652 952 4708 valde
969 4654 1091 4722 superat.
