2834 5018
162 335 224 399 126
630 331 642 384 1
662 331 867 387 CLEMENTIS

161 528 247 571 νοιαν
269 509 322 569 καί
346 506 551 592 ἐμβλέψωμεν
575 517 638 583 τοῖς
653 510 788 591 ὄμμασιν
811 519 865 592 της
888 510 991 595 ψυχῆς
1015 512 1057 587 εἰς
1073 513 1109 574 τδ
1132 511 1337 595 μακρόθυμον

160 612 254 675 αὐτοῦ
284 611 444 697 βούλημα·
475 612 651 696 νοήσωμεν,
681 622 747 688 πῶς
782 612 933 698 ἀόργητος
968 616 1100 699 ὑπάρχει
1127 618 1203 699 πρός
1233 627 1337 680 πᾶσαν

160 718 214 799 τὴν
237 715 337 779 κτίσιν
359 718 465 780 αὐτοῦ.

244 822 314 887 XX.
340 821 379 888 Οί
409 823 532 904 οὐρανοί
555 831 594 906 τη
625 821 774 906 διοικήσει
809 823 904 885 αὐτοῦ
935 823 1137 907 σαλευόμενοι
1168 824 1200 889 ἐν
1234 824 1338 908 είριΙνη

132 926 388 990 οὐπστάσσονται
411 927 509 1008 αὐτῷ·
535 930 563 992 2.
588 925 689 1009 ἡμέρα
711 948 745 990 τε
768 929 821 990 καί
844 927 898 1005 νὺξ
920 930 973 991 τόν
997 929 1185 1013 τεταγμένον
1208 929 1262 993 ὑπ’
1284 931 1337 992 αὐ-

159 1040 213 1094 τοῦ
237 1031 350 1114 δρόμον
373 1030 558 1111 διανύουσιν,
582 1032 677 1116 μηδὲν
701 1030 849 1115 ἀλλήλοις
877 1031 1094 1116 ἐμποδίζοντα.
1140 1037 1169 1100 3.
1194 1033 1281 1117 ἥλιός
1304 1054 1338 1097 τε

158 1137 211 1198 καί
235 1135 367 1219 σελήνη,
398 1134 537 1217 ἀστέρων
559 1156 593 1198 τε
616 1138 703 1219 χοροί
728 1139 810 1199 κατὰ
833 1139 888 1220 τὴν
911 1137 1061 1222 διαταγην
1085 1141 1180 1202 αὐτοῦ
1204 1138 1237 1202 ἐν
1261 1138 1336 1222 όμο-

159 1239 228 1322 νοίᾳ
251 1239 323 1322 δίχα
353 1240 455 1325 πάσης
478 1240 703 1326 παρεκβάσεως
736 1241 945 1319 ἐξελίσσουσιν
976 1246 1047 1317 τοὺς
1081 1242 1338 1327 ἐπιτεταγμένους

159 1345 262 1418 αὐτοῖς
285 1343 439 1427 ὁρισμούς.
484 1349 514 1410 4.
539 1355 579 1428 γῆ
601 1355 801 1428 κυοφοροῠσα
831 1348 915 1409 τιατά
938 1348 973 1409 τδ
997 1345 1124 1431 θέλημα
1155 1349 1337 1422 αὐτοῦτοῖς

119 1468 145 1504 το
161 1447 247 1523 ἰδίοις
269 1458 387 1530 καιροῖς
409 1451 464 1531 τὴν
493 1448 667 1534 πανπληθη
691 1449 871 1532 ἀνθρώποις
895 1471 928 1514 τε
952 1452 1006 1513 καί
1030 1453 1143 1535 θηρσὶν
1165 1454 1220 1514 καί
1243 1462 1336 1514 πᾶσιν

158 1561 222 1628 τοῖς
254 1550 340 1617 οὖσιν
363 1551 413 1616 ἐπ’
436 1555 530 1637 αὐτῆς
561 1553 651 1632 ζώοις
684 1553 847 1618 ἀνατέλλει
880 1555 1012 1640 τροφήν,
1043 1559 1084 1640 μὴ
1107 1556 1337 1639 διχοστατοῠσα

158 1658 238 1742 μηδὲ
261 1657 432 1723 ἀλλοιοῠσά
455 1681 483 1721 τι
511 1667 573 1721 τῶν
597 1659 885 1743 δεδογματισμένων
909 1659 961 1722 ὑπ’
983 1662 1088 1724 αὐτοῦ.
1136 1665 1165 1728 5.
1189 1660 1336 1746 ἀβύσσων

157 1783 191 1826 τε
222 1762 439 1845 ἀνεξιχνίαστα
466 1765 520 1826 καί
552 1763 701 1845 νερτέρων
733 1762 941 1848 ἀνετιδιήγητα
974 1764 1109 1847 κρίματα
1140 1774 1204 1840 τοῖς
1232 1766 1337 1838 αὐτοῖς

159 1866 322 1948 συνέχεται
337 1867 581 1950 προστάγμασιν.
629 1871 657 1933 6.
681 1868 717 1929 τδ
732 1865 825 1942 κύτος
848 1877 901 1951 της
919 1867 1047 1950 ἀπείρου
1061 1858 1238 1954 Ιθαλάσσης
1253 1870 1336 1931 τιατά

119 1984 144 2029 ιο
161 1973 216 2053 τὴν
239 1971 439 2055 δημιουργίαν
474 1972 569 2033 αὐτοῦ
600 1972 758 2036 συσταθὲν
782 1972 824 2046 εἰς
856 1974 911 2046 τάς
944 1975 1129 2056 συναγωγὰς
1162 1975 1197 2036 οὐ
1219 1993 1335 2055 παρεκ·

159 2075 256 2160 βαίνει
279 2078 318 2138 τά
342 2075 578 2158 περιτεθειμένα
601 2077 680 2159 αὐτη
701 2074 855 2158 κλείθρα,
880 2075 963 2138 ἀλλά
985 2079 1098 2152 καθὼς
1120 2076 1258 2154 διέταξεν
1282 2078 1335 2140 αὐ-

157 2189 205 2262 τῇ,
231 2182 329 2254 οὕτως
352 2187 442 2242 ποιεῖ.
489 2182 517 2244 7.
542 2176 626 2242 εἶπεν
641 2180 714 2262 γάρ·
738 2179 831 2261 Ἕως
854 2180 921 2244 ὦδε
940 2179 1040 2264 ἥξεις,
1064 2183 1120 2245 καί
1143 2183 1185 2245 τὰ
1201 2183 1336 2263 κύματά

159 2306 221 2347 σου
253 2285 291 2348 ἐν
324 2285 378 2348 σοί
408 2287 674 2368 συντριβήσεται.
727 2288 756 2350 8.
782 2284 920 2359 ὠκεανός
951 2284 1123 2368 ἀπέραντος
1155 2283 1336 2367 ἀνθρώποις

157 2389 209 2449 καί
233 2388 261 2450 οἱ
284 2386 350 2471 μετ’
372 2389 466 2451 αὐτόν
498 2388 609 2472 κόσμοι
633 2398 699 2464 ταῖς
729 2391 835 2464 αὐταῖς
859 2399 967 2473 ταγαῐς
996 2400 1052 2453 τοῦ
1076 2389 1228 2453 δεσπότου
1257 2390 1335 2453 διευ-

117 2514 144 2551 ω
159 2492 318 2558 θόνονται.
364 2497 393 2560 9.
418 2495 519 2576 καιροί
544 2494 656 2577 έαρινοί
679 2495 732 2556 καί
756 2496 874 2576 θερινοὶ
897 2496 950 2558 καί
974 2497 1177 2578 μετοπωρινοί
1193 2496 1248 2557 καὶ
1272 2512 1335 2576 χει-

157 2599 271 2680 μερινοὶ
295 2597 327 2661 ἐν
351 2597 455 2681 εἰρήνη
477 2596 778 2681 μεταπαραδιδόασιν
801 2596 959 2682 ἀλληλοις.
1008 2602 1058 2665 10.
1085 2597 1208 2680 ἀνέμων
1235 2600 1334 2663 σταθ

156 2702 206 2784 μοί
236 2703 318 2764 κατά
349 2704 402 2766 τόν
434 2703 510 2765 ἰ’διον
542 2704 650 2784 καιρόν
679 2703 734 2784 τὴν
767 2701 960 2785 λειτουργίαν
993 2704 1095 2765 αὐτῶν
1125 2702 1334 2784 ἀπροσκόπως

156 2805 364 2871 ἐπιτελοῦσιν·
398 2806 505 2870 ἀέναοί
527 2827 562 2870 τε
584 2805 698 2891 πηγαί,
730 2808 805 2889 πρὸς
830 2805 1003 2870 ἀπόλαυσιν
1035 2809 1088 2870 καί
1112 2807 1218 2891 ὑγείαν
1249 2808 1334 2892 δημι-

156 2915 378 2996 ουργηθεῖσαι,
410 2911 483 2994 δίχα
506 2909 675 2993 ἐλλείψεως
697 2910 885 2993 παρέχονται
908 2914 980 2987 τοὺς
1005 2913 1081 2994 πρδς
1104 2912 1186 2995 ζωῆς
1210 2909 1334 2993 ἀνθρώ-

115 3034 140 3071 νῡ
156 3037 224 3091 ποις
248 3016 382 3099 μαζούς·
412 3016 452 3078 τά
474 3037 507 3079 τε
537 3015 687 3098 ἐλάχιστα
717 3026 778 3079 τῶν
808 3016 898 3094 ζώων
927 3019 983 3092 τάς
1003 3017 1198 3093 συνελεύσεις
1232 3020 1333 3081 αὐτῶν

157 3120 188 3183 έν
213 3121 341 3204 ὁμονοία
363 3123 416 3184 καί
449 3120 553 3204 είρίγνη
575 3131 744 3184 ποιοῦνται.
792 3126 840 3188 11.
866 3131 964 3184 ταῦτα
996 3123 1097 3186 πάντα
1120 3121 1137 3184 δ
1160 3121 1258 3206 μέγας
1281 3122 1333 3205 δη·

224 3274 330 3341 4οί>
348 3276 374 3328 Η
400 3276 403 3344 Ι
428 3277 444 3330 6
464 3279 539 3343 τε>
558 3276 584 3328 Η
608 3277 612 3344 Ι
636 3275 854 3348 ὅπαραβάσεως
873 3276 899 3328 Η
924 3278 927 3346 Ι
956 3276 985 3330 ll
1006 3275 1090 3346 αὐτῆς
1108 3277 1134 3329 Η
1153 3295 1159 3329 :
1180 3298 1267 3348 αυτην
1285 3277 1331 3346 ΑΙ

157 3367 188 3420 13
206 3367 327 3436 κρίματα
345 3363 437 3417 AHLS
451 3382 457 3416 z
470 3366 589 3434 κλίματα
608 3380 659 3416 con
679 3362 797 3417 Wotton
813 3366 817 3429 Ι
836 3366 866 3419 17
885 3385 1013 3436 κρυματα
1027 3364 1050 3417 Α
1066 3366 1070 3434 Ι
1089 3364 1121 3418 18
1140 3370 1334 3439 συντριβὴσσν·

155 3473 199 3508 ται
219 3451 245 3503 Η
260 3452 264 3521 Ι
280 3449 437 3524 ἀπέραντος
454 3449 616 3522 ἀνθρώποις
635 3451 683 3503 HL
696 3449 773 3505 Olem
792 3450 863 3519 Orig
876 3469 882 3503 ι
898 3460 943 3505 Ν
955 3453 980 3504 Α
996 3453 999 3521 Ι
1016 3453 1048 3506 21
1068 3455 1264 3521 μεταδιδόασιν
1283 3451 1309 3503 Η
1328 3454 1330 3517 Ι

156 3537 268 3608 ἀνίμων
285 3538 443 3609 ΑΙτε-Ι-τε
461 3537 507 3591 HS
532 3538 535 3606 Ι
562 3536 595 3589 22
613 3537 814 3609 καιρόνΙ-ιιαί
834 3537 859 3589 Η
876 3538 879 3606 Ι
896 3538 929 3591 ‘23
947 3535 1053 3609 ὑγίειαν
1071 3537 1097 3589 Η
1120 3539 1175 3606 124
1193 3543 1266 3610 ζωὴν
1283 3538 1309 3590 H

188 3677 246 3730 XX.
272 3676 427 3744 Pleraeque
447 3693 529 3730 voces
548 3675 727 3745 principalee‚
756 3676 817 3730 cilis
837 3681 894 3738 στα
912 3677 1034 3730 testibus
1048 3692 1114 3729 vero
1133 3677 1331 3731 omnibustra·

153 3782 226 3833 quae
246 3766 276 3819 in
290 3767 343 3819 hoe
356 3765 449 3833 eapite
463 3763 603 3833 leguntur,
623 3764 727 3817 inveni·
756 3765 816 3818 dite
835 3763 981 3816 retinenda
1000 3779 1060 3816 esse
1077 3762 1199 3816 videtur.
1236 3763 1332 3831 Neque

153 3854 238 3905 untur
256 3852 342 3905 etiam
365 3852 394 3905 in
414 3850 595 3905 Praefatione
617 3849 727 3913 missae,
741 3870 744 3929 γ
756 3855 853 3905 temen
871 3849 974 3904 addere
992 3867 1050 3903 non
1069 3867 1193 3918 possum,
1213 3851 1331 3905 fortasse

156 3956 228 4004 quae
248 3941 340 3992 exstat
359 3938 454 3993 Conse.
473 3954 517 4007 ep.
531 3937 604 3999 VIII,
617 3938 656 3991 12.
686 3938 727 3992 Cf.
741 3934 744 3992 ι
756 3937 903 3991 librarium
921 3937 1014 3990 minus
1028 3937 1194 4007 diligentem
1208 3954 1242 3991 ae
1255 3937 1331 3992 Rom.

155 4023 239 4079 Clem.
266 4025 386 4094 Recogn.
418 4024 491 4088 VIII,
510 4024 632 4087 22—273
660 4024 729 4078 Con·
759 4026 857 4089 11‚33
885 4030 951 4078 ente
979 4023 1075 4078 oeulos
1103 4024 1256 4079 habentem
1284 4026 1331 4076 eut

154 4114 238 4164 stent.
267 4112 304 4164 M.
328 4111 378 4180 Ep.
407 4112 442 4165 ad
467 4111 592 4181 provinc.
621 4110 729 4166 Orient.
756 4131 853 4168 voc-em
865 4112 1016 4166 inseruisse
1029 4113 1079 4164 aut
1087 4111 1208 4180 κλίματα
1227 4112 1257 4165 in
1271 4126 1330 4163 eem

154 4199 229 4267 apud
248 4198 312 4252 Eue.
331 4197 387 4250 vie
408 4197 502 4252 const.
521 4198 555 4260 Π,
574 4198 616 4252 58.
756 4204 888 4253 mutasse.

189 4287 212 4339 5.
232 4285 363 4355 κρίματα]
392 4285 487 4338 Lectio
516 4284 630 4351 quidem
656 4283 729 4336 diffi·
791 4287 814 4339 6.
835 4286 877 4340 cf.
897 4286 941 4339 Ps.
959 4286 1007 4348 64,
1027 4286 1057 4347 8;
1088 4285 1156 4339 Gen.
1177 4291 1204 4350 1,
1224 4287 1254 4348 9;
1281 4281 1328 4337 Iob
