2834 5018
342 682 391 737 AD
410 682 756 740 PHILADELPHENSES
775 684 808 749 11,
829 686 913 750 1-v,
935 687 956 740 1.
1172 692 1236 756 267

59 862 234 935 doctrinam
267 862 322 926 ubi
354 866 459 926 autem
491 867 602 947 pastor
635 869 700 942 est,
734 866 843 930 eodem
875 870 912 930 ut
943 888 1018 932 oves
1051 866 1236 950 sequamini.

58 969 88 1031 2.
114 967 210 1031 Multi
225 967 308 1030 euim
323 966 402 1050 lupi,
426 968 487 1032 fide
511 969 601 1053 digni
615 969 726 1047 habiti,
749 970 935 1053 perniciosis
950 970 1167 1055 voluptatibus
1184 993 1237 1036 eos

59 1073 198 1156 capiunt,
224 1072 278 1156 qui
302 1071 342 1136 ed
364 1072 457 1136 deum
481 1077 627 1147 currunt;
651 1073 706 1138 sed
728 1074 762 1138 in
783 1079 888 1139 vestra
910 1074 1078 1139 concordie
1099 1097 1163 1139 non
1177 1075 1238 1140 ha·

59 1177 180 1241 bebunt
202 1176 315 1240 locum.

146 1280 202 1344 ΙΠ.
228 1280 397 1345 Abstinete
428 1281 468 1346 ab
500 1280 608 1346 herbis
637 1281 756 1358 noxiis,
789 1304 868 1366 quas
890 1282 978 1348 Iesus
1001 1282 1145 1348 Christus
1174 1303 1265 1348 nono

59 1386 154 1463 colit,
187 1387 262 1471 quia
283 1407 347 1450 non
371 1390 446 1448 sunt
467 1385 623 1468 plantatio
646 1387 764 1470 petris:
795 1410 859 1453 non
883 1389 966 1472 quod
998 1389 1083 1471 apud
1111 1409 1166 1453 vos
1189 1388 1238 1452 di·

57 1491 211 1554 visionem
241 1489 429 1566 invenerim,
463 1491 519 1554 sed
550 1490 729 1574 puritatem.
777 1493 806 1555 2.
832 1491 996 1577 Quotquot
1028 1494 1112 1557 enim
1134 1493 1185 1557 dei
1207 1497 1239 1557 et

57 1593 131 1658 Iesu
155 1593 272 1658 Christi
295 1599 378 1670 sunt,
402 1593 436 1656 hi
459 1597 534 1657 sunt
557 1616 627 1659 cum
651 1596 814 1680 episcopm
840 1601 872 1661 et
894 1601 1050 1681 quotquot
1072 1598 1239 1682 poeniten·

58 1699 104 1763 tia
128 1698 213 1762 ducti
242 1698 391 1763 redierint
422 1699 462 1763 nd
490 1698 647 1763 unitatem
670 1700 836 1778 ecclesiae,
869 1706 901 1766 et
923 1702 957 1765 hi
988 1703 1037 1766 dei
1060 1707 1171 1779 erunt,
1203 1708 1240 1766 ut

58 1804 232 1868 secundum
254 1803 359 1868 lesum
383 1801 544 1869 Christum
566 1804 691 1868 vivant·
730 1805 760 1868 3.
784 1810 836 1870 Ne
859 1814 997 1887 erretis,
1020 1806 1134 1871 fratres
1157 1807 1237 1872 mei:
1253 1827 1278 1865 ro

58 1908 86 1972 si
110 1907 180 1992 quis
204 1907 342 1972 schisma
371 1908 539 1973 facientem
569 1913 726 1988 sectatur,
759 1918 855 1991 repet
886 1913 990 1975 dicim
1021 1914 1239 1976 hereditatem

58 2034 125 2078 non
148 2019 379 2094 commonitum
401 2013 428 2077 si
452 2013 522 2097 quis
546 2013 691 2078 ambulat
711 2015 745 2078 in
769 2015 873 2080 aliena
893 2014 1043 2092 doctrina,
1068 2035 1140 2078 cum
1162 2037 1238 2098 pas·

59 2118 148 2182 sione
170 2139 234 2180 non
256 2117 477 2181 communicat.

149 2221 204 2285 IV.
230 2220 392 2286 Studeatis
413 2222 512 2306 igitur
535 2245 599 2287 une
621 2223 814 2288 eucharistia
829 2224 894 2297 nti3
917 2245 981 2287 una
997 2223 1079 2287 enim
1102 2226 1151 2287 est
1165 2242 1238 2286 caro

58 2326 179 2391 domini
201 2326 302 2390 nostri
325 2325 396 2390 Iesu
419 2326 538 2392 Christi
569 2332 601 2392 et
622 2350 703 2392 unus
727 2328 810 2393 culix
838 2329 871 2392 in
893 2329 1048 2392 unitatem
1074 2328 1239 2412 sanguinis
1252 2348 1277 2386 ιι

58 2431 178 2515 ipsius,
211 2453 309 2495 unum
333 2431 448 2509 altare,
480 2432 562 2496 sicut
584 2455 665 2497 unus
688 2432 856 2516 episcopus
885 2453 956 2496 cum
984 2432 1183 2516 presbyterio
1206 2437 1239 2497 et

59 2535 218 2612 diaconis,
252 2536 410 2600 conservis
432 2537 527 2613 meis3
561 2541 615 2614 nt,
652 2539 736 2621 quod
768 2537 909 2614 faciatis,
945 2537 1117 2601 secundum
1146 2537 1239 2602 deum

59 2641 197 2705 faciatis.

146 2745 185 2809 V.
210 2744 338 2810 Fratres
354 2747 426 2823 mei,
450 2747 541 2811 valde
558 2747 676 2812 effusus
692 2769 762 2811 sum
777 2747 810 2810 in
826 2767 965 2810 amorem
979 2746 1076 2811 vestri
1099 2750 1131 2810 et
1145 2745 1238 2811 valde

58 2851 197 2914 laetatus
219 2851 335 2915 roboro
358 2873 435 2926 vos3
466 2874 531 2916 non
553 2872 612 2937 ego
635 2872 728 2928 vero,
762 2852 817 2915 sed
839 2850 927 2915 Iesus
951 2849 1113 2927 Christus,
1151 2851 1239 2915 cuius
1253 2868 1279 2908 πο

59 2954 166 3039 gratia
196 2955 321 3019 vinctus
353 2955 426 3039 plus
456 2955 568 3032 timeo,
594 2958 669 3040 quia
698 2958 838 3021 nondum
870 2978 940 3020 sum
967 2955 1151 3040 perfectus3
1185 2957 1241 3020 sed

59 3060 162 3124 oratio
186 3065 291 3124 vestra
314 3061 470 3125 addeum
492 3083 542 3125 me
564 3061 723 3145 perficiet,
747 3066 783 3125 ut
806 3065 890 3125 sorte
913 3081 971 3144 per
992 3060 1240 3125 misericordiam

60 3163 141 3227 mihi
164 3165 326 3248 assignate
357 3165 480 3248 potiar,
514 3164 703 3251 confugiens
726 3166 767 3229 ed
796 3165 996 3250 evangelium
1024 3168 1178 3248 tanquam
1201 3167 1240 3229 ad

133 3352 148 3404 6
167 3350 269 3405 Mutth.
291 3353 331 3414 15,
353 3353 392 3406 13.
411 3381 445 3391 -
468 3354 498 3407 11
518 3352 531 3404 1
550 3353 611 3406 Cor.
630 3353 654 3417 6,
675 3354 698 3408 9.
720 3352 760 3406 10.

95 3511 119 3564 3.
139 3509 235 3562 Iounn.
260 3507 339 3562 Dum.
366 3509 391 3562 S.
411 3509 440 3562 P.
459 3508 585 3576 Lequien
602 3508 637 3573 ΙΙ,
665 3508 768 3563 clesioe
785 3507 816 3561 in
834 3508 945 3563 unitate
963 3523 1059 3562 soorue
1077 3523 1191 3561 mensae
1210 3523 1240 3560 se

59 3598 125 3659 773;
153 3594 221 3648 Holl
238 3613 265 3664 p.
284 3597 326 3650 23.
354 3595 465 3666 Frugm.
494 3614 547 3665 syr.
574 3595 636 3650 Cur.
664 3594 849 3650 manifestere
858 3597 978 3664 oportet.
1015 3593 1183 3666 Εὐχαριστία
1197 3609 1240 3647 ce-

60 3683 120 3746 218,
139 3684 191 3737 249
218 3683 263 3752 (—
279 3683 468 3756 κληρονομεῖ).
495 3713 530 3724 -
558 3681 636 3741 ἄλλο·
664 3699 702 3736 na
719 3681 835 3736 Domini
855 3683 941 3737 etium
960 3698 1010 3736 as.
1030 3682 1138 3737 Iustino
1157 3680 1239 3751 Apol.

60 3770 136 3848 τρία]
165 3772 182 3826 i.
203 3788 225 3825 e.
255 3772 349 3824 alieno
377 3770 467 3825 afido
494 3770 637 3826 ecclesiae.
665 3769 685 3832 1,
704 3770 738 3823 66
756 3768 927 3824 nominetur.
954 3801 989 3809 —
1014 3772 1065 3839 μία
1088 3767 1142 3841 γὰρ
1160 3768 1238 3840 σάρξ]

59 3888 95 3896 -
112 3857 358 3930 συγκατατίθεται]
379 3856 503 3911 Verbum
521 3857 639 3912 denotat
666 3855 707 3910 Cf.
727 3858 739 3910 1
758 3857 820 3911 Cor.
841 3857 880 3921 10,
902 3857 1002 3912 1617.
1027 3886 1064 3896 -
1089 3852 1121 3912 ἓν
1145 3861 1240 3912 θυσια-

59 3960 118 3997 non
136 3943 226 3997 solum
246 3945 387 4011 αααααίή,
412 3944 580 4006 sedetiam,
606 3947 638 3998 ut
664 3943 787 4018 στήριον]
808 3945 877 3998 Cum
886 3944 1016 3996 Irenaeum
1026 3942 1095 3996 Λᾶν.
1106 3943 1180 3997 haer.
1192 3942 1239 4005 IV,

60 4030 296 4099 Lightfootrecte
309 4030 516 4094 animadvertit
531 4037 638 4099 partem
667 4031 707 4093 18,
727 4030 750 4092 6,
777 4029 811 4084 de
832 4028 1004 4084 eucharistia
1021 4044 1120 4099 agens,
1147 4027 1182 4083 de
1201 4029 1240 4082 el·

59 4119 155 4173 hahere
179 4118 224 4170 vel
249 4120 450 4173 communicare.
486 4118 513 4171 ΙΙ
531 4118 593 4173 Cor.
612 4118 637 4179 6,
664 4115 721 4171 tari
738 4116 926 4186 spiritualiter
937 4116 1079 4182 loquetur,
1092 4115 1241 4186 Lightfoot

62 4206 166 4260 15-16
184 4202 373 4275 conminuere,
390 4207 470 4276 μερὶς
489 4207 518 4258 et
537 4223 637 4276 συγκα-
666 4204 809 4272 Ignatium
844 4200 974 4256 similiter
1014 4201 1238 4273 intellegendum

60 4293 176 4359 τάθεσις
202 4293 341 4358 tanquam
373 4307 529 4358 synonyma
558 4307 636 4345 usur·
665 4306 725 4345 esse
753 4292 856 4343 censet.
898 4287 1038 4355 Equidem
1065 4305 1121 4344 non
1147 4288 1240 4353 video,

59 4382 172 4449 puntur.
193 4379 234 4434 cf.
253 4378 341 4432 Exod.
360 4379 402 4441 23,
423 4381 444 4432 1.
458 4376 507 4439 32;
526 4374 598 4431 Dun.
613 4379 635 4441 1,
666 4394 715 4432 our
742 4377 824 4446 pater
851 4375 884 4429 de
913 4373 1083 4429 eucharistia
1107 4377 1152 4429 vel
1171 4392 1242 4430 ceno

60 4465 109 4527 20;
129 4464 192 4518 Luc.
211 4466 253 4528 23,
272 4467 313 4520 51.
665 4463 779 4519 Domini
799 4465 886 4529 etque
904 4462 939 4516 de
959 4461 1043 4515 ultori
1063 4461 1159 4517 dicens
1183 4480 1241 4518 non

95 4553 143 4606 IV.
161 4557 212 4628 μιᾷ
229 4552 397 4630 εὐχαριστίᾳ]
418 4552 460 4607 Cf.
471 4551 541 4623 Eph.
552 4551 594 4616 20,
606 4553 638 4605 2:
665 4552 753 4607 etiem
776 4549 904 4605 tabulam
922 4566 1008 4605 cenue
1033 4549 1063 4603 in
1080 4553 1174 4606 mente
1191 4549 1240 4604 hu·

59 4636 109 4698 ἕνα
136 4635 225 4712 ἄρτον
250 4645 379 4708 κλῶπες.
422 4638 568 4694 Unitatem
596 4638 767 4706 ec·1buerit
