<?xml version="1.0" encoding="UTF-8"?>
<!DOCTYPE html PUBLIC "-//W3C//DTD XHTML 1.0 Transitional//EN"
    "http://www.w3.org/TR/xhtml1/DTD/xhtml1-transitional.dtd">
<html xmlns="http://www.w3.org/1999/xhtml" xml:lang="en" lang="en">
 <head>
  <title>
</title>
<meta http-equiv="Content-Type" content="text/html;charset=utf-8" />
  <meta name='ocr-system' content='tesseract 3.04.00' />
  <meta name='ocr-capabilities' content='ocr_page ocr_carea ocr_par ocr_line ocrx_word'/>
</head>
<body>
  <div class='ocr_page' id='page_1' title='image "./patresapostolic00piongoog_0714.png"; bbox 0 0 2834 5018; ppageno 0'>
   <div class='ocr_carea' id='block_1_1' title="bbox 601 0 1348 4">
    <p class='ocr_par' dir='ltr' id='par_1_1' title="bbox 601 0 1348 4">
     <span class='ocr_line' id='line_1_1' title="bbox 601 0 1348 4; baseline 0 0"><span class='ocrx_word' id='word_1_1' title='bbox 601 0 1348 4; x_wconf 95' lang='lat' dir='ltr'> </span> 
     </span>
    </p>
   </div>
   <div class='ocr_carea' id='block_1_2' title="bbox 477 698 1245 769">
    <p class='ocr_par' dir='ltr' id='par_1_2' title="bbox 477 698 1245 769">
     <span class='ocr_line' id='line_1_2' title="bbox 477 698 1245 769; baseline 0.021 -16"><span class='ocrx_word' id='word_1_2' title='bbox 477 698 545 753; x_wconf 85' lang='lat' dir='ltr'>SIM.</span> <span class='ocrx_word' id='word_1_3' title='bbox 564 699 611 763; x_wconf 88' lang='lat' dir='ltr'>VI,</span> <span class='ocrx_word' id='word_1_4' title='bbox 630 699 654 763; x_wconf 86' lang='lat'>5,</span> <span class='ocrx_word' id='word_1_5' title='bbox 672 699 736 751; x_wconf 85' lang='lat'>4-</span> <span class='ocrx_word' id='word_1_6' title='bbox 747 699 807 763; x_wconf 89' lang='lat' dir='ltr'>VII,</span> <span class='ocrx_word' id='word_1_7' title='bbox 820 699 843 754; x_wconf 83' lang='lat'>3.</span> <span class='ocrx_word' id='word_1_8' title='bbox 1182 705 1245 769; x_wconf 84' lang='lat'>553</span> 
     </span>
    </p>
   </div>
   <div class='ocr_carea' id='block_1_3' title="bbox 64 873 1282 2420">
    <p class='ocr_par' dir='ltr' id='par_1_3' title="bbox 64 873 1282 2420">
     <span class='ocr_line' id='line_1_3' title="bbox 69 873 1244 962; baseline 0.004 -24"><span class='ocrx_word' id='word_1_9' title='bbox 69 874 127 958; x_wconf 90' lang='lat' dir='ltr'>qui</span> <span class='ocrx_word' id='word_1_10' title='bbox 149 873 292 939; x_wconf 84' lang='lat' dir='ltr'>luxuriae</span> <span class='ocrx_word' id='word_1_11' title='bbox 315 897 352 939; x_wconf 88' lang='lat' dir='ltr'>ac</span> <span class='ocrx_word' id='word_1_12' title='bbox 374 876 531 960; x_wconf 90' lang='lat' dir='ltr'>voluptati</span> <span class='ocrx_word' id='word_1_13' title='bbox 554 899 587 942; x_wconf 91' lang='lat' dir='ltr'>se</span> <span class='ocrx_word' id='word_1_14' title='bbox 610 878 715 955; x_wconf 79' lang='lat' dir='ltr'>dedit,</span> <span class='ocrx_word' id='word_1_15' title='bbox 740 879 785 943; x_wconf 88' lang='lat' dir='ltr'>sic</span> <span class='ocrx_word' id='word_1_16' title='bbox 815 879 987 955; x_wconf 71' lang='lat' dir='ltr'>cruciatur,</span> <span class='ocrx_word' id='word_1_17' title='bbox 1013 879 1161 962; x_wconf 91' lang='lat' dir='ltr'>quoniam</span> <span class='ocrx_word' id='word_1_18' title='bbox 1184 879 1244 944; x_wconf 93' lang='lat' dir='ltr'>ha-</span> 
     </span>
     <span class='ocr_line' id='line_1_4' title="bbox 66 980 1243 1067; baseline 0.003 -23"><span class='ocrx_word' id='word_1_19' title='bbox 66 982 180 1044; x_wconf 87' lang='lat' dir='ltr'>bentes</span> <span class='ocrx_word' id='word_1_20' title='bbox 202 980 301 1045; x_wconf 91' lang='lat' dir='ltr'>vitam</span> <span class='ocrx_word' id='word_1_21' title='bbox 324 981 420 1045; x_wconf 89' lang='lat' dir='ltr'>morti</span> <span class='ocrx_word' id='word_1_22' title='bbox 435 1002 503 1045; x_wconf 90' lang='lat' dir='ltr'>sese</span> <span class='ocrx_word' id='word_1_23' title='bbox 518 983 725 1048; x_wconf 87' lang='lat' dir='ltr'>tradiderunt.</span> <span class='ocrx_word' id='word_1_24' title='bbox 772 986 801 1048; x_wconf 85' lang='lat'>5.</span> <span class='ocrx_word' id='word_1_25' title='bbox 826 983 923 1061; x_wconf 79' lang='lat' dir='ltr'>Quae,</span> <span class='ocrx_word' id='word_1_26' title='bbox 945 983 1086 1067; x_wconf 82' lang='lat' dir='ltr'>inquam,</span> <span class='ocrx_word' id='word_1_27' title='bbox 1110 985 1243 1061; x_wconf 83' lang='lat' dir='ltr'>domine,</span> 
     </span>
     <span class='ocr_line' id='line_1_5' title="bbox 66 1085 1245 1173; baseline 0.004 -26"><span class='ocrx_word' id='word_1_28' title='bbox 66 1085 251 1167; x_wconf 89' lang='lat' dir='ltr'>voluptates</span> <span class='ocrx_word' id='word_1_29' title='bbox 272 1090 347 1149; x_wconf 89' lang='lat' dir='ltr'>sunt</span> <span class='ocrx_word' id='word_1_30' title='bbox 379 1086 535 1151; x_wconf 78' lang='lat' dir='ltr'>nocivae?</span> <span class='ocrx_word' id='word_1_31' title='bbox 581 1087 704 1165; x_wconf 78' lang='lat' dir='ltr'>Omnis,</span> <span class='ocrx_word' id='word_1_32' title='bbox 739 1089 857 1173; x_wconf 77' lang='lat' dir='ltr'>inquit,</span> <span class='ocrx_word' id='word_1_33' title='bbox 894 1092 982 1152; x_wconf 89' lang='lat' dir='ltr'>actus</span> <span class='ocrx_word' id='word_1_34' title='bbox 1016 1087 1162 1171; x_wconf 91' lang='lat' dir='ltr'>voluptas</span> <span class='ocrx_word' id='word_1_35' title='bbox 1196 1091 1245 1152; x_wconf 91' lang='lat' dir='ltr'>est</span> 
     </span>
     <span class='ocr_line' id='line_1_6' title="bbox 66 1189 1244 1273; baseline 0.003 -21"><span class='ocrx_word' id='word_1_36' title='bbox 66 1189 198 1266; x_wconf 80' lang='lat' dir='ltr'>homini,</span> <span class='ocrx_word' id='word_1_37' title='bbox 224 1212 317 1273; x_wconf 91' lang='lat' dir='ltr'>quem</span> <span class='ocrx_word' id='word_1_38' title='bbox 339 1189 474 1255; x_wconf 80' lang='lat' dir='ltr'>libenter</span> <span class='ocrx_word' id='word_1_39' title='bbox 497 1191 591 1267; x_wconf 87' lang='lat' dir='ltr'>facit;</span> <span class='ocrx_word' id='word_1_40' title='bbox 615 1193 731 1257; x_wconf 79' lang='lat' dir='ltr'>etenim</span> <span class='ocrx_word' id='word_1_41' title='bbox 762 1193 932 1258; x_wconf 91' lang='lat' dir='ltr'>iracundus</span> <span class='ocrx_word' id='word_1_42' title='bbox 960 1192 1120 1257; x_wconf 88' lang='lat' dir='ltr'>affectioni</span> <span class='ocrx_word' id='word_1_43' title='bbox 1147 1192 1244 1256; x_wconf 91' lang='lat' dir='ltr'>animi</span> 
     </span>
     <span class='ocr_line' id='line_1_7' title="bbox 68 1294 1269 1371; baseline 0.002 -14"><span class='ocrx_word' id='word_1_44' title='bbox 68 1295 118 1357; x_wconf 89' lang='lat' dir='ltr'>sui</span> <span class='ocrx_word' id='word_1_45' title='bbox 141 1294 340 1359; x_wconf 77' lang='lat' dir='ltr'>satisfaciens</span> <span class='ocrx_word' id='word_1_46' title='bbox 363 1295 559 1371; x_wconf 66' lang='lat' dir='ltr'>luxuriatum</span> <span class='ocrx_word' id='word_1_47' title='bbox 590 1302 622 1360; x_wconf 90' lang='lat' dir='ltr'>et</span> <span class='ocrx_word' id='word_1_48' title='bbox 644 1298 769 1362; x_wconf 76' lang='lat' dir='ltr'>adulter</span> <span class='ocrx_word' id='word_1_49' title='bbox 791 1304 824 1361; x_wconf 91' lang='lat' dir='ltr'>et</span> <span class='ocrx_word' id='word_1_50' title='bbox 846 1297 952 1362; x_wconf 87' lang='lat' dir='ltr'>ebrius</span> <span class='ocrx_word' id='word_1_51' title='bbox 976 1302 1008 1362; x_wconf 90' lang='lat' dir='ltr'>et</span> <span class='ocrx_word' id='word_1_52' title='bbox 1030 1298 1190 1361; x_wconf 86' lang='lat' dir='ltr'>detractor</span> <span class='ocrx_word' id='word_1_53' title='bbox 1212 1300 1269 1361; x_wconf 82' lang='lat' dir='ltr'>et⁶</span> 
     </span>
     <span class='ocr_line' id='line_1_8' title="bbox 66 1399 1243 1485; baseline 0.003 -24"><span class='ocrx_word' id='word_1_54' title='bbox 66 1399 203 1462; x_wconf 85' lang='lat' dir='ltr'>mendax</span> <span class='ocrx_word' id='word_1_55' title='bbox 226 1403 258 1462; x_wconf 91' lang='lat' dir='ltr'>et</span> <span class='ocrx_word' id='word_1_56' title='bbox 280 1422 394 1464; x_wconf 89' lang='lat' dir='ltr'>avarus</span> <span class='ocrx_word' id='word_1_57' title='bbox 417 1406 448 1465; x_wconf 85' lang='lat' dir='ltr'>et</span> <span class='ocrx_word' id='word_1_58' title='bbox 470 1400 634 1466; x_wconf 84' lang='lat' dir='ltr'>fraudator</span> <span class='ocrx_word' id='word_1_59' title='bbox 649 1407 681 1466; x_wconf 90' lang='lat' dir='ltr'>et</span> <span class='ocrx_word' id='word_1_60' title='bbox 697 1403 751 1485; x_wconf 94' lang='lat' dir='ltr'>qui</span> <span class='ocrx_word' id='word_1_61' title='bbox 769 1402 819 1466; x_wconf 88' lang='lat' dir='ltr'>his</span> <span class='ocrx_word' id='word_1_62' title='bbox 836 1402 951 1466; x_wconf 89' lang='lat' dir='ltr'>similia</span> <span class='ocrx_word' id='word_1_63' title='bbox 966 1401 1044 1466; x_wconf 84' lang='lat' dir='ltr'>facit</span> <span class='ocrx_word' id='word_1_64' title='bbox 1059 1423 1116 1465; x_wconf 87' lang='lat' dir='ltr'>suo</span> <span class='ocrx_word' id='word_1_65' title='bbox 1132 1403 1243 1466; x_wconf 91' lang='lat' dir='ltr'>morbo</span> 
     </span>
     <span class='ocr_line' id='line_1_9' title="bbox 67 1503 1243 1590; baseline 0.003 -25"><span class='ocrx_word' id='word_1_66' title='bbox 67 1503 243 1579; x_wconf 89' lang='lat' dir='ltr'>satisfacit;</span> <span class='ocrx_word' id='word_1_67' title='bbox 267 1504 447 1569; x_wconf 88' lang='lat' dir='ltr'>luxuriatur</span> <span class='ocrx_word' id='word_1_68' title='bbox 469 1505 571 1590; x_wconf 87' lang='lat' dir='ltr'>igitur</span> <span class='ocrx_word' id='word_1_69' title='bbox 591 1507 625 1570; x_wconf 93' lang='lat' dir='ltr'>in</span> <span class='ocrx_word' id='word_1_70' title='bbox 648 1513 721 1572; x_wconf 85' lang='lat' dir='ltr'>actu</span> <span class='ocrx_word' id='word_1_71' title='bbox 744 1529 809 1571; x_wconf 92' lang='lat' dir='ltr'>suo.</span> <span class='ocrx_word' id='word_1_72' title='bbox 857 1508 887 1571; x_wconf 87' lang='grc'>6.</span> <span class='ocrx_word' id='word_1_73' title='bbox 912 1506 983 1571; x_wconf 91' lang='lat' dir='ltr'>Hae</span> <span class='ocrx_word' id='word_1_74' title='bbox 1006 1527 1114 1570; x_wconf 89' lang='lat' dir='ltr'>omnes</span> <span class='ocrx_word' id='word_1_75' title='bbox 1148 1505 1243 1570; x_wconf 87' lang='lat' dir='ltr'>luxu-</span> 
     </span>
     <span class='ocr_line' id='line_1_10' title="bbox 67 1607 1243 1694; baseline 0.005 -25"><span class='ocrx_word' id='word_1_76' title='bbox 67 1607 133 1670; x_wconf 86' lang='lat' dir='ltr'>riae</span> <span class='ocrx_word' id='word_1_77' title='bbox 155 1608 284 1672; x_wconf 85' lang='lat' dir='ltr'>nocivae</span> <span class='ocrx_word' id='word_1_78' title='bbox 307 1615 382 1673; x_wconf 88' lang='lat' dir='ltr'>sunt</span> <span class='ocrx_word' id='word_1_79' title='bbox 404 1610 502 1673; x_wconf 89' lang='lat' dir='ltr'>servis</span> <span class='ocrx_word' id='word_1_80' title='bbox 526 1611 584 1675; x_wconf 95' lang='lat' dir='ltr'>dei.</span> <span class='ocrx_word' id='word_1_81' title='bbox 631 1610 767 1694; x_wconf 77' lang='lat' dir='ltr'>Propter</span> <span class='ocrx_word' id='word_1_82' title='bbox 789 1612 847 1676; x_wconf 88' lang='lat' dir='ltr'>has</span> <span class='ocrx_word' id='word_1_83' title='bbox 877 1630 953 1694; x_wconf 89' lang='lat' dir='ltr'>ergo</span> <span class='ocrx_word' id='word_1_84' title='bbox 981 1610 1161 1693; x_wconf 88' lang='lat' dir='ltr'>voluptates</span> <span class='ocrx_word' id='word_1_85' title='bbox 1184 1633 1243 1694; x_wconf 90' lang='lat' dir='ltr'>pa·</span> 
     </span>
     <span class='ocr_line' id='line_1_11' title="bbox 66 1713 1243 1798; baseline 0.003 -23"><span class='ocrx_word' id='word_1_86' title='bbox 66 1713 204 1790; x_wconf 73' lang='lat' dir='ltr'>fiuntur,</span> <span class='ocrx_word' id='word_1_87' title='bbox 242 1714 294 1797; x_wconf 91' lang='lat' dir='ltr'>qui</span> <span class='ocrx_word' id='word_1_88' title='bbox 323 1715 497 1798; x_wconf 87' lang='lat' dir='ltr'>puniuntur</span> <span class='ocrx_word' id='word_1_89' title='bbox 529 1737 566 1779; x_wconf 90' lang='lat' dir='ltr'>ac</span> <span class='ocrx_word' id='word_1_90' title='bbox 597 1716 784 1779; x_wconf 86' lang='lat' dir='ltr'>cruciantur.</span> <span class='ocrx_word' id='word_1_91' title='bbox 832 1716 860 1779; x_wconf 80' lang='lat'>7.</span> <span class='ocrx_word' id='word_1_92' title='bbox 886 1714 967 1780; x_wconf 86' lang='lat' dir='ltr'>Sunt</span> <span class='ocrx_word' id='word_1_93' title='bbox 999 1718 1105 1779; x_wconf 90' lang='lat' dir='ltr'>autem</span> <span class='ocrx_word' id='word_1_94' title='bbox 1133 1719 1164 1779; x_wconf 94' lang='lat' dir='ltr'>et</span> <span class='ocrx_word' id='word_1_95' title='bbox 1186 1737 1243 1779; x_wconf 90' lang='lat' dir='ltr'>vo·</span> 
     </span>
     <span class='ocr_line' id='line_1_12' title="bbox 66 1816 1282 1903; baseline 0.004 -24"><span class='ocrx_word' id='word_1_96' title='bbox 66 1816 215 1899; x_wconf 76' lang='lat' dir='ltr'>luptates</span> <span class='ocrx_word' id='word_1_97' title='bbox 241 1840 321 1901; x_wconf 88' lang='lat' dir='ltr'>quae</span> <span class='ocrx_word' id='word_1_98' title='bbox 349 1818 472 1882; x_wconf 87' lang='lat' dir='ltr'>salvent</span> <span class='ocrx_word' id='word_1_99' title='bbox 493 1818 654 1892; x_wconf 79' lang='lat' dir='ltr'>homines3</span> <span class='ocrx_word' id='word_1_100' title='bbox 687 1819 781 1883; x_wconf 90' lang='lat' dir='ltr'>multi</span> <span class='ocrx_word' id='word_1_101' title='bbox 810 1819 893 1883; x_wconf 91' lang='lat' dir='ltr'>enim</span> <span class='ocrx_word' id='word_1_102' title='bbox 923 1819 1041 1883; x_wconf 89' lang='lat' dir='ltr'>bonum</span> <span class='ocrx_word' id='word_1_103' title='bbox 1074 1824 1242 1903; x_wconf 89' lang='lat' dir='ltr'>operantes</span> <span class='ocrx_word' id='word_1_104' title='bbox 1257 1838 1282 1876; x_wconf 85' lang='lat'>1⁰</span> 
     </span>
     <span class='ocr_line' id='line_1_13' title="bbox 65 1921 1242 2007; baseline 0.004 -24"><span class='ocrx_word' id='word_1_105' title='bbox 65 1921 245 2004; x_wconf 88' lang='lat' dir='ltr'>percipiunt</span> <span class='ocrx_word' id='word_1_106' title='bbox 267 1921 465 2005; x_wconf 89' lang='lat' dir='ltr'>voluptatem</span> <span class='ocrx_word' id='word_1_107' title='bbox 488 1945 546 1987; x_wconf 93' lang='lat' dir='ltr'>sua</span> <span class='ocrx_word' id='word_1_108' title='bbox 568 1923 732 1988; x_wconf 89' lang='lat' dir='ltr'>dulcedine</span> <span class='ocrx_word' id='word_1_109' title='bbox 755 1924 850 1989; x_wconf 86' lang='lat' dir='ltr'>ducti.</span> <span class='ocrx_word' id='word_1_110' title='bbox 898 1922 986 1987; x_wconf 87' lang='lat' dir='ltr'>Haec</span> <span class='ocrx_word' id='word_1_111' title='bbox 1011 1924 1111 2007; x_wconf 87' lang='lat' dir='ltr'>igitur</span> <span class='ocrx_word' id='word_1_112' title='bbox 1125 1923 1242 2006; x_wconf 91' lang='lat' dir='ltr'>volup-</span> 
     </span>
     <span class='ocr_line' id='line_1_14' title="bbox 66 2025 1242 2111; baseline 0.003 -23"><span class='ocrx_word' id='word_1_113' title='bbox 66 2029 116 2088; x_wconf 85' lang='lat' dir='ltr'>tas</span> <span class='ocrx_word' id='word_1_114' title='bbox 139 2025 228 2089; x_wconf 90' lang='lat' dir='ltr'>utilis</span> <span class='ocrx_word' id='word_1_115' title='bbox 260 2032 308 2091; x_wconf 91' lang='lat' dir='ltr'>est</span> <span class='ocrx_word' id='word_1_116' title='bbox 336 2027 434 2091; x_wconf 88' lang='lat' dir='ltr'>servis</span> <span class='ocrx_word' id='word_1_117' title='bbox 457 2028 508 2091; x_wconf 88' lang='lat' dir='ltr'>dei</span> <span class='ocrx_word' id='word_1_118' title='bbox 531 2033 563 2091; x_wconf 91' lang='lat' dir='ltr'>et</span> <span class='ocrx_word' id='word_1_119' title='bbox 583 2028 681 2092; x_wconf 85' lang='lat' dir='ltr'>vitam</span> <span class='ocrx_word' id='word_1_120' title='bbox 703 2033 796 2111; x_wconf 88' lang='lat' dir='ltr'>parat</span> <span class='ocrx_word' id='word_1_121' title='bbox 818 2028 938 2092; x_wconf 90' lang='lat' dir='ltr'>homini</span> <span class='ocrx_word' id='word_1_122' title='bbox 961 2029 1130 2102; x_wconf 73' lang='lat' dir='ltr'>eiusmodi3</span> <span class='ocrx_word' id='word_1_123' title='bbox 1152 2029 1242 2092; x_wconf 92' lang='lat' dir='ltr'>noci-</span> 
     </span>
     <span class='ocr_line' id='line_1_15' title="bbox 64 2131 1242 2215; baseline 0.001 -23"><span class='ocrx_word' id='word_1_124' title='bbox 64 2151 123 2193; x_wconf 89' lang='lat' dir='ltr'>vae</span> <span class='ocrx_word' id='word_1_125' title='bbox 146 2151 219 2194; x_wconf 90' lang='lat' dir='ltr'>vero</span> <span class='ocrx_word' id='word_1_126' title='bbox 241 2131 421 2214; x_wconf 85' lang='lat' dir='ltr'>voluptates</span> <span class='ocrx_word' id='word_1_127' title='bbox 443 2132 623 2215; x_wconf 87' lang='lat' dir='ltr'>praedictae</span> <span class='ocrx_word' id='word_1_128' title='bbox 646 2137 804 2196; x_wconf 89' lang='lat' dir='ltr'>tormenta</span> <span class='ocrx_word' id='word_1_129' title='bbox 827 2153 864 2196; x_wconf 86' lang='lat' dir='ltr'>ac</span> <span class='ocrx_word' id='word_1_130' title='bbox 886 2153 1004 2214; x_wconf 89' lang='lat' dir='ltr'>poenas</span> <span class='ocrx_word' id='word_1_131' title='bbox 1033 2132 1072 2196; x_wconf 89' lang='lat' dir='ltr'>iis</span> <span class='ocrx_word' id='word_1_132' title='bbox 1095 2131 1242 2215; x_wconf 87' lang='lat' dir='ltr'>pariunt;</span> 
     </span>
     <span class='ocr_line' id='line_1_16' title="bbox 65 2234 1242 2319; baseline 0.003 -23"><span class='ocrx_word' id='word_1_133' title='bbox 65 2234 113 2296; x_wconf 91' lang='lat' dir='ltr'>sin</span> <span class='ocrx_word' id='word_1_134' title='bbox 138 2238 243 2297; x_wconf 89' lang='lat' dir='ltr'>autem</span> <span class='ocrx_word' id='word_1_135' title='bbox 265 2235 495 2317; x_wconf 89' lang='lat' dir='ltr'>permanserint</span> <span class='ocrx_word' id='word_1_136' title='bbox 517 2256 575 2299; x_wconf 91' lang='lat' dir='ltr'>nec</span> <span class='ocrx_word' id='word_1_137' title='bbox 598 2236 825 2319; x_wconf 85' lang='lat' dir='ltr'>paenitentiam</span> <span class='ocrx_word' id='word_1_138' title='bbox 848 2235 988 2319; x_wconf 73' lang='lat' dir='ltr'>egerint,</span> <span class='ocrx_word' id='word_1_139' title='bbox 1022 2240 1157 2299; x_wconf 89' lang='lat' dir='ltr'>mortem</span> <span class='ocrx_word' id='word_1_140' title='bbox 1180 2235 1242 2300; x_wconf 93' lang='lat' dir='ltr'>sibi</span> 
     </span>
     <span class='ocr_line' id='line_1_17' title="bbox 65 2337 1280 2420; baseline 0.002 -19"><span class='ocrx_word' id='word_1_141' title='bbox 65 2337 245 2420; x_wconf 87' lang='lat' dir='ltr'>adquirunt.</span> <span class='ocrx_word' id='word_1_142' title='bbox 1256 2354 1280 2391; x_wconf 76' lang='lat'>1⁶</span> 
     </span>
    </p>
   </div>
   <div class='ocr_carea' id='block_1_4' title="bbox 518 2512 793 2578">
    <p class='ocr_par' dir='ltr' id='par_1_4' title="bbox 518 2512 793 2578">
     <span class='ocr_line' id='line_1_18' title="bbox 518 2512 793 2578; baseline -0.004 0"><span class='ocrx_word' id='word_1_143' title='bbox 518 2512 698 2578; x_wconf 90' lang='lat' dir='ltr'>Similitudo</span> <span class='ocrx_word' id='word_1_144' title='bbox 721 2512 793 2578; x_wconf 88' lang='lat' dir='ltr'>VH.</span> 
     </span>
    </p>
   </div>
   <div class='ocr_carea' id='block_1_5' title="bbox 60 2650 1278 4089">
    <p class='ocr_par' dir='ltr' id='par_1_5' title="bbox 60 2650 1278 4089">
     <span class='ocr_line' id='line_1_19' title="bbox 154 2650 1242 2735; baseline 0.003 -22"><span class='ocrx_word' id='word_1_145' title='bbox 154 2650 231 2715; x_wconf 92' lang='lat' dir='ltr'>Post</span> <span class='ocrx_word' id='word_1_146' title='bbox 253 2673 370 2733; x_wconf 87' lang='lat' dir='ltr'>paucos</span> <span class='ocrx_word' id='word_1_147' title='bbox 393 2652 459 2717; x_wconf 90' lang='lat' dir='ltr'>dies</span> <span class='ocrx_word' id='word_1_148' title='bbox 482 2654 547 2717; x_wconf 88' lang='lat' dir='ltr'>vidi</span> <span class='ocrx_word' id='word_1_149' title='bbox 569 2676 641 2719; x_wconf 92' lang='lat' dir='ltr'>eum</span> <span class='ocrx_word' id='word_1_150' title='bbox 662 2655 696 2718; x_wconf 92' lang='lat' dir='ltr'>in</span> <span class='ocrx_word' id='word_1_151' title='bbox 720 2655 828 2719; x_wconf 92' lang='lat' dir='ltr'>eodem</span> <span class='ocrx_word' id='word_1_152' title='bbox 852 2673 979 2735; x_wconf 77' lang='lat' dir='ltr'>campe,</span> <span class='ocrx_word' id='word_1_153' title='bbox 1002 2651 1035 2715; x_wconf 94' lang='lat' dir='ltr'>in</span> <span class='ocrx_word' id='word_1_154' title='bbox 1059 2672 1122 2734; x_wconf 90' lang='lat' dir='ltr'>quo</span> <span class='ocrx_word' id='word_1_155' title='bbox 1147 2651 1242 2716; x_wconf 90' lang='lat' dir='ltr'>etiam</span> 
     </span>
     <span class='ocr_line' id='line_1_20' title="bbox 64 2755 1240 2841; baseline 0.001 -23"><span class='ocrx_word' id='word_1_156' title='bbox 64 2760 209 2839; x_wconf 88' lang='lat' dir='ltr'>pastores</span> <span class='ocrx_word' id='word_1_157' title='bbox 232 2757 380 2834; x_wconf 78' lang='lat' dir='ltr'>videram,</span> <span class='ocrx_word' id='word_1_158' title='bbox 405 2762 437 2820; x_wconf 91' lang='lat' dir='ltr'>et</span> <span class='ocrx_word' id='word_1_159' title='bbox 459 2758 535 2822; x_wconf 92' lang='lat' dir='ltr'>dicit</span> <span class='ocrx_word' id='word_1_160' title='bbox 557 2758 649 2822; x_wconf 89' lang='lat' dir='ltr'>mihi:</span> <span class='ocrx_word' id='word_1_161' title='bbox 676 2757 758 2834; x_wconf 86' lang='lat' dir='ltr'>Quid</span> <span class='ocrx_word' id='word_1_162' title='bbox 775 2757 921 2841; x_wconf 77' lang='lat' dir='ltr'>quaeris?</span> <span class='ocrx_word' id='word_1_163' title='bbox 944 2755 1076 2833; x_wconf 79' lang='lat' dir='ltr'>Adsum,</span> <span class='ocrx_word' id='word_1_164' title='bbox 1102 2755 1240 2839; x_wconf 78' lang='lat' dir='ltr'>inquam,</span> 
     </span>
     <span class='ocr_line' id='line_1_21' title="bbox 64 2860 1240 2946; baseline 0.002 -24"><span class='ocrx_word' id='word_1_165' title='bbox 64 2860 206 2935; x_wconf 81' lang='lat' dir='ltr'>domine,</span> <span class='ocrx_word' id='word_1_166' title='bbox 237 2864 273 2924; x_wconf 93' lang='lat' dir='ltr'>ut</span> <span class='ocrx_word' id='word_1_167' title='bbox 302 2864 463 2944; x_wconf 88' lang='lat' dir='ltr'>pastorem</span> <span class='ocrx_word' id='word_1_168' title='bbox 496 2883 617 2946; x_wconf 86' lang='lat' dir='ltr'>poenae</span> <span class='ocrx_word' id='word_1_169' title='bbox 639 2862 857 2946; x_wconf 88' lang='lat' dir='ltr'>praepositum</span> <span class='ocrx_word' id='word_1_170' title='bbox 879 2861 989 2926; x_wconf 90' lang='lat' dir='ltr'>iubeas</span> <span class='ocrx_word' id='word_1_171' title='bbox 1013 2882 1030 2924; x_wconf 91' lang='lat' dir='ltr'>e</span> <span class='ocrx_word' id='word_1_172' title='bbox 1053 2860 1145 2923; x_wconf 90' lang='lat' dir='ltr'>domo</span> <span class='ocrx_word' id='word_1_173' title='bbox 1168 2881 1240 2924; x_wconf 88' lang='lat' dir='ltr'>mea</span> 
     </span>
     <span class='ocr_line' id='line_1_22' title="bbox 63 2963 1278 3049; baseline -0.003 -23"><span class='ocrx_word' id='word_1_174' title='bbox 63 2964 157 3040; x_wconf 78' lang='lat' dir='ltr'>exire,</span> <span class='ocrx_word' id='word_1_175' title='bbox 184 2964 258 3046; x_wconf 89' lang='lat' dir='ltr'>quia</span> <span class='ocrx_word' id='word_1_176' title='bbox 280 2963 481 3028; x_wconf 88' lang='lat' dir='ltr'>vehementer</span> <span class='ocrx_word' id='word_1_177' title='bbox 502 2987 552 3029; x_wconf 94' lang='lat' dir='ltr'>me</span> <span class='ocrx_word' id='word_1_178' title='bbox 576 2966 701 3049; x_wconf 87' lang='lat' dir='ltr'>affligit.</span> <span class='ocrx_word' id='word_1_179' title='bbox 749 2964 897 3049; x_wconf 78' lang='lat' dir='ltr'>Oportet,</span> <span class='ocrx_word' id='word_1_180' title='bbox 920 2965 1040 3048; x_wconf 78' lang='lat' dir='ltr'>inquit,</span> <span class='ocrx_word' id='word_1_181' title='bbox 1064 2969 1096 3027; x_wconf 87' lang='lat' dir='ltr'>te</span> <span class='ocrx_word' id='word_1_182' title='bbox 1119 2963 1238 3049; x_wconf 78' lang='lat' dir='ltr'>affligi3</span> <span class='ocrx_word' id='word_1_183' title='bbox 1253 2985 1278 3022; x_wconf 80' lang='lat' dir='ltr'>ao</span> 
     </span>
     <span class='ocr_line' id='line_1_23' title="bbox 63 3068 1239 3154; baseline 0.001 -22"><span class='ocrx_word' id='word_1_184' title='bbox 63 3069 108 3132; x_wconf 92' lang='lat' dir='ltr'>sic</span> <span class='ocrx_word' id='word_1_185' title='bbox 131 3068 223 3143; x_wconf 85' lang='lat' dir='ltr'>enim,</span> <span class='ocrx_word' id='word_1_186' title='bbox 247 3068 365 3152; x_wconf 82' lang='lat' dir='ltr'>inquit,</span> <span class='ocrx_word' id='word_1_187' title='bbox 400 3071 562 3153; x_wconf 87' lang='lat' dir='ltr'>praecepit</span> <span class='ocrx_word' id='word_1_188' title='bbox 585 3070 622 3133; x_wconf 91' lang='lat' dir='ltr'>de</span> <span class='ocrx_word' id='word_1_189' title='bbox 645 3074 677 3132; x_wconf 92' lang='lat' dir='ltr'>te</span> <span class='ocrx_word' id='word_1_190' title='bbox 701 3070 834 3154; x_wconf 83' lang='lat' dir='ltr'>angelus</span> <span class='ocrx_word' id='word_1_191' title='bbox 858 3068 1033 3153; x_wconf 65' lang='lat' dir='ltr'>gloriosum</span> <span class='ocrx_word' id='word_1_192' title='bbox 1062 3068 1132 3131; x_wconf 91' lang='lat' dir='ltr'>vult</span> <span class='ocrx_word' id='word_1_193' title='bbox 1155 3069 1239 3133; x_wconf 89' lang='lat' dir='ltr'>enim</span> 
     </span>
     <span class='ocr_line' id='line_1_24' title="bbox 63 3170 1239 3257; baseline 0.001 -22"><span class='ocrx_word' id='word_1_194' title='bbox 63 3176 95 3236; x_wconf 92' lang='lat' dir='ltr'>te</span> <span class='ocrx_word' id='word_1_195' title='bbox 117 3173 276 3254; x_wconf 90' lang='lat' dir='ltr'>temptari.</span> <span class='ocrx_word' id='word_1_196' title='bbox 323 3172 406 3249; x_wconf 85' lang='lat' dir='ltr'>Quid</span> <span class='ocrx_word' id='word_1_197' title='bbox 429 3173 520 3250; x_wconf 85' lang='lat' dir='ltr'>enim,</span> <span class='ocrx_word' id='word_1_198' title='bbox 537 3175 676 3257; x_wconf 71' lang='lat' dir='ltr'>inquam,</span> <span class='ocrx_word' id='word_1_199' title='bbox 701 3173 835 3250; x_wconf 80' lang='lat' dir='ltr'>domine,</span> <span class='ocrx_word' id='word_1_200' title='bbox 859 3177 926 3238; x_wconf 87' lang='lat' dir='ltr'>tam</span> <span class='ocrx_word' id='word_1_201' title='bbox 949 3172 1068 3257; x_wconf 83' lang='lat' dir='ltr'>grande</span> <span class='ocrx_word' id='word_1_202' title='bbox 1089 3170 1239 3236; x_wconf 89' lang='lat' dir='ltr'>delictum</span> 
     </span>
     <span class='ocr_line' id='line_1_25' title="bbox 62 3275 1240 3360; baseline -0.002 -21"><span class='ocrx_word' id='word_1_203' title='bbox 62 3276 191 3352; x_wconf 80' lang='lat' dir='ltr'>admisi,</span> <span class='ocrx_word' id='word_1_204' title='bbox 214 3281 251 3340; x_wconf 90' lang='lat' dir='ltr'>ut</span> <span class='ocrx_word' id='word_1_205' title='bbox 273 3276 347 3340; x_wconf 91' lang='lat' dir='ltr'>huic</span> <span class='ocrx_word' id='word_1_206' title='bbox 369 3276 483 3360; x_wconf 83' lang='lat' dir='ltr'>angelo</span> <span class='ocrx_word' id='word_1_207' title='bbox 506 3278 668 3341; x_wconf 78' lang='lat' dir='ltr'>traderer?</span> <span class='ocrx_word' id='word_1_208' title='bbox 714 3277 743 3339; x_wconf 83' lang='lat'>2.</span> <span class='ocrx_word' id='word_1_209' title='bbox 770 3275 863 3352; x_wconf 76' lang='lat' dir='ltr'>Audi,</span> <span class='ocrx_word' id='word_1_210' title='bbox 887 3277 1005 3360; x_wconf 86' lang='lat' dir='ltr'>inquit:</span> <span class='ocrx_word' id='word_1_211' title='bbox 1028 3280 1161 3359; x_wconf 87' lang='lat' dir='ltr'>peccata</span> <span class='ocrx_word' id='word_1_212' title='bbox 1183 3280 1240 3338; x_wconf 91' lang='lat' dir='ltr'>tua</span> 
     </span>
     <span class='ocr_line' id='line_1_26' title="bbox 64 3378 1237 3464; baseline -0.002 -21"><span class='ocrx_word' id='word_1_213' title='bbox 64 3381 190 3464; x_wconf 90' lang='lat' dir='ltr'>quidem</span> <span class='ocrx_word' id='word_1_214' title='bbox 212 3379 314 3443; x_wconf 88' lang='lat' dir='ltr'>multa</span> <span class='ocrx_word' id='word_1_215' title='bbox 336 3386 418 3457; x_wconf 75' lang='lat' dir='ltr'>sunt,</span> <span class='ocrx_word' id='word_1_216' title='bbox 444 3382 498 3445; x_wconf 90' lang='lat' dir='ltr'>sed</span> <span class='ocrx_word' id='word_1_217' title='bbox 520 3403 584 3445; x_wconf 90' lang='lat' dir='ltr'>non</span> <span class='ocrx_word' id='word_1_218' title='bbox 606 3385 673 3446; x_wconf 89' lang='lat' dir='ltr'>tam</span> <span class='ocrx_word' id='word_1_219' title='bbox 695 3381 805 3455; x_wconf 82' lang='lat' dir='ltr'>multa,</span> <span class='ocrx_word' id='word_1_220' title='bbox 830 3383 866 3443; x_wconf 90' lang='lat' dir='ltr'>ut</span> <span class='ocrx_word' id='word_1_221' title='bbox 888 3379 963 3443; x_wconf 92' lang='lat' dir='ltr'>huic</span> <span class='ocrx_word' id='word_1_222' title='bbox 986 3378 1100 3464; x_wconf 90' lang='lat' dir='ltr'>angelo</span> <span class='ocrx_word' id='word_1_223' title='bbox 1124 3378 1237 3442; x_wconf 87' lang='lat' dir='ltr'>debeas</span> 
     </span>
     <span class='ocr_line' id='line_1_27' title="bbox 60 3482 1278 3570; baseline -0.003 -22"><span class='ocrx_word' id='word_1_224' title='bbox 60 3485 162 3555; x_wconf 86' lang='lat' dir='ltr'>tradi;</span> <span class='ocrx_word' id='word_1_225' title='bbox 196 3484 252 3548; x_wconf 90' lang='lat' dir='ltr'>sed</span> <span class='ocrx_word' id='word_1_226' title='bbox 287 3485 396 3548; x_wconf 88' lang='lat' dir='ltr'>domus</span> <span class='ocrx_word' id='word_1_227' title='bbox 427 3491 483 3549; x_wconf 87' lang='lat' dir='ltr'>tua</span> <span class='ocrx_word' id='word_1_228' title='bbox 511 3507 642 3570; x_wconf 88' lang='lat' dir='ltr'>magnas</span> <span class='ocrx_word' id='word_1_229' title='bbox 665 3485 849 3570; x_wconf 89' lang='lat' dir='ltr'>iniquitates</span> <span class='ocrx_word' id='word_1_230' title='bbox 872 3488 904 3548; x_wconf 91' lang='lat' dir='ltr'>et</span> <span class='ocrx_word' id='word_1_231' title='bbox 927 3486 1058 3567; x_wconf 88' lang='lat' dir='ltr'>peccata</span> <span class='ocrx_word' id='word_1_232' title='bbox 1080 3482 1173 3559; x_wconf 87' lang='lat' dir='ltr'>fecit,</span> <span class='ocrx_word' id='word_1_233' title='bbox 1208 3487 1239 3546; x_wconf 88' lang='lat' dir='ltr'>et</span> <span class='ocrx_word' id='word_1_234' title='bbox 1253 3506 1278 3544; x_wconf 80' lang='lat' dir='ltr'>as</span> 
     </span>
     <span class='ocr_line' id='line_1_28' title="bbox 61 3588 1238 3674; baseline -0.002 -21"><span class='ocrx_word' id='word_1_235' title='bbox 61 3590 268 3653; x_wconf 80' lang='lat' dir='ltr'>exacerbatus</span> <span class='ocrx_word' id='word_1_236' title='bbox 291 3592 339 3652; x_wconf 89' lang='lat' dir='ltr'>est</span> <span class='ocrx_word' id='word_1_237' title='bbox 361 3588 517 3672; x_wconf 88' lang='lat' dir='ltr'>gloriosus</span> <span class='ocrx_word' id='word_1_238' title='bbox 538 3591 670 3674; x_wconf 83' lang='lat' dir='ltr'>angelus</span> <span class='ocrx_word' id='word_1_239' title='bbox 685 3595 816 3674; x_wconf 90' lang='lat' dir='ltr'>propter</span> <span class='ocrx_word' id='word_1_240' title='bbox 838 3610 936 3673; x_wconf 88' lang='lat' dir='ltr'>opera</span> <span class='ocrx_word' id='word_1_241' title='bbox 951 3609 1069 3663; x_wconf 85' lang='lat' dir='ltr'>eorum,</span> <span class='ocrx_word' id='word_1_242' title='bbox 1094 3590 1126 3650; x_wconf 92' lang='lat' dir='ltr'>et</span> <span class='ocrx_word' id='word_1_243' title='bbox 1140 3608 1238 3670; x_wconf 90' lang='lat' dir='ltr'>prop-</span> 
     </span>
     <span class='ocr_line' id='line_1_29' title="bbox 60 3691 1237 3779; baseline -0.004 -21"><span class='ocrx_word' id='word_1_244' title='bbox 60 3699 149 3758; x_wconf 90' lang='lat' dir='ltr'>terea</span> <span class='ocrx_word' id='word_1_245' title='bbox 170 3693 262 3756; x_wconf 88' lang='lat' dir='ltr'>iussit</span> <span class='ocrx_word' id='word_1_246' title='bbox 284 3697 316 3756; x_wconf 91' lang='lat' dir='ltr'>te</span> <span class='ocrx_word' id='word_1_247' title='bbox 333 3693 531 3776; x_wconf 89' lang='lat' dir='ltr'>aliquantum</span> <span class='ocrx_word' id='word_1_248' title='bbox 546 3696 698 3779; x_wconf 88' lang='lat' dir='ltr'>temporis</span> <span class='ocrx_word' id='word_1_249' title='bbox 721 3694 832 3778; x_wconf 83' lang='lat' dir='ltr'>affligi,</span> <span class='ocrx_word' id='word_1_250' title='bbox 856 3697 892 3758; x_wconf 93' lang='lat' dir='ltr'>ut</span> <span class='ocrx_word' id='word_1_251' title='bbox 915 3692 962 3756; x_wconf 92' lang='lat' dir='ltr'>illi</span> <span class='ocrx_word' id='word_1_252' title='bbox 978 3711 1103 3775; x_wconf 91' lang='lat' dir='ltr'>quoque</span> <span class='ocrx_word' id='word_1_253' title='bbox 1126 3691 1237 3774; x_wconf 90' lang='lat' dir='ltr'>paeni-</span> 
     </span>
     <span class='ocr_line' id='line_1_30' title="bbox 60 3795 1236 3881; baseline -0.003 -20"><span class='ocrx_word' id='word_1_254' title='bbox 60 3798 194 3862; x_wconf 86' lang='lat' dir='ltr'>tentiam</span> <span class='ocrx_word' id='word_1_255' title='bbox 217 3801 316 3881; x_wconf 88' lang='lat' dir='ltr'>agant</span> <span class='ocrx_word' id='word_1_256' title='bbox 337 3796 567 3881; x_wconf 87' lang='lat' dir='ltr'>purificentque</span> <span class='ocrx_word' id='word_1_257' title='bbox 591 3820 623 3862; x_wconf 87' lang='lat' dir='ltr'>se</span> <span class='ocrx_word' id='word_1_258' title='bbox 648 3800 688 3863; x_wconf 90' lang='lat' dir='ltr'>ab</span> <span class='ocrx_word' id='word_1_259' title='bbox 705 3798 791 3862; x_wconf 90' lang='lat' dir='ltr'>omni</span> <span class='ocrx_word' id='word_1_260' title='bbox 813 3796 967 3861; x_wconf 91' lang='lat' dir='ltr'>desiderio</span> <span class='ocrx_word' id='word_1_261' title='bbox 990 3795 1084 3860; x_wconf 89' lang='lat' dir='ltr'>huius</span> <span class='ocrx_word' id='word_1_262' title='bbox 1108 3795 1236 3859; x_wconf 89' lang='lat' dir='ltr'>saeculi.</span> 
     </span>
     <span class='ocr_line' id='line_1_31' title="bbox 60 3900 1234 3986; baseline -0.002 -22"><span class='ocrx_word' id='word_1_263' title='bbox 60 3900 140 3965; x_wconf 81' lang='lat' dir='ltr'>Cum</span> <span class='ocrx_word' id='word_1_264' title='bbox 162 3901 261 3984; x_wconf 90' lang='lat' dir='ltr'>igitur</span> <span class='ocrx_word' id='word_1_265' title='bbox 289 3900 517 3984; x_wconf 87' lang='lat' dir='ltr'>paenitentiam</span> <span class='ocrx_word' id='word_1_266' title='bbox 547 3902 670 3986; x_wconf 91' lang='lat' dir='ltr'>egerint</span> <span class='ocrx_word' id='word_1_267' title='bbox 693 3925 729 3966; x_wconf 92' lang='lat' dir='ltr'>ac</span> <span class='ocrx_word' id='word_1_268' title='bbox 751 3901 911 3986; x_wconf 86' lang='lat' dir='ltr'>purificati</span> <span class='ocrx_word' id='word_1_269' title='bbox 934 3901 1061 3976; x_wconf 83' lang='lat' dir='ltr'>fuerint,</span> <span class='ocrx_word' id='word_1_270' title='bbox 1085 3904 1161 3963; x_wconf 91' lang='lat' dir='ltr'>tunc</span> <span class='ocrx_word' id='word_1_271' title='bbox 1185 3921 1234 3962; x_wconf 92' lang='lat' dir='ltr'>re-</span> 
     </span>
     <span class='ocr_line' id='line_1_32' title="bbox 60 4002 1278 4089; baseline -0.003 -21"><span class='ocrx_word' id='word_1_272' title='bbox 60 4005 150 4068; x_wconf 85' lang='lat' dir='ltr'>cedet</span> <span class='ocrx_word' id='word_1_273' title='bbox 174 4028 192 4067; x_wconf 88' lang='lat' dir='ltr'>a</span> <span class='ocrx_word' id='word_1_274' title='bbox 214 4009 245 4068; x_wconf 89' lang='lat' dir='ltr'>te</span> <span class='ocrx_word' id='word_1_275' title='bbox 269 4004 401 4089; x_wconf 89' lang='lat' dir='ltr'>angelus</span> <span class='ocrx_word' id='word_1_276' title='bbox 423 4027 551 4088; x_wconf 90' lang='lat' dir='ltr'>poenae.</span> <span class='ocrx_word' id='word_1_277' title='bbox 598 4006 627 4068; x_wconf 85' lang='lat'>3.</span> <span class='ocrx_word' id='word_1_278' title='bbox 651 4005 732 4070; x_wconf 93' lang='lat' dir='ltr'>Dico</span> <span class='ocrx_word' id='word_1_279' title='bbox 755 4006 799 4068; x_wconf 89' lang='lat' dir='ltr'>ei:</span> <span class='ocrx_word' id='word_1_280' title='bbox 831 4003 985 4080; x_wconf 77' lang='lat' dir='ltr'>Domine,</span> <span class='ocrx_word' id='word_1_281' title='bbox 1018 4003 1047 4067; x_wconf 89' lang='lat' dir='ltr'>si</span> <span class='ocrx_word' id='word_1_282' title='bbox 1077 4002 1125 4066; x_wconf 95' lang='lat' dir='ltr'>illi</span> <span class='ocrx_word' id='word_1_283' title='bbox 1155 4002 1238 4065; x_wconf 87' lang='lat' dir='ltr'>eius-</span> <span class='ocrx_word' id='word_1_284' title='bbox 1253 4027 1278 4065; x_wconf 82' lang='lat' dir='ltr'>so</span> 
     </span>
    </p>
   </div>
   <div class='ocr_carea' id='block_1_6' title="bbox 57 4202 1238 4710">
    <p class='ocr_par' dir='ltr' id='par_1_6' title="bbox 57 4202 1238 4710">
     <span class='ocr_line' id='line_1_33' title="bbox 94 4202 1238 4291; baseline -0.003 -29"><span class='ocrx_word' id='word_1_285' title='bbox 94 4212 120 4269; x_wconf 82' lang='grc' dir='ltr'>ὅ,</span> <span class='ocrx_word' id='word_1_286' title='bbox 140 4211 163 4262; x_wconf 88' lang='grc'>5.</span> <span class='ocrx_word' id='word_1_287' title='bbox 184 4211 216 4266; x_wconf 85' lang='grc' dir='ltr'>τὸ</span> <span class='ocrx_word' id='word_1_288' title='bbox 234 4209 330 4267; x_wconf 67' lang='grc' dir='ltr'><em>ἱκανὸν</em></span> <span class='ocrx_word' id='word_1_289' title='bbox 355 4211 455 4280; x_wconf 79' lang='grc' dir='ltr'>ποιεῖν]</span> <span class='ocrx_word' id='word_1_290' title='bbox 484 4211 578 4266; x_wconf 84' lang='lat' dir='ltr'>Genus</span> <span class='ocrx_word' id='word_1_291' title='bbox 597 4211 652 4291; x_wconf 61' lang='lat' dir='ltr'>‹li-1</span> <span class='ocrx_word' id='word_1_292' title='bbox 700 4211 722 4263; x_wconf 87' lang='lat'>1.</span> <span class='ocrx_word' id='word_1_293' title='bbox 744 4209 760 4266; x_wconf 87' lang='grc' dir='ltr'>ὁ</span> <span class='ocrx_word' id='word_1_294' title='bbox 779 4205 889 4278; x_wconf 79' lang='grc' dir='ltr'><strong><em>ἔνδοξος</em></strong></span> <span class='ocrx_word' id='word_1_295' title='bbox 906 4202 1033 4279; x_wconf 74' lang='grc' dir='ltr'>ἄγγελος]</span> <span class='ocrx_word' id='word_1_296' title='bbox 1054 4206 1099 4260; x_wconf 84' lang='lat' dir='ltr'>Sic</span> <span class='ocrx_word' id='word_1_297' title='bbox 1119 4207 1238 4277; x_wconf 85' lang='lat' dir='ltr'>angelus</span> 
     </span>
     <span class='ocr_line' id='line_1_34' title="bbox 59 4294 1238 4365; baseline -0.003 -14"><span class='ocrx_word' id='word_1_298' title='bbox 59 4296 143 4351; x_wconf 90' lang='lat' dir='ltr'>cendi</span> <span class='ocrx_word' id='word_1_299' title='bbox 160 4297 288 4351; x_wconf 88' lang='lat' dir='ltr'>latinum.</span> <span class='ocrx_word' id='word_1_300' title='bbox 664 4296 795 4365; x_wconf 86' lang='lat' dir='ltr'>deinceps</span> <span class='ocrx_word' id='word_1_301' title='bbox 808 4294 973 4364; x_wconf 86' lang='lat' dir='ltr'>saepissime</span> <span class='ocrx_word' id='word_1_302' title='bbox 983 4294 1238 4364; x_wconf 86' lang='lat' dir='ltr'>appellatur‚prae-</span> 
     </span>
     <span class='ocr_line' id='line_1_35' title="bbox 94 4379 1236 4449; baseline -0.002 -13"><span class='ocrx_word' id='word_1_303' title='bbox 94 4383 156 4438; x_wconf 87' lang='lat' dir='ltr'>VII.</span> <span class='ocrx_word' id='word_1_304' title='bbox 191 4386 258 4439; x_wconf 82' lang='lat' dir='ltr'>Arte</span> <span class='ocrx_word' id='word_1_305' title='bbox 285 4384 356 4438; x_wconf 88' lang='lat' dir='ltr'>baec</span> <span class='ocrx_word' id='word_1_306' title='bbox 385 4383 545 4438; x_wconf 88' lang='lat' dir='ltr'>Similitudo</span> <span class='ocrx_word' id='word_1_307' title='bbox 574 4400 637 4437; x_wconf 90' lang='lat' dir='ltr'>cum</span> <span class='ocrx_word' id='word_1_308' title='bbox 664 4384 760 4438; x_wconf 84' lang='lat' dir='ltr'>sertim</span> <span class='ocrx_word' id='word_1_309' title='bbox 780 4383 809 4436; x_wconf 88' lang='lat' dir='ltr'>in</span> <span class='ocrx_word' id='word_1_310' title='bbox 829 4379 1019 4436; x_wconf 80' lang='lat' dir='ltr'>similitudine</span> <span class='ocrx_word' id='word_1_311' title='bbox 1038 4381 1181 4449; x_wconf 87' lang='lat' dir='ltr'>sequenti;</span> <span class='ocrx_word' id='word_1_312' title='bbox 1201 4381 1236 4434; x_wconf 87' lang='lat' dir='ltr'>cl&#39;.</span> 
     </span>
     <span class='ocr_line' id='line_1_36' title="bbox 58 4467 972 4542; baseline -0.002 -18"><span class='ocrx_word' id='word_1_313' title='bbox 58 4470 247 4542; x_wconf 85' lang='lat' dir='ltr'>praecedente</span> <span class='ocrx_word' id='word_1_314' title='bbox 267 4469 406 4524; x_wconf 89' lang='lat' dir='ltr'>cohaeret.</span> <span class='ocrx_word' id='word_1_315' title='bbox 449 4470 545 4541; x_wconf 87' lang='lat' dir='ltr'>Pergit</span> <span class='ocrx_word' id='word_1_316' title='bbox 567 4470 747 4526; x_wconf 80' lang='lat' dir='ltr'>Her-‚index</span> <span class='ocrx_word' id='word_1_317' title='bbox 766 4467 972 4523; x_wconf 83' lang='lat' dir='ltr'>vocabulorum</span> 
     </span>
     <span class='ocr_line' id='line_1_37' title="bbox 58 4551 1235 4627; baseline -0.002 -15"><span class='ocrx_word' id='word_1_318' title='bbox 58 4576 119 4612; x_wconf 86' lang='lat' dir='ltr'>mas</span> <span class='ocrx_word' id='word_1_319' title='bbox 140 4558 174 4611; x_wconf 91' lang='lat' dir='ltr'>de</span> <span class='ocrx_word' id='word_1_320' title='bbox 192 4557 372 4627; x_wconf 86' lang='lat' dir='ltr'>paenitentia</span> <span class='ocrx_word' id='word_1_321' title='bbox 391 4572 482 4627; x_wconf 89' lang='lat' dir='ltr'>agere.</span> <span class='ocrx_word' id='word_1_322' title='bbox 512 4557 554 4614; x_wconf 84' lang='lat' dir='ltr'>cf.</span> <span class='ocrx_word' id='word_1_323' title='bbox 568 4557 633 4613; x_wconf 87' lang='lat' dir='ltr'>Sim.</span> <span class='ocrx_word' id='word_1_324' title='bbox 697 4558 721 4610; x_wconf 84' lang='lat'>2.</span> <span class='ocrx_word' id='word_1_325' title='bbox 740 4555 757 4612; x_wconf 83' lang='lat' dir='ltr'>d</span> <span class='ocrx_word' id='word_1_326' title='bbox 775 4551 851 4624; x_wconf 75' lang='grc' dir='ltr'><strong><em>οἶκος</em></strong></span> <span class='ocrx_word' id='word_1_327' title='bbox 877 4576 929 4613; x_wconf 84' lang='grc' dir='ltr'>σου</span> <span class='ocrx_word' id='word_1_328' title='bbox 953 4554 1024 4625; x_wconf 60' lang='grc' dir='ltr'>κτλ]</span> <span class='ocrx_word' id='word_1_329' title='bbox 1053 4553 1094 4608; x_wconf 85' lang='lat' dir='ltr'>cf.</span> <span class='ocrx_word' id='word_1_330' title='bbox 1118 4571 1143 4609; x_wconf 93' lang='lat' dir='ltr'>v.</span> <span class='ocrx_word' id='word_1_331' title='bbox 1163 4556 1187 4610; x_wconf 85' lang='lat'>3.</span> <span class='ocrx_word' id='word_1_332' title='bbox 1205 4554 1235 4617; x_wconf 87' lang='lat'>6;</span> 
     </span>
     <span class='ocr_line' id='line_1_38' title="bbox 57 4641 1105 4710; baseline -0.005 -10"><span class='ocrx_word' id='word_1_333' title='bbox 57 4645 103 4705; x_wconf 83' lang='lat' dir='ltr'>VI.</span> <span class='ocrx_word' id='word_1_334' title='bbox 125 4646 148 4708; x_wconf 86' lang='lat'>1,</span> <span class='ocrx_word' id='word_1_335' title='bbox 168 4647 191 4700; x_wconf 88' lang='lat'>3.</span> <span class='ocrx_word' id='word_1_336' title='bbox 209 4648 234 4698; x_wconf 90' lang='lat'>4.</span> <span class='ocrx_word' id='word_1_337' title='bbox 661 4641 719 4696; x_wconf 84' lang='lat' dir='ltr'>Vis.</span> <span class='ocrx_word' id='word_1_338' title='bbox 738 4642 758 4705; x_wconf 89' lang='grc' dir='ltr'>Ι,</span> <span class='ocrx_word' id='word_1_339' title='bbox 778 4642 801 4701; x_wconf 84' lang='grc'>3.</span> <span class='ocrx_word' id='word_1_340' title='bbox 823 4645 846 4697; x_wconf 94' lang='lat'>1.</span> <span class='ocrx_word' id='word_1_341' title='bbox 865 4641 896 4705; x_wconf 84' lang='lat'>2;</span> <span class='ocrx_word' id='word_1_342' title='bbox 914 4641 947 4704; x_wconf 87' lang='grc' dir='ltr'>Π,</span> <span class='ocrx_word' id='word_1_343' title='bbox 967 4643 991 4703; x_wconf 81' lang='lat'>2,</span> <span class='ocrx_word' id='word_1_344' title='bbox 1011 4643 1028 4695; x_wconf 82' lang='lat'>2</span> <span class='ocrx_word' id='word_1_345' title='bbox 1046 4659 1105 4710; x_wconf 88' lang='lat' dir='ltr'>sqq.</span> 
     </span>
    </p>
   </div>
   <div class='ocr_carea' id='block_1_7' title="bbox 0 0 1422 5018">
    <p class='ocr_par' dir='ltr' id='par_1_7' title="bbox 0 0 1422 5018">
     <span class='ocr_line' id='line_1_39' title="bbox 0 0 1422 5018; baseline 0 2"><span class='ocrx_word' id='word_1_346' title='bbox 0 0 1422 5018; x_wconf 95' lang='lat' dir='ltr'> </span> 
     </span>
    </p>
   </div>
  </div>
 </body>
</html>
