2834 5018
531 628 581 682 AD
601 627 680 684 COR.
699 629 746 693 ΠΙ,
768 630 852 694 1-11,
868 632 892 685 2.
1235 638 1296 703 189

120 829 226 871 camus
255 828 313 871 nec
345 807 512 871 adoramus
544 828 615 884 1ο1,
651 807 706 870 sed
729 807 914 892 peripsum
946 809 1151 892 cognovimus
1172 815 1296 894 petrem

119 912 277 985 veritatis3
311 933 467 994 quaenam
491 915 539 975 est
563 911 703 995 cognitio
726 913 859 976 adeum
881 914 1066 996 perducens,
1089 915 1151 979 nisi
1174 920 1296 980 utnon

118 1037 270 1099 negemus
293 1015 393 1092 illum,
418 1035 592 1099 perquem
614 1035 686 1078 eum
709 1016 936 1098 cognovimus?
969 1019 999 1081 2.
1023 1017 1081 1083 Ait
1102 1041 1176 1083 vero
1200 1020 1296 1084 etiam

117 1121 201 1205 ipse:
242 1122 304 1196 Qui
325 1140 378 1184 me
401 1122 578 1198 confessus
604 1122 714 1197 fuerit
740 1139 853 1183 coram
882 1123 1086 1204 horninibus,
1117 1127 1297 1205 confitebor

118 1247 191 1291 eum
214 1245 328 1289 coram
348 1234 449 1306 patre
471 1244 553 1288 meo
600 1225 630 1286 3.
656 1222 745 1287 Haec
767 1227 815 1287 est
837 1225 946 1309 itaque
971 1248 1090 1291 merces
1111 1233 1236 1306 nostra,
1269 1230 1323 1293 sir

118 1332 243 1415 quidem
267 1352 339 1394 eum
354 1330 550 1405 confitemur,
574 1349 741 1412 perquem
757 1330 873 1393 servati
889 1352 1006 1395 sumus.
1052 1334 1082 1396 4.
1107 1332 1144 1396 In
1159 1355 1297 1416 quonam

117 1441 223 1500 autem
245 1435 337 1499 illum
353 1434 598 1498 confitebimur?
621 1432 778 1498 Faciendo
795 1456 876 1517 quse
900 1435 976 1500 dicit
991 1441 1023 1500 et
1045 1438 1196 1502 mandata
1211 1437 1296 1502 illins

116 1562 179 1604 non
202 1539 397 1621 spernendo,
428 1560 487 1603 nec
510 1538 613 1603 solnm
636 1537 730 1602 labiis
762 1560 833 1602 eum
856 1538 1057 1618 honorando,
1090 1543 1144 1606 sed
1167 1564 1206 1606 ex
1227 1547 1296 1607 toto

117 1646 210 1709 corde
233 1648 265 1707 et
288 1666 326 1708 ex
349 1648 419 1708 tota
441 1648 557 1708 mente.
605 1645 634 1707 5.
659 1642 748 1706 Dicit
771 1645 854 1707 enim
876 1644 910 1707 in
925 1643 1046 1709 Iesaia:
1070 1649 1217 1728 Populus
1232 1654 1297 1712 iste

117 1752 218 1813 lobiis
240 1769 293 1813 me
314 1751 470 1828 honorat,
491 1768 549 1812 cor
571 1757 682 1811 cutem
708 1768 822 1812 eorum
846 1751 943 1829 lonpe
964 1751 1059 1814 obest
1081 1771 1102 1814 a
1125 1771 1185 1816 me.
1310 1767 1335 1805 1⁰

203 1853 260 1917 IV.
284 1853 358 1919 Non
382 1853 485 1918 solnm
514 1853 614 1935 igitur
635 1853 745 1935 ipsum
765 1873 913 1916 vocemus
942 1853 1122 1929 dominum
1157 1856 1190 1920 id
1212 1856 1296 1920 enim

115 1981 180 2023 non
202 1957 339 2022 salvabit
361 1979 428 2023 nos.
475 1960 504 2021 2.
529 1957 618 2021 Dicit
641 1957 743 2021 enim:
779 1960 853 2021 Noa
876 1964 994 2038 orariis,
1018 1966 1074 2041 qui
1096 1963 1177 2024 dicit
1199 1964 1297 2025 milri:

117 2067 259 2129 Domine
281 2066 430 2144 doraine,
452 2067 657 2144 salvabitur,
686 2066 748 2128 sert
768 2069 825 2144 pai
844 2066 933 2142 fucit
954 2070 1126 2129 insciliam.
1173 2065 1203 2128 3.
1227 2064 1295 2129 lta-

117 2191 187 2252 que,
212 2167 336 2246 fratres,
360 2169 394 2232 in
416 2169 567 2251 operibus
591 2170 696 2253 ipsum
719 2169 934 2246 confiteamur,
958 2169 991 2232 in
1014 2169 1174 2252 diligendo
1197 2169 1294 2233 alter·

116 2277 240 2349 utrum,
271 2273 304 2337 in
335 2295 399 2337 non
429 2273 636 2338 adulterando
664 2295 767 2357 neque
798 2273 1003 2338 obtrectando
1036 2273 1171 2337 invicem
1192 2295 1294 2356 neque
1309 2288 1334 2327 1⁶

117 2376 323 2453 aemulando,
356 2378 411 2441 sed
433 2378 566 2442 vivendo
590 2379 622 2441 in
646 2379 858 2455 continentia,
882 2378 1111 2454 misericordia,
1134 2378 1294 2454 bonitate3

117 2486 149 2544 et
171 2482 388 2565 compassione
416 2487 528 2546 mutus
552 2483 623 2546 duci
653 2483 820 2559 debemus,
851 2504 914 2547 non
936 2482 1088 2566 pecuniae
1111 2481 1293 2565 cupiditate.

116 2584 153 2649 In
176 2586 226 2649 his
242 2586 391 2669 operibus
406 2587 613 2651 confiteamur
628 2609 708 2665 eum,
733 2609 797 2651 non
814 2592 919 2652 sutem
934 2589 968 2652 in
983 2587 1165 2661 contrariis3
1191 2589 1221 2649 4.
1237 2608 1295 2650 nec

116 2691 248 2754 timendi
270 2691 361 2755 nobis
393 2695 467 2754 sunt
489 2690 651 2768 hominm,
684 2693 739 2755 sed
772 2693 857 2757 deus.
905 2695 934 2756 5.
958 2691 1080 2756 Idcirco
1104 2691 1193 2756 vobis
1217 2692 1296 2755 haec

117 2795 306 2860 facientibus
340 2795 418 2858 dixit
450 2796 611 2858 dominns:
647 2798 685 2860 Se·
712 2801 853 2876 feceretis
883 2817 1008 2861 enectum
1038 2801 1231 2877 concrepate·
1259 2802 1294 2860 r‘n
1308 2814 1334 2852 ²⁰

116 2906 192 2963 1111
209 2919 280 2963 meo
304 2908 338 2962 et
352 2919 417 2962 noa
440 2903 597 2978 feceritis
620 2903 780 2966 macedum
795 2896 880 2982 vireu,
902 2904 1043 2965 abidam
1060 2920 1116 2964 eos
1139 2909 1173 2964 el
1186 2903 1294 2963 arram

117 3007 226 3067 eatis:
258 3005 426 3067 Discedere
451 3025 472 3067 a
495 3024 567 3084 me,
598 3012 709 3069 nescio
733 3027 801 3086 eos,
824 3009 911 3070 unde
933 3012 1029 3086 ems,
1061 3012 1210 3087 operarii
1232 3011 1294 3068 111·-

118 3114 266 3188 petituris.

205 3211 244 3274 V.
270 3210 400 3287 Idcirco,
424 3210 550 3287 fratres,
576 3210 727 3275 derelicta
740 3213 996 3296 peregrinatione
1013 3212 1172 3275 mundana
1194 3211 1294 3275 facia-

116 3337 185 3378 mus
208 3315 404 3379 voluntatem
428 3316 512 3391 ciue,
547 3315 602 3398 qui
624 3315 749 3379 vocavit
771 3337 847 3391 nos,
881 3321 913 3379 et
935 3337 952 3379 e
974 3316 1091 3379 mundo
1119 3314 1180 3379 hoc
1209 3316 1334 3379 exires

116 3441 180 3483 non
211 3420 389 3483 timeamus.
435 3421 464 3482 2.
490 3419 548 3483 Ait
579 3421 661 3484 enim
694 3421 856 3485 dominns:
892 3423 999 3485 Erilis
1030 3424 1119 3486 velut
1149 3427 1229 3501 apri
1259 3426 1294 3484 in

187 3573 322 3627 3Matth.
344 3575 384 3633 10,
403 3576 451 3636 32;
479 3575 544 3629 Luc.
566 3577 605 3638 12,
624 3575 649 3630 8.
668 3608 702 3615 -
720 3577 737 3631 9
754 3576 805 3629 les.
825 3576 866 3639 29,
889 3576 935 3637 13;
963 3573 1065 3627 Macen
1087 3572 1126 3637 15,
1146 3571 1177 3635 8;
1206 3573 1292 3625 Marc.

118 3662 141 3721 7,
160 3661 184 3712 6.
205 3691 238 3699 -
259 3662 290 3714 12
310 3660 410 3713 Matth.
430 3661 454 3724 7,
474 3662 516 3715 21.
535 3693 569 3702 -
588 3663 657 3716 202

152 3801 176 3853 4.
196 3800 237 3854 01.
258 3802 318 3853 Act.
338 3802 368 3863 4,
392 3803 437 3864 19;
466 3803 493 3865 5,
513 3801 561 3864 29;
588 3801 692 3855 IPetr.
720 3807 748 3856 et
766 3801 852 3856 verba
875 3803 998 3872 reperies
1016 3802 1068 3854 les.
1087 3801 1133 3863 40,
1155 3801 1195 3853 11.
1222 3799 1293 3852 Pho-

118 3890 141 3949 3,
163 3889 203 3942 14,
238 3889 345 3940 Auctor
364 3888 506 3942 auditores
520 3889 692 3952 exhortatur,
719 3888 775 3942 tius
795 3888 928 3943 Biblioth.
949 3886 1009 3940 cod.
1031 3887 1080 3941 126
1099 3885 1192 3956 pergit
1211 3885 1293 3955 (11.1,

117 3976 149 4026 ut
166 3973 325 4037 Dominum,
346 3976 368 4027 si
389 3993 462 4044 opus
484 3976 585 4039 fuerit,
606 3976 693 4030 etism
722 3979 747 4044 l)
765 3978 800 4030 dc
827 3992 868 4045 cpe
897 3978 994 4030 nostra
1021 3975 1126 4027 drcere:
1157 3977 1228 4043 πλὴν
1251 3969 1294 4027 ὅτι

116 4060 284 4128 martyrium
317 4063 470 4117 subcuntes
498 4064 691 4116 confiteantur.
719 4061 789 4136 ῥητά
808 4083 868 4118 τινα
886 4059 998 4129 11ςᾶπό
1016 4073 1065 4130 τῆς
1089 4062 1168 4126 θείας
1186 4071 1295 4132 γραφῆς

117 4147 159 4201 01.
178 4149 202 4203 5.
224 4150 247 4201 1.
266 4150 290 4200 4.
719 4153 860 4219 ξενίζοντα
870 4147 1039 4220 παρεισάγει,
1049 4139 1156 4203 (1νοί11
1170 4144 1294 4218 ἡπρώτη

152 4235 284 4288 511111
311 4236 443 4288 laudat-us
472 4253 529 4289 non
557 4239 600 4290 est
617 4235 648 4288 in
666 4235 692 4288 S.
719 4235 879 4306 ἀπήλλακτο
890 4230 1215 4305 παντελῶς-ὑπάγετε
1223 4232 1293 4302 κτλ]

116 4320 271 4389 Scriptura.
290 4321 589 4391 forsit-andesumptus
603 4326 693 4376 estex
720 4323 762 4377 cf.
780 4322 844 4376 Luc.
867 4321 906 4383 13,
927 4322 975 4382 27;
994 4321 1095 4374 March.
1115 4323 1139 4383 7,
1159 4321 1207 4383 23;
1226 4321 1292 4374 lust

114 4407 270 4476 Evangelio
296 4408 448 4462 secundum
473 4408 638 4478 Aegyptios,
658 4408 692 4462 de
719 4407 799 4477 Apol.
820 4408 840 4467 Ι,
862 4409 902 4461 16.

116 4512 172 4562 quo
192 4495 228 4547 cs.
248 4494 416 4563 Hilgenfeld,
436 4493 505 4548 Nov.
519 4495 594 4550 'lest
614 4497 693 4549 extra
753 4496 787 4559 V,
805 4495 881 4547 2-4.
907 4492 968 4548 Hoc
994 4493 1165 4560 colloquium
1189 4494 1295 4549 Christi

117 4599 177 4636 can.
198 4587 300 4651 recept
320 4583 367 4646 IV,
385 4583 500 4637 43-49.
536 4581 692 4652 Imaginem
719 4598 782 4635 cum
801 4582 884 4636 Petro
908 4579 938 4633 in
958 4581 984 4636 S.
1004 4581 1149 4650 Scriptura
1174 4600 1230 4637 non
1252 4597 1293 4634 rc·
