2834 5018
252 678 302 734 AD
321 677 409 737 ROM.
428 678 490 741 x‚3
509 677 611 732 -AD
630 674 976 733 PHILADELPHENSES
994 674 1027 739 11,
1048 675 1069 728 1.
1183 681 1246 746 265

72 861 171 924 decet.
219 861 248 924 3.
274 858 362 923 Haec
379 858 490 942 scripsi
512 858 600 922 vobis
618 861 690 921 ante
712 856 795 920 diem
810 855 856 919 IX
872 854 1026 920 Calendas
1042 854 1245 940 Septembris.

69 965 195 1042 Valete,
220 964 320 1029 fortes
344 965 499 1048 usquein
522 963 626 1041 finem,
651 961 840 1026 sustinentes
862 982 920 1045 pro
943 961 1014 1025 Iesu
1038 959 1173 1025 Christe.

360 1527 748 1586 PHILADELPHENSIBUS
766 1529 948 1585 IGNATIUS.

158 1711 309 1796 lgnatius,
336 1712 390 1797 qui
413 1717 445 1776 et
468 1709 686 1794 Theophorus,
711 1709 861 1774 ecclesiae
886 1711 935 1775 dei
957 1711 1059 1795 patris
1082 1716 1114 1776 et
1129 1712 1247 1777 domini

200 1816 271 1880 lesu
295 1816 430 1892 Christi,
461 1836 541 1899 quae
564 1818 612 1878 est
635 1813 876 1898 Philadelphiae
898 1816 931 1879 in
956 1816 1043 1893 Asia,
1067 1817 1272 1882 misericor-a

198 1921 283 1985 diam
306 1924 493 1985 consecutae
517 1920 549 1982 'et
564 1918 708 1982 limatae
730 1918 764 1981 in
787 1921 953 1984 concordia
967 1943 1039 1985 cum
1062 1922 1119 1985 deo
1142 1926 1175 1986 et
1190 1944 1245 1986 ex-

200 2024 332 2089 sultanti
354 2024 387 2087 in
409 2024 556 2106 passione
588 2022 706 2086 domini
727 2023 828 2086 nostri
854 2023 1108 2108 inseparabiliter
1131 2047 1167 2089 ac
1189 2047 1247 2110 per

199 2129 459 2193 resurrectionem
491 2128 558 2192 eius
581 2127 674 2211 plene
703 2126 876 2192 instructae
901 2130 938 2192 de
960 2129 1047 2193 omni
1069 2129 1245 2194 misericor-

199 2234 259 2311 dia,
286 2256 380 2317 quam
404 2231 507 2296 saluto
529 2232 563 2295 in
585 2231 739 2316 sanguine
756 2232 828 2297 lesu
843 2232 970 2310 Christi,
995 2255 1076 2318 quae
1100 2239 1148 2298 est
1164 2256 1245 2320 gau-

201 2339 285 2402 dium
308 2359 412 2402 meum
429 2336 654 2420 sempiternum
677 2340 708 2401 et
724 2337 846 2416 stabile,
869 2338 1006 2403 maxime
1022 2339 1049 2403 si
1071 2338 1153 2402 uniti
1172 2342 1285 2403 sunt1⁰

199 2464 270 2506 cum
304 2442 452 2526 episcopo
475 2446 507 2505 et
529 2442 722 2524 presbyteris
752 2443 818 2508 eius
841 2447 873 2508 et
895 2444 1034 2508 diaconis
1062 2444 1151 2508 iuxta
1173 2465 1245 2508 sen·

199 2547 331 2610 tentiam
355 2545 473 2609 Christi
497 2546 681 2631 designatis,
706 2569 785 2631 quos
808 2549 980 2612 secundum
1002 2548 1164 2632 propriam
1187 2569 1245 2611 vo·

198 2649 354 2713 luntatem
377 2672 467 2714 suam
489 2651 626 2714 firmavit
648 2651 681 2714 in
704 2651 879 2716 stabilitate
906 2655 1131 2735 personatum
1155 2673 1246 2716 suum

199 2755 356 2837 spiritum.

155 2858 178 2921 l.
203 2858 297 2923 Hunc
320 2859 505 2942 episcopum
527 2859 662 2942 cognovi
683 2881 747 2924 non
770 2883 789 2923 a
811 2861 915 2944 seipso
936 2883 1038 2945 neque
1061 2882 1119 2945 per
1141 2860 1285 2925 homi-1⁶

62 2986 121 3029 nes
152 2985 254 3048 neque
284 2965 325 3028 ob
357 2964 483 3027 inanem
512 2963 664 3047 gloriam,
697 2964 752 3027 sed
783 2965 914 3029 caritate
944 2965 1045 3049 patris
1068 2969 1100 3029 et
1130 2965 1248 3029 domini

64 3070 139 3134 Iesu
162 3066 280 3131 Christi
303 3068 478 3132 obtinuisse
500 3068 710 3132 ministerium
732 3070 864 3154 regendi
886 3073 1018 3133 coetum.
1064 3069 1166 3133 Valde
1190 3070 1245 3134 ad·

63 3174 199 3238 miratus
222 3193 293 3235 sum
324 3171 390 3234 eius
413 3171 617 3248 modestiam,
651 3172 705 3255 qui
736 3172 856 3237 silendo
888 3174 1048 3256 potentior
1071 3179 1119 3237 est
1151 3196 1247 3258 quam

64 3279 122 3362 qui
153 3300 233 3341 vana
262 3276 444 3359 loquuntur.
492 3277 521 3338 2.
555 3274 718 3339 Consonus
750 3277 834 3341 enim
866 3282 913 3341 est
942 3277 1099 3342 mandatis
1132 3278 1181 3341 dei
1210 3280 1246 3340 ut

64 3382 189 3446 cithara
204 3380 340 3444 chordis.
382 3379 583 3464 Quapropter
597 3381 725 3445 beatam
740 3382 887 3465 praedico
903 3386 1041 3445 mentem
1064 3380 1131 3444 eius
1146 3380 1242 3464 piam,
1258 3396 1283 3435 ²0

64 3508 136 3550 eam
158 3485 329 3549 virtutibus
361 3489 506 3548 ornatam
530 3490 561 3549 et
583 3484 761 3567 perfectam
783 3486 902 3562 acione,
935 3490 967 3550 et
989 3484 1245 3550 immobilitatem

63 3589 133 3654 eius
157 3612 193 3654 ac
216 3588 382 3652 lenitatem
405 3588 507 3652 instar
529 3589 779 3653 mansuetudinis
803 3590 852 3653 dei
875 3589 945 3652 vivi.

153 3692 193 3757 Π.
217 3692 293 3756 Filii
315 3692 424 3777 itaque
447 3691 526 3756 lucis
549 3692 708 3772 veritatis,
740 3693 843 3778 fugite
867 3694 1052 3758 divisionem
1076 3696 1108 3756 et
1129 3714 1245 3776 pravas

99 3847 185 3901 Inscr.
207 3846 388 3923 Φιλαδελφίᾳ]
407 3845 449 3900 Cf.
460 3848 547 3916 Apoo.
558 3848 580 3910 1,
592 3849 639 3908 11;
671 3847 749 3902 tione
767 3850 959 3903 memoratum.
970 3879 1004 3887 —
1017 3846 1066 3919 ἀφ’
1078 3844 1188 3916 ἑαυτοῦ]
1202 3845 1244 3901 Cf.

63 3935 89 3998 3,
108 3935 123 3987 7
143 3950 205 4000 sqq.
223 3963 259 3971 -
276 3931 467 4004 ἄγαλλιωμένῃ
485 3933 555 4003 κτλ]
577 3932 595 3986 'a
615 3949 637 3988 e.
671 3935 732 3990 Gal.
755 3938 776 3998 l,
797 3937 819 3990 1.
839 3965 873 3974 -
891 3934 988 4006 σιγῶν]
1009 3934 1049 3988 cf.
1069 3933 1140 4003 Eph.
1158 3935 1182 3996 6,
1205 3936 1225 3988 l.

62 4036 138 4088 quae
150 4018 347 4088 inseparabilis
365 4021 500 4075 adhaeret
512 4018 641 4089 passioni
704 4024 728 4077 2.
747 4045 771 4094 χ.
790 4022 906 4096 κιθάρα]
926 4021 967 4076 Cf.
987 4020 1057 4090 Eph.
1075 4021 1100 4082 4,
1121 4023 1143 4074 1.

62 4107 178 4163 Christi.
208 4139 242 4146 -
270 4105 300 4163 ἐν
317 4103 412 4175 αἵματι
429 4109 500 4179 κτλ]
527 4109 546 4161 i.
566 4124 588 4162 e.
612 4107 642 4162 in
704 4110 738 4174 Il,
759 4111 781 4163 1.
801 4110 896 4164 Ioann.
919 4108 999 4161 Dam.
1019 4107 1044 4161 S.
1067 4109 1097 4162 P.
1119 4107 1245 4175 Lequien

63 4196 193 4257 Christo,
223 4195 272 4261 qui
299 4211 350 4263 per
376 4194 542 4265 sanguinem
561 4213 642 4250 suum
669 4196 702 4258 ll,
722 4195 915 4263 780;H011p.
935 4196 976 4248 22.
1006 4225 1041 4233 -
1065 4194 1148 4252 τέκνα
1174 4195 1244 4265 κτλ]

62 4282 640 4355 nossalvavit.-dnooaeayadvoagxta1
672 4283 760 4340 Τέκνα
778 4283 873 4355 φωτὸς
897 4283 1150 4336 commemorantur
1172 4281 1244 4351 Eph.

61 4372 80 4425 i.
93 4388 115 4424 e.
137 4369 185 4437 qui
196 4370 349 4423 secundum
366 4370 535 4424 sententiam
555 4374 584 4426 et
595 4387 641 4425 vo·
669 4372 693 4432 5,
713 4371 744 4433 9;
770 4369 823 4427 υἱοὶ
842 4369 937 4441 φωτὸς
954 4367 1020 4421 Luc.
1042 4370 1081 4432 16,
1100 4369 1130 4430 8;
1148 4369 1244 4422 loann.

62 4458 203 4511 luntatem
213 4457 319 4511 Christi
333 4456 476 4526 designati
495 4457 539 4510 vel
558 4458 642 4512 electi
672 4458 711 4520 12,
731 4457 779 4519 36;
797 4457 810 4510 Ι
829 4457 926 4511 Thess.
945 4458 970 4520 5,
989 4458 1020 4521 5;
1038 4464 1099 4528 φῶς
1116 4460 1162 4513 καὶ
1183 4456 1244 4528 darl-

61 4549 139 4601 sunt.
670 4550 734 4601 θεια
752 4543 796 4597 Ps.
815 4546 857 4608 42,
877 4546 907 4607 3;
936 4553 997 4617 φῶς
1015 4544 1148 4616 ἀληθείας
1172 4544 1244 4598 alias

99 4632 119 4695 l,
142 4635 163 4686 1.
183 4627 228 4701 tv]
248 4648 284 4685 sc.
299 4631 462 4701 episcopum
481 4631 511 4686 in
524 4631 641 4702 inscrip·
668 4647 809 4698 nusquam
828 4631 948 4687 occurrit
961 4637 991 4689 et
1007 4633 1114 4688 locutio
1131 4631 1243 4702 Ignatio
