2834 5018
461 605 488 661 s.
508 607 649 663 ranam
666 606 874 663 semesam.
1141 613 1258 679 LXXV

81 781 226 867 Egnatia,
257 784 394 869 vulgari
415 783 631 850 Romanorum
661 785 712 849 via
739 785 908 862 militari¹,
941 786 1160 851 Macedoniam
1182 810 1256 872 per·

81 892 227 972 egresse?
265 887 302 953 Si
332 889 459 954 occasio
488 893 573 954 recto
603 890 715 954 itinere
737 890 771 954 in
792 890 919 956 Italiam
947 891 1118 976 navigandi
1145 891 1256 970 defuit,

81 1015 131 1057 cur
152 1015 224 1057 eum
248 993 348 1058 aliam
370 994 457 1058 viam
478 994 656 1079 ingressum
678 1015 745 1058 esse
767 998 907 1059 statuere
928 1017 993 1060 non
1014 996 1132 1061 liceat?
1160 994 1257 1060 Cum·

81 1119 136 1182 que
158 1098 277 1182 capitis
302 1098 472 1162 damnatus
495 1102 593 1175 esset,
622 1119 727 1162 nonne
747 1099 817 1162 fieri
842 1099 964 1183 potuit,
997 1104 1033 1163 ut
1054 1101 1188 1185 pedibus
1211 1101 1258 1164 ire

80 1206 259 1288 cogeretur,
293 1207 331 1266 ut
354 1204 512 1269 cmciatus
535 1206 749 1289 augerentur?
783 1202 1023 1269 Concedendum
1047 1204 1173 1289 quidem
1195 1210 1254 1283 est,

80 1328 98 1370 a
116 1307 395 1372 verisimilitudine
418 1309 602 1386 abhorrere,
632 1309 718 1393 quod
739 1307 930 1393 Martyrium
951 1308 1058 1387 refert,
1082 1331 1154 1375 eum
1174 1311 1256 1395 Epi-

80 1412 192 1476 damno
224 1433 290 1476 non
313 1412 543 1489 Brundusium,
574 1413 630 1477 sed
651 1412 746 1477 ltalia
774 1413 1045 1499 circumnavigata
1073 1414 1107 1478 in
1128 1419 1257 1498 portum

80 1515 258 1581 Romanum
280 1516 461 1601 profectum
484 1538 560 1581 esse.
607 1515 669 1581 Sed
692 1518 863 1601 epistulae,
889 1519 926 1582 de
950 1518 1064 1602 quibus
1087 1519 1163 1583 solis
1186 1519 1256 1605 agi·

80 1626 138 1699 tur,
164 1622 204 1685 de
226 1620 285 1685 illo
309 1621 443 1686 circuitu
464 1620 546 1685 nihil
568 1620 719 1698 referunt,
744 1621 870 1686 etmihi
892 1644 916 1686 s.
941 1628 1063 1706 martyr
1077 1622 1256 1688 Brundusio

79 1726 110 1790 in
130 1725 185 1790 via
207 1724 316 1810 Appia
337 1723 474 1790 Romam
497 1727 610 1791 ductus
633 1748 701 1791 esse
724 1725 879 1791 videturl.

164 1830 250 1895 Tum
271 1835 455 1908 occurrunt,
485 1830 519 1895 in
542 1830 686 1915 epistulis
709 1832 906 1896 occasionem
928 1831 1086 1896 scribendi
1113 1836 1256 1917 praeter·

79 1935 162 1999 mitti
192 1955 253 1999 nec
286 1934 336 1998 vel
366 1935 505 2001 divinare
534 1936 644 2013 licere,
677 1958 774 2020 quare
803 1937 1004 2021 potissimum
1035 1937 1075 2000 ad
1097 1937 1180 2001 hanc
1209 1938 1258 2001 vel

79 2039 166 2104 illam
189 2038 358 2104 ecclesiam
379 2039 501 2104 litteras
524 2041 660 2104 voluerit
679 2040 814 2117 mittere,
838 2041 1023 2124 praesertim
1046 2042 1087 2105 ad
1109 2040 1257 2106 ecclesias

79 2143 299 2228 Ephesiorum,
323 2143 561 2228 Magnesiorum
583 2148 615 2208 et
630 2144 874 2219 Trallianorum,
900 2166 1033 2228 quorum
1047 2167 1120 2208 cum
1140 2145 1258 2228 legatis

80 2246 233 2331 Smyrnae
262 2247 438 2312 collocutus
469 2249 512 2312 sit
521 2247 543 2312 ³.
591 2248 653 2313 Sed
681 2249 767 2313 aliud
790 2254 854 2327 est,
888 2250 928 2313 ad
950 2249 1114 2314 ecclesiam
1143 2249 1256 2333 ipsam,

82 2351 181 2429 aliud,
216 2352 259 2416 ad
281 2373 353 2416 eam
373 2373 432 2435 per
461 2352 560 2416 alium
581 2355 679 2418 verba
701 2353 821 2431 facere,
854 2354 990 2418 maxime
1013 2355 1040 2418 si
1061 2354 1132 2439 quis
1157 2355 1197 2418 ab
1220 2376 1257 2417 ea

80 2477 197 2540 magna
218 2456 373 2520 beneficia
396 2455 563 2539 acceperit.
608 2455 757 2521 Profecto
780 2457 920 2522 ecclesiis
951 2457 1015 2521 illis
1037 2457 1177 2541 primum
1197 2478 1256 2542 pro

81 2560 222 2625 caritatis
244 2559 369 2637 officiis,
394 2581 474 2645 quae
497 2559 531 2624 iu
553 2561 658 2644 ipsum
680 2559 890 2639 coutulerunt,
914 2562 1034 2644 gratias
1057 2561 1126 2646 agit
1148 2565 1180 2625 et
1202 2562 1257 2625 de-

80 2663 150 2729 iude
172 2666 339 2729 occasione
362 2665 437 2728 data
468 2666 595 2730 easdem
616 2669 741 2744 mouet,
772 2670 808 2729 ut
830 2666 1007 2751 haereticos
1038 2668 1180 2741 caveant,
1204 2665 1259 2749 qui

81 2772 153 2834 tuuc
174 2770 330 2854 temporis
353 2768 464 2834 Asiam
487 2769 711 2854 peragrabant,
735 2775 771 2834 ut
785 2770 895 2835 fideles
917 2770 950 2834 in
973 2792 1047 2834 suas
1068 2775 1175 2855 partes
1190 2774 1257 2833 tra·

80 2873 200 2938 herent.
247 2872 413 2957 Smyrnaei
436 2872 479 2956 (8,
497 2871 530 2955 2)
560 2879 667 2939 autem
699 2880 731 2940 et
753 2874 1035 2959 Philadelphenses
1059 2872 1123 2956 (10,
1149 2875 1181 2954 1)
1204 2896 1257 2938 ro·

81 2984 210 3063 gantur,
244 2983 283 3043 ut
304 2979 451 3044 nuntium
474 2977 679 3044 Antiochiam
709 2979 840 3044 mittant
862 2986 895 3044 et
922 2981 960 3044 de
990 3000 1068 3064 pace
1100 2979 1257 3055 restituta,

81 3083 116 3148 de
140 3105 204 3167 qua
225 3083 406 3167 nuperrime
438 3082 553 3147 certior
575 3083 679 3147 factus
703 3088 763 3162 est,
796 3105 867 3147 cum
889 3082 1095 3148 Antiochenis
1119 3103 1257 3166 congau-

82 3190 182 3252 deant.
229 3187 291 3252 His
314 3187 411 3251 etiam
434 3187 557 3273 gratiae
580 3187 720 3272 agendae
743 3191 834 3251 erant
855 3209 913 3271 pro
936 3187 1078 3264 caritate,
1103 3209 1174 3251 cum
1195 3207 1258 3270 qua

82 3290 333 3376 Agathopodem
353 3290 589 3356 Antiochenum
619 3295 652 3356 et
673 3290 841 3356 Philonem
864 3290 1003 3369 Cilicem,
1037 3292 1091 3376 qui
1115 3313 1186 3356 eum
1206 3311 1257 3354 se·

83 3398 145 3461 cuti
167 3401 259 3473 sunt,
291 3399 495 3480 susceperant
518 3394 583 3478 (11,
608 3396 657 3477 1),
689 3400 721 3460 et
742 3395 896 3460 nonnulla
925 3395 1023 3459 verba
1051 3394 1198 3459 facienda
1220 3395 1258 3458 de

81 3501 261 3578 schismate,
279 3500 364 3583 quod
386 3499 483 3583 paulo
499 3505 669 3584 postquam
691 3522 716 3564 s.
741 3505 860 3584 martyr
875 3523 982 3564 eorum
1005 3502 1116 3565 urbem
1131 3499 1258 3564 transiit

81 3609 225 3669 exortum
249 3625 318 3668 esse
341 3603 464 3668 videtur
487 3601 540 3684 (cf.
560 3605 652 3692 uss,
670 3602 712 3686 1).
759 3605 954 3688 Polycarpus
969 3609 1109 3689 rogatur,
1134 3607 1170 3667 ut
1192 3609 1258 3676 ταῖς

82 3706 261 3789 ἔμπροσθεν
285 3703 466 3790 ἐκκλησίαις
489 3707 611 3772 litteras
635 3709 697 3786 det,
721 3709 797 3793 quia
818 3708 962 3793 Ignatius
983 3707 1179 3791 profectione
1202 3729 1257 3770 su·

82 3813 148 3879 bita
170 3812 342 3896 impeditus
364 3816 421 3889 est,
446 3812 613 3893 quominus
635 3812 704 3895 ipse
725 3812 765 3876 iis
788 3813 939 3877 scriberet
961 3811 1003 3895 (8,
1023 3811 1065 3894 1).
1104 3810 1257 3875 Romanis

84 3916 215 4001 denique
238 3915 384 4002 Ignatius
414 3915 542 4000 scripsit
564 3937 617 3981 eos
648 3937 781 4001 rogans,
813 3940 853 3982 ne
885 3917 1036 4000 martyrio
1068 3917 1171 4001 ipsum
1195 3916 1258 3980 eri-

83 4027 192 4107 perent
215 4044 272 4087 seu
295 4023 336 4087 ad
359 4020 526 4085 Caesarem
549 4022 747 4107 appellantes
770 4043 835 4100 seu,
859 4026 895 4085 ut
917 4021 973 4084 alii
988 4024 1175 4098 statuerunt,
1200 4042 1258 4104 pe·

85 4128 173 4192 cunia
195 4139 252 4192 aut
275 4126 349 4191 dolo
368 4132 424 4191 aut
439 4127 503 4191 alia
524 4128 661 4212 quadam
676 4128 797 4192 ratione
821 4149 840 4190 a
862 4129 963 4191 morte
984 4147 1056 4189 sum
1077 4124 1257 4190 liberantes.

153 4295 229 4352 lcf.
249 4296 349 4360 Tafel,
378 4297 413 4351 de
430 4296 478 4351 via
503 4296 621 4352 militari
646 4296 836 4351 Romanorum
860 4294 999 4364 Egnatia,
1028 4312 1084 4364 qua
1108 4295 1257 4364 Illyricum,

89 4379 251 4439 Macedonia
269 4386 299 4439 et
317 4383 440 4438 Thracia
466 4384 664 4455 iungebantur.
700 4383 919 4439 Dissertationes
938 4384 1018 4437 duae.
1048 4383 1115 4438 1837
1135 4387 1164 4437 et
1184 4381 1258 4437 1841.

152 4470 230 4526 201.
250 4471 337 4535 Zahn,
353 4472 481 4542 Ipaalias
497 4488 521 4524 c.
539 4473 574 4525 A.
592 4489 620 4541 p.
638 4471 689 4525 250
708 4487 769 4538 sqq.
805 4470 895 4533 Funk,
914 4469 970 4526 Die
987 4471 1112 4526 Echtteil
1130 4487 1158 4539 p.
1178 4469 1236 4523 107.

152 4556 168 4610 3
186 4558 301 4613 centur.
320 4555 503 4628 Magdeburg.
523 4557 541 4610 l.
561 4573 584 4610 c.
619 4557 695 4611 Baur
712 4559 730 4611 1.
744 4574 766 4611 c.
778 4575 805 4627 p.
821 4558 941 4612 155⁴n0t.
978 4556 1158 4624 Strritschsifl
1175 4573 1202 4624 p.
1215 4555 1257 4608 61.
