2834 5018
163 299 227 363 548
600 285 914 342 ιιιιαιιιιινιετοιι

163 470 287 552 πώρουν
309 467 477 551 δαιρόμενα
499 467 551 531 ὑπ’
576 468 690 530 αὐτοῦ·
721 466 775 527 καί
798 461 859 527 ὧδε
881 464 1015 528 κάκεῖσε
1039 464 1266 549 περιήλαυνεν
1289 468 1360 530 οιότά

162 577 215 637 καί
239 573 415 637 ἀνάπαυσιν
438 573 543 647 αὐτοῖς
566 573 625 635 οὐκ
647 569 765 648 ἐδίδου,
797 570 851 631 καί
874 567 956 644 ὅλως
980 570 1042 632 οὐκ
1067 571 1306 638 εὐσταθοῦσαν
1326 574 1358 634 τί

163 677 304 763 πρόβατα
327 677 441 742 ἐκεῖνα.

250 781 286 850 3.
311 781 444 846 Βλέπων
468 782 522 844 οὖν
539 781 618 842 αὐτοὶ
640 780 722 841 οὕτω
738 774 970 860 μαστιγοῦμενα
992 777 1049 839 καῖ
1067 777 1356 864 ταλαιπωρούμενα

135 887 339 972 ιέλυποίιμην
362 886 411 950 ἐπ’
435 887 555 964 αὐτοῖς,
585 886 632 947 δτι
663 885 761 958 οὕτως
784 880 1004 966 ἐβασανίζοντο
1039 885 1097 945 καί
1130 885 1259 969 ἀνοχὴν
1284 886 1355 961 ὅλως

161 995 220 1056 οὐκ
241 991 335 1075 εἶχον.
382 995 412 1057 2.
438 988 522 1074 λέγω
553 997 596 1072 τῷ
620 985 742 1070 ποιμένι
772 993 815 1069 τῷ
836 987 901 1067 μετ’
935 983 1012 1067 ἐμοῦ
1036 984 1219 1053 λαλοῦντι·
1258 989 1352 1072 Κὺρκ

160 1098 205 1172 τίς
227 1099 310 1160 ἐστιν
340 1093 429 1170 οὗτος
459 1094 476 1156 δ
507 1095 621 1176 ποιμὴν
650 1092 667 1155 ὁ
698 1093 796 1166 οὕτως
827 1088 1031 1173 ἄσπλαγχνος
1066 1094 1125 1155 καὶ
1161 1096 1279 1177 πικρὸς
1307 1097 1351 1157 καὶ

160 1202 241 1277 ὅλως
264 1203 305 1284 μὴ
337 1198 623 1283 σπλαγχνιζὸμενος
651 1195 701 1259 ἐπί
724 1197 763 1258 τά
787 1193 927 1278 πρόβατα
955 1203 1074 1272 ταῦτα;
1107 1195 1232 1277 Οὗτος,
1258 1199 1349 1284 ςῃσῖν.

160 1306 242 1370 ἐστίν
265 1306 282 1368 δ
305 1302 437 1389 ἄγγελος
469 1311 523 1384 τῆς
553 1300 715 1383 τιμωρίας·
751 1299 788 1362 ἐκ
809 1299 844 1361 δέ
865 1306 928 1361 τῶν
958 1297 1108 1382 ἀγγέλων
1135 1311 1206 1367 τῶν
1230 1304 1349 1368 δικαίων

122 1435 146 1471 ιο
161 1410 236 1490 ἐστί,
259 1408 400 1491 κείμενος
429 1407 464 1469 δὲ
487 1404 536 1468 ἐπὶ
568 1414 622 1488 τῆς
653 1403 808 1487 τιμωρίας.
855 1406 884 1469 3.
915 1400 1168 1488 παραλαμβάνει
1201 1406 1259 1471 οὖν
1289 1413 1348 1483 τοὺς

161 1510 443 1594 ἀποπλανωμὲνους
475 1510 614 1572 ἀπὸτοῦ
643 1510 722 1573 θεοῦ
744 1509 798 1570 καὶ
828 1504 1042 1588 πορευθέντας
1065 1518 1141 1585 ταῖς
1174 1510 1347 1597 ἐπιθυμίας

160 1621 213 1681 καί
235 1617 368 1690 ἀπάταις
391 1624 446 1677 τοῦ
469 1613 581 1688 αἰῶνος
604 1611 789 1675 τούτουκαὶ
811 1619 937 1693 τιμωρεῖ
960 1611 1094 1693 αὐτούς,
1132 1618 1256 1693 καθὼς
1279 1616 1345 1694 ἀξιιί

159 1722 233 1801 εἱσι,
264 1722 377 1794 δειναῖς
398 1719 452 1780 καί
485 1715 639 1791 ποικίλαις
660 1710 836 1797 τιμωρίαις.
882 1717 911 1779 4.
936 1712 1101 1795 Ἥθελον,
1129 1721 1236 1804 φημί,
1260 1721 1344 1803 κάρα.

157 1835 273 1911 γνῶναι
300 1827 356 1899 τάς
386 1820 530 1895 ποικίλας
560 1819 674 1894 ταύτας
705 1818 867 1901 τιμωρίας,
898 1819 1037 1881 ποταπαί
1072 1821 1168 1889 εἰσιν.
1225 1825 1342 1891 ’Anaua

122 1954 146 1991 ιι
161 1929 245 2015 μησί,
268 1931 324 2004 τάς
346 1924 490 2000 ποικίλας
515 1924 670 2010 βασάνους
692 1925 746 1986 καί
768 1922 923 2005 τιμωρίας.
970 1922 1120 2008 βιωτικαί
1137 1928 1221 1994 εἰσιν
1245 1931 1278 1993 αἱ
1298 1929 1342 2014 ρι’·

159 2054 265 2097 σανοι·
298 2042 502 2115 τιμωροῦνται
530 2031 590 2113 γὰρ
614 2029 642 2092 οἱ
664 2030 721 2111 μὲν
743 2027 881 2112 ζημίαις,
905 2027 934 2090 οἱ
956 2028 991 2090 δὲ
1014 2029 1245 2115 ὑστερήσεσιν,
1269 2034 1297 2097 ιί
1315 2034 1341 2095 δὲ

158 2137 337 2212 ἀσθενείαις
359 2134 530 2213 ποικίλαις,
562 2134 590 2197 οἱ
612 2133 647 2195 δέ
669 2133 755 2216 πάσῃ
777 2132 1010 2215 ἀκαταστασία,
1035 2133 1066 2196 οἱ
1089 2134 1128 2198 δέ
1153 2137 1340 2223 ὑβριζόμενοι

158 2244 218 2305 ὑπο
241 2240 374 2318 ἀναξίων
402 2241 455 2303 καί
479 2237 597 2321 ἐτέραις
630 2237 762 2312 πολλαῖς
784 2235 912 2319 πράξεσι
943 2236 1144 2319 πάσχοντες·
1184 2245 1215 2307 5.
1241 2242 1340 2307 πολλοὶ

158 2349 218 2430 γάρ
242 2347 528 2419 ἀκαταστατοῠντες
550 2352 618 2418 ταῖς
641 2341 767 2427 βουλαῖς
782 2343 885 2405 αὐτῶν
907 2340 1136 2427 ἐπιβάλλονται
1153 2346 1275 2426 πολλά,
1295 2347 1338 2408 καί

120 2477 144 2514 ιο
158 2449 247 2512 οὐδὲν
280 2449 383 2522 αὐτοῖς
415 2447 495 2523 ὅλως
522 2455 686 2529 προχωρεῖ.
732 2447 785 2508 καί
813 2444 956 2529 λέγουσιν
978 2444 1112 2522 ἑαυτοὺς
1139 2453 1187 2534 μὴ
1220 2452 1336 2515 εὐαῐιῦ·

158 2555 235 2618 σθαι
258 2551 290 2615 ἐν
313 2560 379 2627 ταῖς
408 2550 554 2633 πράξεσιν
586 2552 705 2629 αὐτῶν,
727 2551 781 2612 καί
812 2551 870 2620 οὐκ
892 2547 1052 2633 ἀναβαίνει
1083 2552 1197 2617 αὐτῶν
1220 2554 1272 2618 ἐπί
1291 2558 1336 2635 τἰμ

156 2655 302 2739 καρδίαν,
332 2657 378 2719 δτι
407 2653 542 2736 ἔπραξαν
574 2655 694 2738 πονηρά
722 2654 817 2737 ἔργα,
850 2651 920 2716 ἀλλ’
952 2651 1114 2718 αἰτιῶνται
1150 2660 1208 2722 τὸν
1230 2660 1335 2741 κῦριιν.

157 2766 186 2829 6.
211 2764 285 2824 ὅταν
314 2757 368 2824 οὖν
400 2759 535 2844 θλιβῶσι
567 2758 653 2842 πάσῃ
683 2756 810 2838 θλίψει,
842 2757 912 2820 τότε
943 2755 1011 2838 ἐμοί
1042 2762 1276 2842 παραδίδονται
1300 2763 1335 2835 εἷς

157 2868 284 2951 ἀγαθὴν
308 2864 448 2928 παιδείαν
470 2864 523 2926 καί
547 2862 815 2945 ἰσχυροποιοῦνται
839 2861 871 2925 ἐν
895 2870 933 2944 τῇ
955 2859 1057 2924 πίστει
1081 2874 1141 2926 τοῦ
1158 2867 1270 2950 κυρίου
1290 2868 1333 2928 καί

118 3002 143 3039 οι
156 2973 212 3046 τάς
234 2970 344 3045 λοιπάς
371 2967 486 3052 ἡμέρας
509 2976 563 3050 τῆς
585 2967 667 3050 ζωῆς
698 2967 800 3029 αὐτῶν
823 2965 1003 3029 δουλεύουσι
1026 2973 1073 3049 τῷ
1103 2974 1209 3055 κυρίῳ
1233 2971 1266 3034 ἐν
1287 2992 1333 3033 κι-

156 3077 243 3158 θαρᾷ
265 3073 394 3157 καρδίᾳ·
430 3071 542 3135 ἐὰνδὲ
565 3069 798 3154 μετανοήσωσι,
821 3070 891 3133 τότε
915 3068 1077 3153 ἀναβαίνει
1102 3072 1157 3137 ἐπί
1182 3078 1240 3159 τὴν
1266 3095 1332 3156 up·

156 3177 223 3241 δίαν
246 3179 349 3241 αὐτῶν
378 3179 418 3239 τά
440 3177 516 3259 ἔργα
538 3176 559 3237 ἀ
581 3172 717 3256 ἐπραξαν
748 3174 886 3257 πονηρά,
917 3174 970 3235 καί
993 3173 1066 3237 τότε
1094 3176 1268 3258 δοξάζουσι
1288 3181 1333 3242 τίν

155 3283 242 3364 θεόν,
266 3282 418 3367 λέγοντες,
443 3284 488 3343 ὅτι
511 3279 629 3355 δίκαιος
651 3278 756 3362 κριτής
780 3277 844 3340 ἐστι
873 3278 926 3339 καί
956 3276 1087 3355 δικαίως
1115 3282 1246 3351 ἔπαθον
1268 3286 1331 3348 ἓκι.

155 3409 226 3463 στος
249 3389 332 3450 κατὰ
354 3388 409 3460 τάς
431 3382 554 3467 πράξεις
577 3386 691 3446 αὐτοῦ·
719 3382 899 3446 δουλεύουσι
922 3382 956 3444 δὲ
979 3380 1092 3448 λοιπὸν
1115 3395 1165 3470 τῷ
1190 3391 1285 3473 κυρίῳ
1305 3387 1331 3449 ἐν

116 3520 141 3557 ιο
155 3495 285 3576 καθαρᾷ
314 3489 426 3573 καρδίᾳ
459 3491 560 3552 αὐτῶν
599 3490 652 3551 καί
684 3488 862 3551 εὐοδοῦνται
894 3485 926 3548 ἐν
956 3486 1043 3570 πάσῃ
1080 3491 1199 3572 πράξει
1229 3496 1331 3567 αὐτῶν,

155 3596 388 3681 λαμβάνοντες
411 3594 504 3677 παρὰ
526 3600 586 3657 τοῦ
609 3597 727 3677 κυρίου
750 3594 883 3670 πάντα,
913 3593 977 3654 ὅσα
1000 3593 1045 3656 ἂν
1069 3598 1253 3664 αἰτῶνται·
1286 3597 1330 3659 καί

223 3819 267 3885 2,’3
284 3823 329 3876 καὶ
348 3850 383 3858 -
401 3817 491 3875 ἐκεῖνα
509 3818 590 3887 Gffl)
603 3837 609 3870 :
623 3817 685 3875 οὐδὲ
707 3814 824 3875 ίοταντο
842 3818 898 3870 Ath
913 3817 982 3885 (D),
999 3819 1073 3883 >A
1099 3820 1104 3890 Ι
1126 3822 1145 3874 6
1167 3824 1330 3886 λαλοῖοτι)

154 3904 175 3957 L
191 3907 194 3973 Ι
210 3907 227 3960 9
245 3905 370 3978 ἀγγέλων
389 3946 395 3958 .
409 3946 415 3958 .
434 3909 546 3962 δικαίων
557 3905 615 3959 Ath
629 3924 635 3958 :
648 3917 693 3962 Ν
706 3904 730 3958 G
745 3908 749 3973 fl
767 3907 799 3959 14
817 3908 943 3971 ποικίλας
961 3904 982 3957 L
994 3904 1054 3958 Ath
1068 3925 1075 3958 ι
1090 3908 1127 3978 -β-
1139 3908 1312 3977 βασάοοῑιςξῖ

155 3991 215 4053 14Ι9
232 4009 260 4061 p.
279 3993 330 4046 550
350 3989 433 4049 ἄκουε
450 4024 484 4031 -
505 3993 704 4063 δίκαμιν>Α
729 3992 732 4061 ί
760 3992 838 4056 15Ι16
857 3992 907 4058 τὰς
925 4012 953 4046 α.
972 4021 1006 4032 -
1025 3993 1150 4063 βάσανοι
1177 3996 1262 4054 Gt«)
1280 4016 1329 4051 ιιοι·

152 4080 224 4132 κίλαι
242 4083 368 4152 τιμωρίαι
395 4083 440 4134 καί
457 4080 572 4151 βάσανοι
599 4082 723 4153 βιωτικαί
746 4078 797 4136 εἶσι
823 4080 939 4153 βάσανοι
958 4079 1074 4150 Atha)
1100 4083 1105 4151 1
1130 4084 1169 4138 22
1188 4082 1330 4159 §oy-01,

154 4162 233 4230 (Δία)
248 4167 252 4229 1
268 4163 326 4220 ἀλλ’
346 4164 427 4233 G(L¹)
440 4183 446 4216 :
459 4170 504 4222 καὶ
522 4168 620 4223 λοιπὸν
638 4167 695 4221 Ath
705 4165 760 4235 (12²)
777 4167 780 4234 Ι
797 4167 830 4220 23
850 4169 945 4238 θλίψει
965 4165 1058 4239 G:†
1075 4172 1107 4222 et
1125 4171 1327 4228 incommodum

153 4246 174 4299 L
190 4248 193 4313 Ι
209 4249 287 4314 26s30
306 4248 354 4307 ἐὰν
370 4282 405 4290 -
423 4256 520 4329 καρδίᾳ
538 4253 627 4306 LAth
640 4272 646 4305 :
659 4253 731 4321 >G
