2834 5018
191 320 252 384 112
660 314 894 370 ιυιιιτιιτντιε
1005 378 1008 383 .

278 493 316 556 X.
341 491 499 576 Ἀβραάμ,
525 491 543 554 6
566 490 655 573 φίλος
677 491 961 575 προσαγορευθείς,
994 493 1100 569 πιστὸς
1123 492 1240 577 εὑρέθη
1265 492 1297 555 ἐν
1320 500 1363 576 τῷ

192 598 285 660 αὑτὸν
317 596 456 680 ὑπήκοον
483 596 634 680 γενέσθαι
662 605 725 671 τοῖς
754 595 886 679 ῥήμασιν
916 607 970 660 τοῦ
1001 601 1088 662 θεοῦ.
1144 600 1173 663 2.
1208 595 1297 672 οὗτος
1327 596 1364 660 δι’

192 700 331 785 ὑπακοης
355 700 488 783 ἐξῆλθεν
511 700 549 763 ἐκ
571 710 624 783 τῆς
647 709 704 783 γῆς
727 701 823 761 αὑτοῦ
853 701 907 762 καί
930 700 967 762 ἐκ
989 710 1043 784 της
1066 699 1247 783 συγγενείας
1271 701 1365 763 αὑτοῦ

191 807 244 868 καί
267 804 305 867 ἐκ
327 815 381 868 τοῦ
405 808 493 868 οἴκου
522 815 577 868 τοῦ
600 805 715 886 πατρὸς
738 805 853 884 αὑτοῦ,
885 807 969 880 ὅπως
998 814 1056 888 γῆν
1080 804 1187 888 ὀλίγην
1216 806 1270 867 καί
1294 826 1366 888 συγ-

166 909 312 994 ιγὲνειαν
344 911 467 992 ἀσθενῆ
500 910 553 971 καί
588 907 672 973 οἶκον
707 909 815 990 μικρὸν
848 909 1030 974 καταλιπὼν
1059 908 1279 992 κληρονορήοη
1313 910 1367 984 τὰς

192 1014 380 1098 ἐπαγγελίας
403 1024 458 1077 τοῦ
481 1017 570 1079 θεοῦ.
616 1011 700 1097 λέγει
722 1014 782 1096 γὰρ
805 1014 907 1096 αὐτῷ·
932 1017 962 1080 3.
986 1012 1142 1079 Ἀντελθε
1165 1013 1203 1076 ἐκ
1226 1020 1285 1098 τῆς
1308 1019 1366 1097 γῆς

193 1140 255 1183 σον
278 1121 334 1183 καί
358 1119 395 1182 ἐκ
419 1126 477 1202 τῆς
502 1121 695 1201 συγγενείας
720 1139 783 1181 σου
810 1119 867 1182 καὶ
890 1119 928 1182 ἐκ
950 1126 1010 1184 τοῦ
1033 1121 1128 1183 οἴκου
1156 1125 1217 1183 τοῦ
1240 1120 1367 1202 πατρός

194 1245 257 1287 σου
280 1225 327 1304 εἰς
350 1226 413 1307 τήν
435 1230 514 1307 γήν,
538 1227 582 1306 ἣν
605 1224 649 1287 δν
673 1245 726 1287 σοι
749 1222 865 1303 δείξω·
893 1223 950 1286 καὶ
974 1225 1107 1306 ποιήσω
1132 1242 1170 1286 σε
1194 1224 1241 1302 είς
1265 1221 1367 1303 ἔθνος

192 1327 279 1409 μέγα
301 1328 357 1391 καί
379 1327 553 1411 εὐλογήσω
577 1348 616 1391 σε
639 1329 695 1391 καί
716 1326 897 1411 μεγαλυνώ
920 1328 958 1390 τὸ
981 1328 1091 1407 ὄνομα
1116 1347 1194 1405 σου,
1227 1327 1284 1390 καί
1307 1327 1368 1411 ἐση

155 1459 180 1494 ιο
194 1431 436 1515 εὐλογημένος·
472 1433 529 1495 καί
559 1430 734 1515 εὐλογήσω
764 1433 842 1511 τοὺς
865 1429 1090 1512 εδλυγοῦντάς
1121 1452 1159 1494 σε
1181 1432 1238 1494 καὶ
1266 1452 1368 1494 κατα·

193 1536 341 1619 ρδσομαι
371 1538 449 1616 τοὺς
478 1536 739 1621 καταρωμένους
763 1555 819 1613 σε,
855 1536 911 1598 καί
934 1534 1225 1619 εὐλογηθήσονται
1254 1536 1294 1600 ἐν
1317 1537 1369 1600 σοί

194 1645 302 1703 πᾶσαι
332 1643 366 1704 αἱ
390 1640 495 1723 φυλαί
526 1646 585 1723 τής
608 1647 677 1724 γής.
724 1641 754 1704 4.
778 1640 831 1701 καί
864 1636 958 1701 πάλιν
990 1637 1090 1720 ἐντῷ
1122 1639 1369 1721 διαχωρισθηναι

194 1745 288 1808 αὑτὸν
311 1746 373 1807 ἀπὸ
389 1743 462 1807 Λὼτ
485 1741 569 1807 εἶπεν
585 1745 669 1826 αὐτῷ
693 1743 710 1806 6
733 1743 825 1818 θεὸς·
849 1742 1068 1826 Ἀναβλέψας
1092 1750 1160 1822 τοῖς
1176 1741 1369 1825 ὀφθαλμοῖς

195 1871 258 1915 σου
280 1849 330 1913 ἴδε
353 1850 422 1913 ἀπὸ
445 1856 505 1914 τοῦ
529 1851 647 1927 τόπον,
672 1849 713 1912 οδ
735 1855 800 1912 νῦν
823 1849 865 1911 σὺ
889 1849 928 1926 εί,
951 1848 1037 1932 πρὸς
1060 1849 1189 1932 βορρᾶν
1213 1847 1268 1911 καί
1291 1845 1371 1929 λίβα

158 1978 182 2016 ιι
197 1956 252 2017 καί
276 1954 444 2034 ἀνατολὰς
467 1955 524 2018 καί
546 1952 741 2032 θάλασσαν,
765 1954 815 2017 ὅτι
832 1959 949 2017 πᾶσαν
971 1954 1035 2036 τήν
1056 1958 1130 2035 γῆν,
1154 1957 1198 2034 ήν
1213 1953 1256 2014 σὺ
1278 1953 1370 2036 δρᾷς,

195 2060 248 2122 σοί
272 2057 373 2122 δώσω
405 2060 513 2141 αὐτήν
536 2058 592 2121 καί
622 2064 670 2140 τῷ
700 2057 868 2141 σπέρματί
898 2078 960 2120 σον
983 2057 1047 2137 ἕως
1079 2057 1213 2136 αἰῶνος.
1261 2059 1290 2121 5.
1316 2057 1371 2120 καί

196 2166 328 2246 ποιήσω
352 2163 390 2226 ιδ
414 2163 549 2247 σπέρμα
574 2183 636 2225 σον
653 2164 698 2241 ὡς
722 2162 785 2244 τήν
800 2163 916 2241 ἄμμον
939 2166 996 2244 ιής
1013 2166 1088 2244 γῆς’
1113 2162 1141 2224 εί
1165 2160 1308 2223 δύναταί
1323 2182 1371 2239 τις

197 2264 424 2352 ἐξαριθμῆσαι
446 2268 508 2350 τήν
530 2267 646 2347 ἄμμον
668 2271 726 2349 τής
749 2272 819 2350 γῆς,
843 2265 900 2328 καί
923 2265 961 2328 τδ
985 2266 1120 2350 σπέρμα
1148 2285 1211 2327 σον
1234 2260 1371 2347 ἐξαριθ-

196 2368 397 2454 μηθήσεται.
445 2374 473 2437 6.
497 2372 550 2433 καί
566 2370 659 2434 πάλιν
675 2369 772 2454 λέγει·
797 2369 986 2454 Ἐξήγαγεν
1008 2371 1026 2433 ὁ
1041 2369 1123 2450 θεὸς
1138 2370 1200 2433 τὸν
1214 2367 1371 2454 Ἀβραὰμ

157 2501 183 2538 ιο
196 2476 252 2537 καὶ
275 2477 371 2540 εἶπεν
393 2479 499 2559 αὐτῷ·
529 2475 750 2559 Ἀνάβλεψον
772 2478 819 2555 εἰς
841 2476 903 2540 τὸν
925 2476 1073 2559 οὐρανὸν
1096 2474 1152 2537 καί
1176 2471 1372 2557 ιίρίθμησον

197 2583 274 2661 τοὺς
297 2581 449 2666 ἀστέρας,
473 2583 501 2644 εί
525 2582 655 2666 δυνήσῃ
678 2578 906 2665 ἐξαριθμῆσαι
928 2582 1068 2660 αὐτούς·
1093 2582 1200 2658 οὕτως
1225 2579 1319 2641 ἔσται
1334 2577 1371 2640 τδ

198 2687 333 2771 σπέρμα
356 2708 427 2750 σου.
474 2687 674 2750 ἐπίστευσεν
701 2684 738 2748 δέ
760 2683 917 2768 Ἀβραὰμ
944 2690 991 2767 τῷ
1014 2681 1098 2765 θεῷ,
1122 2685 1177 2746 καί
1209 2680 1371 2766 ἐλογίσθη

197 2793 289 2875 αὐτῷ
313 2795 359 2872 εἰς
383 2792 612 2873 δικαιοσύνην.
660 2793 689 2856 7.
713 2789 763 2852 διὰ
778 2788 880 2852 πίστιν
903 2791 956 2851 καί
973 2788 1148 2871 φιλοξενίαν
1172 2788 1271 2873 ἐδόθη
1288 2789 1372 2870 αὐτῷ

197 2896 261 2971 υίὸς
284 2895 316 2959 ἐν
338 2895 429 2980 γήρᾳ,
453 2897 506 2958 καί
529 2894 568 2958 δι’
592 2896 732 2978 ὑπακοῆς
754 2893 965 2977 προσήνεγκεν
981 2895 1075 2957 αὑτὸν
1099 2893 1214 2959 θυσίαν
1238 2901 1281 2976 τῷ
1305 2897 1372 2975 θεῷ

158 3024 184 3063 ιτ
198 3002 273 3081 πρὸς
296 3001 328 3063 ἓν
351 3012 413 3066 τῶν
438 2999 535 3083 δρέων
559 2998 602 3063 ὧν
625 2998 739 3076 ἔδειξεν
762 3001 855 3081 αὐτῷ.

284 3107 340 3172 XI.
365 3106 423 3169 Διδι
445 3104 620 3188 φιλοξενίαν
649 3106 703 3167 καί
726 3103 885 3188 εὐσέβειαν
909 3102 982 3166 Λὼτ
1014 3101 1123 3186 ἐσώθη
1153 3102 1190 3165 ἐκ
1212 3102 1371 3185 Σοδόμων,

198 3219 251 3292 της
273 3209 447 3292 περιχώρου
478 3210 580 3293 ποίσης
602 3208 764 3292 κριθείσης
795 3209 846 3271 διὰ
869 3209 963 3289 πυρὸς
993 3210 1046 3269 καί
1079 3206 1188 3286 θείου,
1217 3205 1372 3290 πρόδηλον

198 3314 329 3397 ποιήσας
353 3315 369 3377 6
392 3315 559 3399 δεσπότης,
593 3316 639 3376 δτι
662 3316 733 3388 τοὺς
756 3313 938 3390 ἐλπίζοντας
961 3310 1009 3374 ἐπ’
1031 3313 1124 3375 αὑτὸν
1157 3312 1215 3374 οὑκ
1238 3311 1370 3394 ἐγκατοι-

198 3417 305 3497 λείπει,
330 3423 400 3494 τοὺς
423 3419 456 3481 δὲ
480 3418 681 3501 ἑτεροκλινεῖς
710 3418 905 3500 ὑπάρχοντας
928 3417 970 3491 είς
992 3416 1123 3479 κὺλαοιν
1152 3418 1204 3479 καί
1229 3417 1371 3499 αἰκισμδν

159 3547 184 3583 ιι
198 3521 332 3606 τίθησιν.
377 3529 406 3590 2.
431 3522 679 3606 συνεξελθοὺσης
702 3525 762 3607 γίιρ
786 3525 869 3605 αὑτῷ
886 3532 939 3605 της
961 3522 1107 3604 γυναικὸς
1124 3519 1369 3604 ἑτερογνώμονος

199 3627 397 3714 ὑπαρχούσης
419 3632 472 3692 καί
496 3631 555 3693 οὑκ
577 3627 610 3692 ἐν
634 3627 779 3712 ὁμονοίᾳ,
813 3629 854 3702 εἰς
877 3638 967 3690 τοῦτο
993 3635 1119 3710 σημεῖον
1143 3623 1257 3709 ἐτέθη,
1294 3626 1373 3689 ὥστε

198 3734 348 3817 γενέσθαι
372 3737 467 3818 αὑτήν
490 3733 606 3818 στήλην
631 3732 705 3808 ἁλὸς
729 3734 787 3808 ἕως
811 3742 864 3816 τῆς
887 3730 1002 3814 ήμὲρας
1019 3730 1142 3814 ταύτης,
1167 3730 1209 3804 εἰς
1233 3731 1268 3792 τδ
1291 3750 1368 3814 γνω-

200 3840 272 3902 στδν
296 3838 372 3903 εἶναι
395 3850 506 3917 πᾶσιν,
535 3841 580 3901 δτι
604 3838 632 3901 οί
654 3837 779 3920 δίψυχοι
805 3839 857 3899 καί
881 3837 909 3899 οί
932 3836 1126 3913 διστάζοντες
1149 3836 1218 3915 περί
1242 3845 1297 3918 της
1319 3842 1370 3896 τοὺ

275 3999 306 4050 15
324 3999 400 4068 ἣν)
420 3995 515 4065 Η116
536 3991 809 4064 ἕως-ή-τοῦΗήλθ
829 3990 961 4065 ἐξήγαγεν
979 3990 1112 4061 Αῐ-ή-δέ
1130 3989 1198 4043 HLS
1221 3990 1225 4057 Ι
1247 3989 1281 4041 24
1299 3993 1372 4061 γήρει

201 4084 227 4136 H
242 4086 246 4151 1
263 4092 302 4158 τῷ
320 4091 379 4157 θεῷ
392 4082 457 4137 ALs
471 4102 476 4134 :
491 4085 525 4148 >
538 4082 564 4134 Η
580 4082 584 4152 ή
600 4082 634 4134 25
652 4081 723 4153 πρδς
740 4078 835 4146 Aule
854 4079 879 4132 Η
895 4080 899 4145 1
915 4075 1012 4134 ἓντών
1031 4075 1120 4149 δρεων
1137 4068 1178 4131 ών
1190 4075 1262 4128 AHS
1276 4094 1281 4127 :
1295 4090 1368 4127 mon·

201 4172 258 4225 tem
277 4187 360 4239 quem
379 4170 408 4231 L,
426 4171 458 4226 τὸ
477 4167 542 4242 δρας
561 4169 576 4226 ὃ
596 4167 762 4236 Knopf128
781 4165 822 4222 ἐπ’
842 4165 937 4232 Αεείς
956 4165 982 4219 Η
998 4165 1001 4235 ί
1019 4166 1050 4219 31
1071 4166 1200 4229 τοῦτο)
1220 4162 1246 4214 Η

236 4291 267 4355 x,
284 4296 304 4347 1.
326 4290 416 4362 φιιος]
437 4290 478 4344 cf.
495 4294 534 4354 ιτ,
548 4292 578 4351 τ;
598 4287 775 4343 clemflom.
789 4291 792 4358 γ
805 4287 903 4351 xvm,
920 4289 957 4342 13.
