2834 5018
181 332 245 397 260
600 328 742 386 IGNATII
760 329 938 386 EPISTULA

179 503 256 584 ὑπὲρ
278 502 366 589 ἡμῶν
389 506 611 572 ἀποθανόντα·
643 505 761 570 ἐκεῖνον
790 505 894 586 θέλω,
924 508 977 570 τον
1000 508 1038 570 δι’
1062 506 1144 590 ἡμᾶς
1167 504 1355 569 ἀναστάντα.

179 607 254 669 ὁδὲ
282 608 408 684 τοκετός
434 631 485 694 μοι
518 609 678 674 ἐπίκειται.
724 613 753 675 2.
779 610 939 694 σύγγνωτέ
961 631 1030 694 μοι,
1055 609 1201 693 ἀδελφοί·
1236 610 1278 692 μὴ
1301 606 1355 690 έμ-

179 711 326 796 ποδίσητέ
349 735 399 798 μοι
423 715 533 799 ζῆσαι,
561 717 603 798 μὴ
635 713 793 800 θελήσητέ
822 736 861 799 με
891 717 1083 794 ἀποθανεῖν,
1116 716 1169 777 τὸν
1192 721 1247 776 τοῦ
1278 716 1355 778 θεοῦ

179 814 316 881 θέλοντα
339 816 416 882 εἶναι
439 819 548 904 κόσμῳ
572 822 613 903 μὴ
636 819 815 904 χαρίσησθε
830 821 907 904 μηδὲ
931 819 990 905 ὕλη
1007 819 1235 903 έξαπατήσητε·
1262 815 1355 899 ἄφετέ

153 944 166 982 ι
178 939 217 1002 με
239 923 385 1003 καθαρὸν
415 931 482 1005 φῶς
512 922 655 1008 λαβεῖν’
671 923 736 987 ἐκεῖ
764 925 1015 1008 παραγενόμενος
1044 927 1212 1006 ἄνθρωπος
1236 923 1354 1004 ἔσομαι.

178 1027 208 1090 3.
233 1023 418 1108 έπιτρέψατέ
449 1048 500 1110 μοι
523 1030 657 1113 μιμητὴν
685 1027 763 1093 εἶναι
792 1011 849 1092 τοῦ
874 1030 999 1104 πάθους
1029 1040 1083 1093 τοῦ
1107 1033 1187 1096 θεοῦ
1214 1048 1283 1111 μου.
1329 1026 1356 1088 εί

178 1149 222 1202 τις
245 1131 339 1193 αὐτὸν
363 1130 395 1194 έν
419 1131 520 1215 ἑαυτῷ
544 1134 620 1215 ἔχει,
643 1134 798 1218 νοησοίτω,
822 1134 840 1197 δ
863 1133 963 1213 θέλω,
986 1135 1039 1197 καί
1064 1131 1271 1217 συμπαθείτω
1294 1150 1354 1213 μοι,

178 1232 266 1308 εἰδὼς
289 1235 328 1295 τὰ
351 1233 522 1316 συνέχοντα
545 1258 593 1321 με.

265 1338 337 1404 VII.
364 1338 401 1403 Ὁ
425 1344 531 1424 ἄρχων
555 1352 610 1406 τοῦ
634 1343 746 1417 αἰῶνος
761 1343 873 1406 τούτου
896 1344 1064 1425 διαρπάσαι
1080 1363 1119 1426 με
1142 1341 1287 1426 βούλεται
1302 1340 1354 1402 καί

140 1465 164 1501 10
177 1444 233 1524 τὴν
257 1443 299 1518 εἰς
323 1444 399 1509 θεὸν
425 1466 485 1529 μου
512 1446 639 1532 γνώμην
662 1449 853 1531 διαφθεῖραι.
899 1449 1004 1532 μηδείς
1032 1445 1086 1510 οὖν
1108 1456 1170 1510 τῶν
1193 1444 1354 1528 παρόντων

177 1547 263 1629 ὑμῶν
287 1547 443 1632 βοηθείτω
467 1552 569 1633 αὐτῷ·
603 1551 723 1634 μᾶλλον
747 1550 822 1635 ἐμοῦ
844 1551 983 1635 γίνεσθε,
1007 1551 1163 1614 τουτέστιν
1186 1560 1242 1613 τοῦ
1264 1549 1353 1615 θεοῦ.

177 1652 219 1733 μὴ
243 1649 367 1715 λαλεῖτε
390 1651 510 1738 Ἰησοῦν
534 1653 678 1736 Χριστόν,
702 1656 821 1739 κόσμον
844 1657 878 1719 δέ
908 1655 1097 1741 ἐπιθυμεῖτε.
1144 1660 1173 1722 2.
1201 1651 1355 1740 βασκανία

178 1754 210 1818 έν
233 1756 303 1839 ὑμῖν
335 1759 377 1840 μὴ
408 1759 603 1823 κατοικείτω.
656 1759 728 1845 μηδ’
757 1762 795 1824 ἂν
827 1760 889 1843 έγὼ
921 1763 1028 1843 παρὼν
1059 1757 1236 1841 παρακαλῶ
1266 1757 1353 1840 ὑμᾶς,

178 1859 331 1944 πείσθητέ
353 1881 423 1944 μοι·
447 1863 566 1939 τούτοις
589 1865 624 1927 δὲ
647 1837 766 1948 μᾶλλέν
789 1865 952 1949 πείσθητε,
977 1862 1021 1940 οίς
1043 1865 1155 1948 γροίφω
1179 1864 1260 1946 ὑμῖν.
1292 1862 1354 1939 ξῦν

138 1988 164 2026 ιτ
177 1966 237 2047 γὰρ
260 1966 371 2048 γροίρω
394 1968 475 2050 ὑμῖν,
499 1968 577 2050 ἐρῶν
600 1978 655 2031 τοῦ
679 1969 863 2034 ἀποθανεῖν.
909 1969 925 2031 ὁ
950 1968 1022 2051 έμὸς
1045 1969 1122 2049 ἔρως
1151 1966 1354 2048 ἐσταύρωται,

176 2070 229 2130 καί
253 2070 311 2131 οὐκ
340 2071 423 2134 ἔστιν
446 2071 479 2135 ἐν
506 2071 574 2155 ἐμοί
597 2082 657 2154 πῦρ
690 2071 855 2155 φιλέῦλον·
888 2073 980 2158 ὕδωρ
1003 2073 1038 2135 δέ
1061 2073 1131 2153 ζῶν
1153 2072 1207 2133 καί
1238 2069 1355 2133 λαλοῦν

177 2171 209 2236 έν
233 2172 311 2258 ἐμοί,
334 2176 457 2243 έσωθέν
481 2199 532 2261 μοι
555 2176 666 2261 λέγον·
690 2176 787 2259 Δεῦρο
811 2179 887 2259 πρὸς
909 2178 962 2239 τὸν
978 2175 1106 2258 πατέρα.
1153 2180 1183 2242 3.
1208 2176 1269 2256 οὐχ
1284 2173 1354 2256 ᾖδο-

176 2297 231 2358 μαι
254 2289 353 2362 τροφη
383 2283 506 2363 φθορᾶς
536 2282 609 2344 οὐδέ
637 2281 762 2364 ἡδοναῖς
791 2292 845 2345 τοῦ
878 2282 945 2367 βίου
974 2281 1095 2344 τούτου.
1141 2283 1248 2365 ἄρτον
1270 2278 1354 2343 θεοῦ

176 2380 284 2457 θέλω,
316 2384 439 2448 δέστιν
463 2385 539 2468 σὰρξ
563 2384 667 2469 Ἰησοῦ
690 2383 847 2467 Χριστοῦ,
877 2394 937 2451 τοῦ
960 2387 998 2450 ἐκ
1024 2386 1217 2469 σπέρματος
1241 2381 1355 2455 Δαυίδ,

136 2510 162 2548 ω
175 2488 228 2549 καί
252 2488 338 2570 πόμα
361 2488 449 2554 θέλω
472 2492 508 2552 τὸ
531 2488 608 2573 αἷμα
631 2491 736 2567 αὐτοῦ,
761 2492 777 2552 ὅ
801 2489 883 2554 ἐστιν
906 2490 1013 2573 ἀγάπη
1037 2490 1211 2570 ἄφθαρτος.

247 2663 258 2713 1
280 2661 314 2718 δι’
331 2664 447 2733 ἡμᾶς>
466 2663 625 2732 81118112
646 2662 719 2728 δὲ)
737 2662 784 2714 Sm
797 2662 849 2714 Asn
865 2662 868 2730 1
886 2663 901 2715 3
918 2679 1033 2730 μοιμοι
1054 2660 1078 2714 G
1101 2662 1105 2722 1
1127 2661 1145 2713 4
1161 2663 1319 2731 χαρίσησθε
1338 2673 1356 2725 g

174 2747 222 2801 Sm
240 2751 293 2802 Am
312 2751 376 2803 Tim
389 2770 394 2802 :
406 2755 566 2823 χαρὴσησθε
586 2749 617 2812 G.
636 2749 771 2820 χωρίσητέ
787 2770 824 2818 με
842 2748 863 2801 L
880 2749 883 2817 1
898 2748 966 2819 μηδὲ
986 2745 1035 2819 {Ay
1055 2748 1075 2800 L
1096 2746 1159 2799 Tim
1180 2745 1226 2815 (Sf
1237 2747 1262 2798 A
1274 2744 1355 2813 Am):

173 2839 208 2904 >
220 2838 275 2907 Gg
290 2840 293 2908 1
310 2836 498 2908 έξαπατήσητε
511 2837 531 2889 L
550 2837 716 2906 (seducatis)
729 2855 736 2889 ι
749 2835 934 2905 κολακεύσητε
954 2834 1016 2887 Tim
1034 2832 1216 2901 (adulamini,
1244 2831 1354 2886 blandi·

174 2922 273 2989 amini)
293 2925 407 2994 Lightf„
420 2928 455 2992 >
474 2925 498 2978 G
509 2942 528 2993 g
543 2926 546 2994 1
570 2926 586 2976 5
604 2921 757 2996 ἄνθρωπος
776 2923 796 2975 L
809 2923 856 2977 Sm
869 2923 951 2976 Tim:
965 2923 1000 2993 -1-
1019 2922 1123 2988 τέλειος
1141 2920 1176 2975 Sf
1184 2921 1216 2983 A,
1238 2921 1274 2991 1-
1287 2925 1356 2976 θεοῦ

174 3010 260 3080 GMg;
280 3013 461 3080 angelusAm
478 3011 481 3077 1
499 3011 530 3064 11
550 3010 619 3080 ἐμοῦ
629 3010 675 3064 GL
689 3029 694 3062 :
709 3009 770 3080 ἐμοὶ
781 3011 829 3079 Mg
838 3010 944 3078 Lightf.
962 3010 965 3078 1
984 3010 1016 3061 14
1034 3008 1170 3078 πείσθητε
1189 3023 1238 3061 τευ
1258 3007 1355 3062 GLM:

172 3098 338 3155 πιστεύσατε
352 3099 404 3165 gA
417 3096 522 3164 Lightf.
540 3098 543 3166 1
562 3099 594 3151 15
612 3097 666 3169 γὰρ
679 3096 760 3166 LMg
773 3115 778 3148 :
792 3100 825 3164 >
840 3096 920 3151 GSm
930 3098 955 3149 A
971 3096 973 3165 1
992 3096 1023 3150 16
1043 3096 1178 3165 φιλόῦλον
1192 3093 1270 3164 GMg
1283 3091 1355 3161 (υοτλ

173 3184 294 3253 Hieros.)
313 3185 432 3237 Menaea
451 3184 525 3252 apud
544 3183 658 3237 Halloix
677 3184 697 3247 1,
717 3184 768 3238 372
781 3203 787 3235 :
801 3189 900 3253 φιλοῦν
918 3203 943 3238 τι
956 3181 977 3234 L
991 3181 1090 3250 (SA)g
1108 3180 1192 3249 (codd
1211 3179 1276 3234 vat.
1298 3180 1355 3233 Mo·

171 3272 245 3340 nac.)
271 3273 274 3341 1
300 3268 380 3343 ὕδωρ,
399 3275 454 3339 ζὼν
472 3271 501 3326 δὲ
520 3271 540 3323 L
565 3271 569 3340 1
594 3276 639 3327 καὶ
658 3277 760 3328 λαλοῦν
773 3291 779 3323 :
793 3270 948 3338 ἁλλόμενον
966 3286 985 3337 g
1010 3269 1013 3337 1
1040 3271 1072 3322 17
1091 3268 1175 3339 λέγον
1194 3268 1219 3324 G
1245 3267 1356 3340 (λέγων)

173 3359 202 3411 Μ
213 3359 266 3413 θεν
278 3359 324 3427 (ss
335 3359 393 3425 Sm)
407 3377 413 3410 :
426 3357 499 3429 λέγει
512 3358 554 3427 Lg
569 3360 573 3427 1
592 3359 623 3411 19
642 3357 718 3415 θέλω
736 3358 776 3412 LS
789 3357 836 3410 θυι
849 3362 872 3411 A
887 3359 939 3410 Am
952 3375 958 3407 :
974 3356 1009 3427 -{-
1022 3351 1110 3426 ἄρτον
1122 3353 1257 3427 οὐράνιον
1269 3351 1357 3427 ἄρτον

171 3450 242 3515 ζωῆς
251 3445 305 3499 GM
315 3462 334 3513 g
350 3447 355 3513 1
370 3448 462 3515 Ἰησοῦ
473 3443 522 3498 GA
533 3446 585 3497 Am
597 3444 644 3498 Sm
653 3444 682 3496 M
696 3463 702 3495 ι
716 3454 766 3500 τοῦ
777 3462 796 3512 g
807 3444 848 3497 LS
865 3448 868 3510 1
887 3453 935 3499 τοῦ
953 3441 984 3499 ἐκ
1003 3463 1049 3498 on.
1074 3446 1160 3498 Δαυέδ
1168 3441 1217 3494 LA
1227 3442 1283 3494 Am
1294 3441 1357 3496 sm:

172 3541 223 3588 τοῦ
233 3532 291 3587 οἳοῦ
301 3540 351 3588 τοῦ
362 3537 431 3588 θεοῦ
442 3541 491 3586 τοῦ
501 3531 653 3603 γενομένου
663 3529 694 3586 ἐν
702 3529 808 3606 ὑστέρῳ
819 3529 849 3585 ἐκ
858 3550 904 3586 σα.
916 3534 945 3586 Δ.
957 3533 1002 3585 καὶ
1015 3528 1145 3602 Ἀβραὰμ
1157 3529 1250 3597 (11181
1263 3529 1300 3582 20
1309 3529 1357 3583 πό-

170 3640 210 3688 μα
220 3617 260 3672 LS
272 3619 318 3671 Sm
328 3621 382 3671 Am
391 3638 410 3689 g
420 3638 426 3671 τ
438 3619 471 3688 -1
483 3625 552 3675 θεοῦ
563 3619 616 3672 GM
640 3619 644 3686 1
664 3614 813 3690 ἄφθαρτος
822 3617 861 3670 LS
872 3618 919 3670 Sm
928 3618 969 3670 A:
980 3617 1067 3688 -1-κα1
1076 3614 1195 3682 ἀὲνναος
1205 3620 1263 3687 ζωὴ
1271 3614 1327 3671 GM
1340 3630 1358 3682 g

171 3788 205 3797 -
234 3758 358 3826 τοκετὸς]
387 3758 403 3810 1.
431 3773 453 3811 e.
481 3762 580 3827 partus
607 3774 659 3826 pro
686 3757 746 3810 vita
773 3756 871 3826 pulum
891 3772 951 3809 esse
970 3755 1057 3814 dixit,
1085 3753 1125 3805 sic
1144 3770 1222 3806 nunc
1243 3754 1357 3809 confite-

172 3846 288 3897 caelesti
307 3863 358 3914 per
370 3844 543 3912 martyn'um.
563 3844 676 3913 Ignatio
690 3859 747 3896 non
773 3849 832 3905 tur,
853 3860 882 3895 se
902 3842 1042 3895 hominem
1060 3840 1104 3892 vel
1129 3840 1279 3895 hominem
1297 3857 1357 3910 per·

173 3932 264 3984 solum
291 3937 404 4000 partus,
443 3932 492 3986 sed
522 3933 608 3985 etiam
637 3929 745 3983 dolores
774 3931 880 3983 fectum
890 3946 946 3982 non
960 3927 1037 3996 prius
1048 3926 1178 3980 futurum
1188 3943 1259 3987 esse,
1271 3943 1358 3995 quam

171 4017 349 4086 parturiendi
368 4019 559 4073 obversantur.
758 4017 810 4069 tad
829 4016 917 4069 Deum
936 4013 1102 4083 pex‘venerit.
1141 4013 1184 4067 cf.
1205 4015 1231 4077 9,
1251 4014 1277 4066 2.

208 4105 284 4156 ¹2-3.
304 4104 414 4174 Fragm.
434 4122 486 4172 syr.
500 4105 564 4158 Cur.
577 4102 629 4157 296
649 4092 760 4172 (ἄφετεί
809 4102 832 4154 3.
853 4099 1018 4154 Anastasius
1038 4098 1095 4153 Sin.
1116 4099 1190 4152 Viae
1209 4101 1268 4154 dux
1287 4117 1311 4154 c.
1327 4100 1358 4153 12

172 4219 206 4229 -·
225 4195 295 4247 θεοῦ
312 4194 387 4259 μου).
405 4222 439 4230 -
456 4189 618 4263 ἄνθρωπος]
638 4189 697 4258 Ign.
716 4189 835 4265 11111Ρθ
854 4190 895 4249 89,
918 4187 986 4249 195).
1024 4185 1196 4239 Timotheus
1218 4189 1280 4240 Ael.
1295 4187 1356 4241 Cur.

172 4291 259 4342 supra
276 4277 300 4333 4,
319 4281 348 4340 23
377 4280 438 4341 5‚3
466 4295 495 4332 se
523 4276 648 4331 nondum
666 4275 747 4329 disci·
774 4277 834 4337 212,
854 4274 913 4326 244.
934 4273 1049 4327 Severus
1068 4274 1135 4326 Ant.
1157 4272 1195 4326 ib.
1217 4272 1278 4337 218,
1298 4273 1357 4326 245.
