2834 5018
159 305 325 371 CXXVIII
608 299 892 357 PROLEGOMENA.

159 480 299 562 Dupin¹.
345 479 502 544 Baronius
530 477 627 561 (Ann.
654 478 727 554 159,
750 476 784 560 4)
817 477 969 542 Hermam
1000 478 1208 562 apostolicum
1239 479 1339 543 etiam

160 585 293 649 eundem
323 606 395 648 cum
424 584 522 648 fratre
552 582 603 646 Pii
632 582 754 646 habuit.
804 580 1038 646 Bellarminus²
1067 604 1141 646 vero
1172 587 1205 646 et
1236 583 1337 647 Tille-

159 688 267 753 mont³
297 712 369 755 eum
398 677 579 753 refutarunt
607 690 814 771 provocantes
845 688 885 751 ad
914 687 1067 771 temporis
1099 687 1284 751 distantiam
1306 691 1338 751 et

159 793 369 859 differentiam
384 793 537 868 nominis;
560 791 594 855 in
608 790 702 857 Libro
717 791 894 876 pontificali
916 793 998 856 enim
1015 796 1047 856 et
1070 793 1155 876 apud
1169 791 1339 856 Ps-Pium

158 898 211 962 hic
233 903 364 963 vocatur
387 899 529 964 Hermes.
576 895 665 960 Adeo
696 900 802 960 autem
832 896 964 980 vulgata
995 901 1064 961 erat
1091 897 1248 961 sententia
1270 896 1336 971 illa,

159 1007 195 1067 ut
218 1003 384 1088 Remigius
400 1000 546 1066 Ceillier⁴
570 1001 672 1064 dicere
695 1022 789 1084 posse
812 1001 873 1065 sibi
896 1002 1062 1078 videretur,
1087 1023 1157 1066 eam
1179 1023 1280 1085 paene
1297 1002 1337 1066 ab

159 1107 307 1171 omnibus
322 1106 431 1171 teneri.
478 1104 541 1170 Sed
563 1104 709 1169 nonnulli
724 1104 837 1169 saltem
859 1105 953 1169 aliter
968 1111 1142 1170 senserunt.
1187 1105 1338 1191 Basnage

160 1209 256 1292 (Anu.
276 1212 347 1285 157,
365 1209 398 1292 2)
422 1233 448 1275 e.
473 1232 504 1295 g.
526 1209 691 1275 Pastorem
713 1210 850 1275 Hermae
873 1211 1048 1295 apostolico
1072 1212 1241 1288 abiudicat,
1266 1233 1338 1276 cum

159 1314 252 1379 Pauli
275 1316 429 1400 discipulo
451 1337 514 1380 non
538 1315 579 1378 sit
602 1315 717 1399 dignus
740 1318 798 1378 etc.
845 1311 1023 1380 Mosheim⁶
1046 1315 1178 1379 fratrem
1194 1316 1244 1380 Pii
1261 1339 1337 1380 auc-

158 1424 260 1484 torem
289 1421 443 1497 declarat,
476 1420 598 1503 primus
627 1423 663 1483 ut
693 1419 818 1484 videtur
847 1443 1021 1505 provocans
1052 1421 1092 1484 ad
1120 1421 1338 1485 testimonium

159 1523 343 1610 Fragmenti
359 1525 577 1602 Muratoriani,
595 1524 678 1608 quod
694 1523 796 1587 tribus
811 1524 919 1588 lustris
937 1529 1008 1589 ante
1022 1525 1221 1608 publicatum
1236 1525 1337 1597 erat⁶;

159 1633 192 1693 et
214 1628 397 1694 Schrbckh'
421 1652 504 1694 nunc
532 1650 633 1714 paene
656 1634 777 1694 certum
805 1651 873 1694 esse
896 1631 1072 1707 contendit,
1104 1631 1198 1695 illum
1218 1630 1339 1696 librum

159 1734 340 1799 confecisse.
386 1734 603 1799 Nihilominus
626 1734 815 1798 sententiam
836 1734 975 1818 priorem
989 1735 1095 1818 plures
1118 1736 1336 1807 defenderunt,

159 1859 333 1921 equorum
362 1860 491 1903 numero
522 1844 596 1904 sunt
627 1839 796 1904 Gallandi³
820 1844 852 1904 et
874 1839 1032 1925 Lumper⁹
1056 1863 1113 1905 nec
1142 1862 1207 1905 non
1235 1841 1336 1906 Jach·

159 1943 300 2020 mann¹⁰,
325 1944 380 2028 qui
403 1944 518 2008 librum
541 1944 679 2008 Hermae
702 1944 880 2028 apostolico
903 1945 1108 2021 adiudicavit,
1133 1946 1171 2009 de
1194 1950 1337 2029 ternpore

159 2053 265 2111 autem
288 2048 320 2111 id
341 2051 466 2111 tantum
489 2049 616 2124 statuit,
642 2049 794 2113 Hermam
816 2050 898 2113 inter
926 2050 1176 2134 persecutionem
1199 2049 1337 2114 Neronis

159 2156 192 2215 et
213 2153 462 2233 persecutionem
486 2152 615 2217 Traiani
647 2153 696 2217 vel
719 2155 801 2217 inter
833 2175 931 2218 annos
955 2155 996 2218 64
1019 2158 1051 2218 et
1076 2154 1137 2218 105
1161 2153 1335 2237 scripsisse.

159 2255 274 2320 Hefele
297 2276 370 2318 vero
394 2254 525 2321 fratrem
541 2257 592 2321 Pii
614 2263 775 2322 auctorem
797 2280 865 2323 esse
887 2261 1023 2342 probare
1039 2259 1169 2333 studuit,
1195 2259 1338 2323 etmulti

159 2360 279 2424 assensi
302 2362 384 2423 sunt.

248 2464 389 2529 Tertiam
418 2465 606 2529 sententiam
620 2463 642 2501 ¹¹
667 2467 784 2531 nostris
814 2467 924 2530 diebus
947 2466 984 2530 F..
1010 2463 1138 2532 Gaab¹⁹
1168 2467 1337 2551 proposuit

159 2575 191 2635 et
207 2570 266 2634 Th.
284 2568 411 2634 Zahn¹³
434 2570 524 2634 novis
547 2571 743 2654 argumentis
759 2571 964 2635 confirmavit.
990 2569 1226 2636 contenderunt
1241 2572 1336 2647 enim¹

158 2674 276 2738 librum
298 2696 400 2759 neque
423 2674 463 2738 ab
480 2673 599 2738 Herma
622 2676 795 2758 apostolico
817 2697 919 2757 neque
943 2677 983 2739 ab
1006 2675 1104 2739 fratre
1125 2676 1186 2751 Pii,
1210 2677 1276 2754 sed,
1301 2681 1338 2741 ut

158 2780 227 2864 ipse
249 2777 346 2842 vellet
370 2777 422 2861 (cf.
446 2776 513 2841 Vis.
531 2777 572 2854 11,
589 2780 619 2854 4,
636 2779 680 2859 3),
705 2803 724 2843 a
746 2780 840 2844 tertio
863 2780 992 2858 Herma,
1017 2779 1142 2863 aequali
1164 2778 1337 2844 Clementis

159 2882 309 2968 episcopi,
327 2885 359 2946 et
379 2881 505 2965 quidem
521 2882 553 2946 N
555 2904 628 2946 erva
643 2883 834 2967 imperatore
848 2884 900 2947 vel
914 2885 1048 2969 imperio
1063 2883 1192 2948 Traiani
1207 2884 1337 2949 ineunte

231 3125 243 3177 l
264 3123 392 3176 Nouoelle
409 3122 586 3189 bibliotheque
603 3121 648 3175 der
665 3128 775 3176 autem
792 3122 853 3175 eccl.
872 3121 915 3174 ed.
935 3121 961 3174 11
980 3121 1085 3186 16881,
1104 3124 1138 3178 82
1157 3140 1218 3191 sqq.

229 3211 245 3263 2
263 3210 305 3263 De
324 3208 509 3278 scriptoribus
528 3208 625 3262 eccles.
646 3209 741 3263 Colon.
763 3210 829 3264 1657
848 3227 874 3279 p.
894 3211 935 3264 35.

231 3298 246 3349 3
266 3296 408 3350 Me'moirea
426 3302 472 3349 etc.
491 3294 509 3348 l.
529 3312 551 3348 c.

228 3382 385 3437 4H1'otor're
400 3383 522 3451 perarate
540 3389 586 3437 etc.
604 3381 644 3434 111
663 3399 686 3436 c.
706 3384 722 3436 9
742 3387 793 3437 art.
815 3387 836 3446 1,
859 3387 881 3438 1.

228 3469 387 3524 blnstitut
407 3469 473 3523 hist.
493 3467 591 3523 eccles.
613 3470 679 3524 1755
697 3487 725 3538 p.
744 3472 785 3524 51.

229 3558 246 3611 6
264 3557 405 3624 Antiquit.
424 3556 484 3610 ital.
503 3556 574 3609 med.
593 3557 656 3610 aevi
674 3556 714 3610 III
734 3559 834 3627 (1740),
853 3558 913 3611 854.

230 3646 245 3697 7
266 3645 422 3699 Obrrbtlicbc
439 3644 704 3713 Kirctenqescaicate
722 3646 764 3699 ed.
784 3663 839 3700 sec.
857 3646 883 3698 Il
902 3646 999 3715 (1775),
1019 3647 1078 3700 274.

228 3731 245 3785 8
263 3730 398 3786 Biblioth.
418 3732 471 3784 vet
491 3734 606 3785 Patrum
624 3731 637 3784 I
656 3731 767 3801 Proleg.
785 3751 811 3802 p.
832 3731 956 3787 XXVIII.

229 3818 246 3869 9
264 3818 392 3872 Historia
409 3817 684 3885 theologico-critica
705 3819 770 3873 1783
790 3820 809 3881 Ι,
828 3819 956 3873 94-104.

213 3904 245 3957 10
264 3905 323 3959 Der
342 3906 422 3960 Hine
440 3907 484 3960 dea
502 3905 619 3960 Hermas
639 3906 705 3960 1835
722 3924 749 3975 p.
769 3907 879 3962 ‘re-34.

213 3991 243 4043 ll
263 3991 305 4045 De
323 3992 465 4046 nonnullis
485 3991 563 4056 aliis,
588 4009 660 4060 quae
679 3994 814 4047 memoria
832 3994 923 4047 minus
948 3993 1050 4064 dignae
1071 3998 1147 4057 sunt,
1173 3995 1237 4049 vide
1257 3996 1328 4068 Ittig

159 4073 328 4132 Dissertatio
347 4079 381 4132 de
399 4080 527 4148 patribus
548 4079 713 4148 apostolicis
733 4098 754 4134 e.
774 4082 815 4135 59.

215 4164 246 4216 12
265 4163 324 4217 Dcr
341 4166 423 4221 Hirtc
440 4167 485 4221 dea
504 4165 619 4221 Hermos
639 4166 713 4221 1806.

214 4251 245 4303 13
263 4250 323 4305 Der
340 4252 408 4306 Hirr
424 4253 470 4308 dea
490 4253 606 4309 Hamas
625 4255 701 4310 1868.
