2834 5018
332 703 653 759 PRESBYTERORUM
671 704 868 771 RELIQUIAE
886 705 931 767 IX,
950 706 1026 760 2-3.
1203 711 1266 777 389

88 890 179 960 reiut,
203 890 235 944 el
258 900 383 960 eontra,
406 889 463 962 qui
476 891 665 965 aesopiam,
693 885 894 967 φορούντων
905 884 1040 946 καὶτῶν
1051 879 1267 967 ιὰὲξήκονια

88 995 122 1049 et
139 1005 264 1065 eonem,
280 993 336 1066 qui
352 993 508 1067 criptula:
532 1011 666 1072 quorum
692 988 842 1051 καὶτῶν
871 986 913 1049 τὰ
939 987 1138 1070 τριάκοντα·
1172 985 1215 1051 ὧν
1238 987 1267 1051 οἱ

88 1090 217 1173 quidam
246 1091 279 1154 in
302 1091 425 1155 caelum
456 1098 664 1170 assumentur,
692 1093 748 1175 μὲν
776 1091 818 1166 εἰς
847 1092 918 1163 τοὺς
948 1089 1096 1171 οὐρανοὺς
1126 1091 1266 1178 ἀναληφ-

89 1194 144 1257 alii
167 1195 199 1257 in
222 1196 368 1278 paradiso
386 1198 663 1273 conversabuntur,
693 1195 857 1279 θήσονται,
880 1193 909 1256 οἱ
924 1194 958 1256 δὲ
974 1193 1007 1256 ἐν
1029 1203 1073 1278 τῷ
1088 1197 1266 1282 παραδείσῳ

88 1299 142 1362 alii
165 1299 197 1362 in
221 1299 349 1363 civitate
371 1301 610 1378 inhabitabunt,
634 1307 667 1366 et
693 1299 911 1382 διατρίψωσιν,
952 1297 981 1361 οἱ
1014 1299 1048 1362 δὲ
1081 1302 1137 1382 τὴν
1176 1300 1294 1366 uotiua

87 1407 219 1485 propter
252 1404 313 1468 hoc
347 1405 461 1469 dixisse
495 1406 665 1481 dominum,
694 1402 944 1486 κατοικήσουσιν.
1000 1404 1053 1466 καὶ
1088 1404 1139 1467 διὰ
1175 1415 1267 1469 τοῦτο

91 1510 216 1571 aurillac
232 1528 306 1572 esso
328 1512 419 1592 apud
426 1518 559 1591 putrem
576 1530 667 1574 αισα-
694 1505 849 1592 εἰρηκέναι
865 1509 918 1570 τὸν
933 1506 1049 1589 κύριον,
1070 1509 1108 1573 ἐν
1123 1516 1192 1590 τοῖς
1207 1517 1268 1575 τοῦ

90 1617 214 1676 aiones.
240 1612 355 1677 Omnia
366 1615 449 1678 enim
462 1615 511 1679 dei
523 1618 605 1692 sunt,
613 1615 668 1700 qni
693 1614 821 1696 πατρός
849 1634 917 1693 μου
938 1613 1047 1693 μονὰς
1077 1615 1164 1679 εἶναι
1186 1615 1268 1680 πολ-

88 1716 234 1782 omnibus
279 1724 388 1802 aptam
437 1719 667 1785 habitationem
693 1715 764 1797 λάς.
810 1716 849 1777 τὰ
880 1715 982 1778 πάντα
1010 1718 1071 1800 γὰρ
1093 1725 1148 1780 τοῦ
1179 1721 1268 1798 θεοῦ,

86 1826 239 1904 praestat.
256 1820 666 1897 Quemadmodumverbum
694 1822 727 1896 ὃς
750 1830 813 1895 τοῖς
835 1830 911 1883 πᾶσι
934 1822 989 1902 τὴν
1012 1820 1209 1904 ἁρμόζουσαν
1225 1825 1268 1886 oi·
1282 1846 1307 1883 ιο

90 1926 159 1988 eius
175 1927 229 2003 ait,
247 1927 394 1992 omnibus
411 1927 545 1991 divisum
565 1949 668 1992 essea
693 1946 783 2009 κησιν
806 1924 946 2006 παρέχει.

88 2034 189 2112 patre,
203 2032 373 2095 secundum
385 2033 468 2115 quod
480 2032 551 2115 quis
563 2037 612 2096 est
624 2032 736 2117 dignus
747 2036 802 2095 aut
814 2032 882 2094 erit.
899 2031 943 2095 Et
953 2030 1014 2096 hoo
1026 2036 1075 2096 est
1085 2032 1266 2111 triclinium,

88 2135 122 2197 in
146 2156 208 2217 quo
231 2137 416 2201 recumbent
438 2137 470 2214 ii,
496 2138 549 2221 qui
565 2137 736 2221 epulantur
758 2137 862 2201 vocati
884 2136 925 2200 ad
941 2135 1079 2219 nuptias.
1127 2138 1156 2200 3.
1174 2137 1266 2203 Hanc

88 2260 157 2303 esse
181 2240 451 2305 adordinationem
474 2245 506 2305 et
529 2241 770 2325 dispositionem
792 2261 910 2316 eorum,
935 2240 989 2324 qui
1012 2239 1183 2318 salvantur,
1208 2241 1265 2304 di·

87 2349 198 2408 eunt
220 2346 494 2429 presbyteri
523 2344 848 2429 apostolorum
880 2344 1131 2428 discipuli;
1155 2349 1189 2409 et
1210 2367 1307 2430 perra

88 2449 270 2512 huiusmodi
293 2450 412 2533 gradus
434 2451 602 2533 proficere,
633 2454 666 2514 et
688 2449 914 2535 perspiritum
945 2449 1071 2533 quidem
1094 2451 1134 2513 ad
1156 2450 1267 2529 filium,

87 2574 147 2635 per
179 2552 280 2616 filium
310 2558 416 2617 autem
443 2554 608 2618 ascendere
631 2554 671 2617 ad
699 2557 839 2637 patrem,
873 2552 940 2617 filio
963 2553 1111 2639 deinceps
1140 2556 1269 2620 cedente

88 2657 176 2740 patri
202 2678 282 2741 opus
311 2681 416 2734 suum,
455 2657 719 2742 quemadmodum
748 2661 780 2721 et
807 2658 847 2722 ab
876 2658 1023 2742 apostolo
1054 2659 1173 2724 dictum
1202 2662 1267 2724 est:

94 2764 256 2838 Quorum
278 2771 410 2844 oportet
431 2783 574 2843 rapuere
597 2783 689 2843 euru,
713 2765 925 2844 quoadusque
942 2773 1049 2846 ponat
1071 2784 1184 2829 omraee
1206 2770 1267 2829 iui-

91 2874 196 2931 nu'coe
219 2870 280 2930 arab
298 2870 441 2948 pedibus
465 2873 546 2931 cirta
592 2870 781 2931 siccissima
803 2873 939 2932 inituim
955 2871 1146 2934 destituetur
1168 2890 1268 2935 more.
1283 2894 1308 2931 aa

87 2971 126 3035 In
149 2971 344 3054 temporibus
371 2971 455 3034 enim
477 2972 568 3054 regni
590 2971 692 3035 iustus
721 2970 817 3035 homo
840 2979 1078 3055 superterram
1105 2974 1267 3051 exsistens,

86 3075 293 3139 obliviscetur
315 3074 397 3138 mori
413 3075 486 3137 iem.
517 3076 651 3150 Quando
667 3084 777 3139 autem
792 3078 930 3156 dicent,
951 3076 1064 3161 inquit,
1082 3084 1193 3142 omnia
1208 3082 1266 3142 etc.

283 3192 363 3262 [Iren.
383 3190 416 3255 V,
435 3191 476 3254 36,
497 3189 510 3242 1
531 3191 573 3244 ed.
593 3191 704 3260 Harrey
724 3192 757 3254 ΙΙ,
777 3193 828 3245 427
850 3209 890 3259 sq.
911 3192 1018 3247 Graece
1036 3194 1068 3247 in
1087 3193 1208 3263 append.
1232 3194 1269 3247 ad

248 3280 298 3343 Qu.
318 3280 352 3334 74
369 3277 399 3331 in
417 3277 444 3331 S.
465 3277 521 3330 Sor.
541 3277 693 3340 Anastasii,
714 3277 809 3332 collat.
829 3293 846 3330 a
864 3279 1007 3333 Massueto
1026 3297 1089 3333 oum
1099 3281 1174 3335 MSS.
1194 3280 1266 3334 Bibl.

247 3367 278 3420 R.
299 3366 368 3420 2910
387 3370 416 3420 et
435 3365 515 3421 Oolb.
535 3366 610 3419 1450.

158 3489 289 3543 710ann.
311 3489 351 3551 14,
370 3488 393 3541 2.
420 3519 456 3526 -
483 3487 757 3551 11Matth.20‚23.
785 3518 820 3527 -
850 3487 882 3541 19
902 3488 915 3541 Ι
935 3487 996 3542 Cor.
1018 3488 1066 3551 15,
1094 3489 1136 3542 25.
1164 3488 1205 3542 26.
1233 3518 1268 3527 -

86 3577 154 3632 221
173 3577 234 3630 Gor.
256 3577 295 3639 15,
314 3574 426 3629 26-28.

85 3715 143 3768 que
162 3698 296 3768 operibus
309 3697 367 3751 suis
385 3696 456 3751 bene
469 3694 591 3759 memini,
604 3697 665 3748 tan-
693 3695 866 3751 talentorum
884 3696 929 3748 vel
947 3695 1044 3751 decem
1068 3696 1208 3751 minarum
1227 3713 1268 3751 re·

86 3786 211 3855 quamsi
230 3784 301 3838 atius
321 3788 407 3852 atque
421 3784 547 3838 diversus
566 3799 584 3836 a
601 3783 666 3837 fide·
694 3783 801 3852 spicere
819 3781 964 3845 ridentur,
983 3782 1027 3835 sin
1044 3782 1144 3847 minus,
1164 3784 1201 3837 ad
1219 3782 1267 3837 ali-

86 3874 164 3928 libns
178 3876 346 3939 conspectus
359 3872 495 3926 Dominus
514 3870 602 3924 fuerit
614 3887 666 3939 pro
693 3871 770 3941 quod
788 3869 894 3927 Christi
913 3870 1027 3933 dictum
1046 3870 1122 3939 quod
1141 3887 1174 3924 ex
1192 3886 1268 3940 pres-

86 3960 196 4015 meritis
205 3976 300 4014 eorum
310 3962 532 4031 atqueproseotn
540 3960 665 4032 (Routh).
693 3960 862 4028 byterorum,
871 3975 942 4027 quos
952 3977 1017 4013 mox
1027 3960 1104 4022 citat
1114 3958 1267 4014 traditione

123 4048 148 4102 2.
180 4048 311 4102 omnibus
343 4047 463 4101 divisum
494 4047 558 4118 ete]
589 4047 667 4101 Haeo
694 4047 842 4116 acceperit.
879 4044 994 4099 Rectius
1007 4046 1168 4100 aliiMatttu
1182 4046 1224 4110 20,
1234 4045 1267 4100 23

87 4135 233 4189 Massueto
252 4137 288 4189 ad
305 4135 456 4205 parabolas
481 4135 526 4189 vel
543 4135 668 4203 quinque
695 4133 819 4204 allegare
838 4133 977 4187 ridentur.
