2834 5018
496 630 671 687 sprevum
689 630 735 695 vr
757 633 866 687 12-18.
1230 640 1270 705 57

92 828 149 870 nos
172 808 339 873 renovavit
360 831 417 892 per
439 811 654 875 remissionem
669 815 879 893 peccatorum,
904 812 1017 887 effecit,
1041 816 1078 875 ut
1094 812 1189 877 eliam
1205 814 1273 877 for·

92 933 177 975 mam
200 912 406 991 haberemus,
440 916 576 979 animam
599 936 711 998 nempe
741 937 911 998 pueronmr
940 917 1052 992 instar,
1084 921 1196 1001 utpote
1220 918 1274 1001 qni

93 1038 149 1080 nos
172 1017 369 1082 reformavit.
418 1021 467 1082 12.
501 1020 586 1084 Nam
616 1021 654 1083 de
685 1019 777 1083 nobis
807 1021 964 1103 scriptura
996 1021 1087 1096 dicit,
1122 1021 1271 1106 loquente

92 1126 183 1203 patre
207 1123 247 1185 ad
270 1122 388 1187 filium:
413 1127 591 1189 Faciamus
612 1127 777 1189 bominem
800 1128 846 1189 cd
866 1131 1044 1205 inmainem
1068 1135 1100 1189 et
1122 1129 1169 1190 ed
1180 1133 1271 1190 eimi-

94 1227 270 1291 titudinem
292 1238 462 1309 κοτίνοιο,
497 1239 529 1293 ei
546 1236 702 1310 praeciae
733 1232 849 1294 bestiis
881 1240 994 1295 terrae
1023 1240 1056 1294 ei
1082 1233 1298 1303 eolaiililmev

93 1333 181 1393 caeli
215 1341 248 1395 et
276 1335 426 1414 piscibus
460 1341 575 1397 enervia.
622 1333 665 1398 Et
698 1335 777 1399 dixit
811 1335 956 1399 dominus
989 1336 1096 1400 videns
1127 1336 1271 1420 pulcrum

92 1435 281 1518 figmentum
303 1443 461 1502 nostmm:
489 1440 636 1504 Crescite
658 1448 691 1503 et
713 1443 983 1521 multiplicamini
1006 1450 1038 1505 et
1059 1444 1184 1522 repleie
1207 1450 1271 1504 ter·

95 1559 178 1603 rom.
224 1540 313 1605 Haec
336 1543 376 1606 ad
398 1542 507 1607 filium.
557 1544 606 1607 13.
639 1543 758 1607 Iterum
782 1548 888 1607 autem
911 1545 970 1608 tibi
994 1546 1166 1622 ostendam,
1192 1567 1271 1628 quo·

93 1645 187 1708 modo
211 1645 249 1708 ad
273 1667 330 1709 nos
353 1646 511 1731 loquatur.
558 1646 732 1711 Secundam
757 1649 947 1713 creationem
976 1649 1097 1714 ultimis
1120 1650 1271 1732 tempori-

93 1749 151 1812 bus
183 1750 317 1832 peregit.
374 1750 461 1815 Dicit
493 1756 598 1816 autem
632 1752 795 1816 dominus:
829 1756 932 1832 Ecce,
964 1758 1057 1832 facio
1091 1761 1310 1819 rvom'ecimc1⁰

95 1862 261 1933 tenemium
279 1861 410 1935 priora.
442 1856 512 1920 Hoc
536 1857 705 1939 respiciens
728 1858 921 1941 praedicavit
943 1857 1117 1940 propheta:
1142 1863 1272 1923 Intrate

94 1964 126 2019 in
150 1968 278 2022 terrem
295 1962 390 2043 ¹laete
412 1970 445 2024 ei
467 1963 566 2024 melle
577 1966 734 2043 fluereiem
755 1969 787 2024 et
801 1962 1018 2024 dominamini
1034 1967 1074 2025 ei.
1115 1964 1164 2025 14.
1187 1964 1271 2027 Ecce

93 2063 200 2146 igitur,
226 2086 283 2127 nos
306 2066 408 2129 denuo
433 2066 562 2130 formati
585 2087 702 2142 sumus,
736 2064 998 2148 quemadmodum
1021 2087 1128 2128 rursus
1151 2067 1184 2129 in
1207 2067 1271 2131 alio

93 2167 251 2251 propheta
275 2168 368 2232 dicit:
394 2173 488 2250 Eece,
511 2177 618 2251 inquit
640 2173 803 2247 doetrinae,
826 2172 982 2248 (inferam
997 2172 1039 2233 ab
1062 2176 1117 2250 iia,
1138 2170 1199 2235 hoc
1222 2176 1270 2235 est

94 2273 131 2335 ab
154 2273 204 2347 iis,
230 2294 309 2352 qnos
332 2274 463 2357 spiritus
487 2275 604 2338 domini
627 2274 840 2357 praevidebat,
863 2277 966 2337 eorde
989 2277 1132 2356 lapidea,
1156 2284 1188 2338 et
1210 2282 1309 2339 ine-1⁶

94 2384 223 2442 indiam
246 2381 348 2442 cerda
371 2399 503 2443 carnee.
549 2379 620 2461 Ipse
648 2379 731 2442 enim
763 2379 796 2442 in
826 2400 919 2441 carne
941 2378 1041 2442 voluit
1064 2401 1216 2462 apparere
1239 2385 1271 2444 et

95 2482 238 2548 habitare
261 2483 293 2546 in
316 2484 417 2547 nobis.
466 2486 515 2547 15.
552 2483 718 2565 Templum
746 2484 829 2546 enim
859 2488 1018 2559 sanctum,
1052 2483 1168 2548 fratres
1199 2484 1269 2563 mei,

96 2588 218 2653 domino
242 2593 290 2652 est
312 2588 470 2653 habitatio
493 2589 595 2653 cordis
617 2588 726 2651 nostri.
761 2590 811 2653 16.
836 2588 963 2653 Etenim
986 2588 1100 2652 iterum
1124 2588 1269 2652 dominus

95 2693 152 2755 ait:
177 2696 217 2756 ln
241 2712 303 2773 quo
328 2695 494 2774 apparebo
517 2712 630 2756 eoram
653 2695 785 2757 dernino
808 2696 869 2758 dee
893 2713 963 2757 meo
988 2701 1021 2756 ei
1033 2695 1274 2773 clarificabor?

96 2798 163 2862 Ait:
192 2800 380 2876 Confiiebor
403 2801 463 2862 eim
485 2805 520 2862 in
543 2801 684 2862 eeclesia
704 2800 855 2876 fratrum
879 2817 1045 2877 meorum,
1075 2808 1108 2862 ei
1130 2800 1309 2862 cantabero

95 2905 153 2966 tibi
175 2910 211 2966 in
235 2906 342 2967 medio
367 2906 527 2966 eccleciae
556 2911 757 2966 concionem.
802 2901 913 2985 Itaque
942 2923 1000 2966 nos
1033 2924 1158 2979 sumus,
1193 2925 1270 2987 quos

94 3007 268 3072 introduxit
290 3010 323 3072 in
345 3015 462 3073 terrem
485 3008 610 3072 bonam.
660 3008 709 3071 17.
735 3006 796 3071 Sed
820 3027 916 3089 qnare
939 3006 989 3070 lac
1011 3007 1151 3071 etmel?
1182 3006 1269 3082 Quo·

94 3113 177 3178 niam
200 3113 308 3177 infans
329 3113 467 3196 primum
489 3113 591 3190 melle,
616 3116 692 3177 tnnc
715 3113 797 3176 lacte
820 3111 961 3181 viviscit;
986 3111 1032 3175 ita
1049 3112 1149 3196 igitur
1164 3117 1196 3175 et
1211 3133 1269 3175 nos

94 3216 160 3291 fide,
185 3240 283 3301 quam
305 3217 459 3282 habemus
482 3217 646 3301 promissis
670 3217 728 3295 dei,
753 3220 786 3279 et
807 3215 902 3279 verbo
923 3216 1166 3297 praedicationis
1189 3216 1268 3279 vivi·

93 3321 175 3385 ficati
199 3321 340 3384 vivemus
363 3325 479 3385 terram
501 3321 708 3404 possidentes.
756 3321 804 3384 18.
831 3318 981 3402 Superius
1005 3342 1077 3384 vero
1092 3321 1267 3404 praedixit:
1282 3343 1308 3380 ιι

161 3438 266 3494 coen.
287 3441 309 3501 1,
330 3441 371 3497 26.
392 3471 424 3479 -
445 3440 460 3492 7
480 3441 548 3496 Gen.
570 3442 592 3504 1,
614 3441 654 3495 28.
682 3471 718 3479 -
743 3439 879 3493 suaith.
902 3441 941 3500 19,
963 3440 1011 3500 30;
1030 3440 1071 3503 20,
1093 3441 1146 3495 162
1173 3472 1206 3480 -
1237 3444 1267 3496 11

94 3525 177 3581 Exod.
189 3528 231 3588 33,
242 3526 266 3579 3.
285 3559 320 3566 —
340 3527 372 3582 13
390 3525 542 3591 Ezech.ll‚
557 3528 601 3589 19;
620 3528 661 3590 36,
673 3528 810 3581 26.-18
829 3528 873 3581 Ps.
884 3527 926 3589 41,
938 3527 1055 3581 3.-19
1074 3527 1117 3580 Ps.
1130 3528 1269 3589 2123.-

93 3614 124 3666 25
142 3614 211 3667 Gen.
234 3616 255 3677 1,
275 3615 316 3667 26.
335 3613 375 3667 28.

93 3711 200 3774 ἔσονται
225 3725 333 3789 πρῶτοι
359 3714 470 3791 ἔσχατοι
488 3722 534 3775 καὶ
556 3713 668 3789 ἔσχατοι
695 3718 987 3787 1ο11οεοίο11111(Ηο1“.).

93 3812 205 3875 πρῶτοι,
226 3806 349 3858 formare
367 3806 469 3875 potuit.
498 3806 541 3861 Cf.
558 3804 665 3866 1111143,
731 3807 770 3861 14.
790 3803 934 3862 τουτέστιν
946 3797 987 3861 ὧν
998 3806 1068 3875 κτλ]
1089 3805 1267 3859 160111111ῒὶ-

94 3890 199 3949 18.19;
227 3892 253 3946 Il
273 3892 333 3948 Cor.
354 3895 377 3958 5,
399 3894 444 3955 17;
474 3896 560 3963 Apoc.
581 3895 622 3958 21,
642 3895 665 3947 5.
695 3892 1266 3962 anorunr,inquibusprophet-aeverbaim-

93 3976 195 4041 berch,
215 3981 353 4050 Agrapha
372 3981 439 4037 1889
456 3999 484 4050 p.
503 3980 552 4036 261
573 3981 666 4034 locum
694 3979 851 4048 pletasunt.
863 3980 1054 4048 -xcroraeivl
1064 3979 1104 4032 Cf.
1113 3979 1183 4048 Eph.
1194 3979 1266 4042 3‚17.

93 4062 196 4119 dictum
214 4066 330 4121 Domini
349 4070 504 4138 agruphum
523 4084 586 4121 esse
604 4083 665 4121 cen·
731 4067 770 4120 16.
789 4065 891 4129 Notes,
929 4066 1005 4119 hisce
1031 4066 1124 4118 verbis
1151 4067 1267 4120 tertiam

94 4157 147 4213 set:
167 4154 339 4208 contradicit
358 4154 459 4223 Ropes‚
479 4156 534 4210 Die
548 4154 666 4224 Spviicbe
693 4154 748 4208 loci
767 4154 843 4207 illius
858 4151 953 4207 biblici
966 4152 1183 4221 explicationem
1201 4152 1266 4207 alle·

93 4238 158 4293 deca
179 4240 246 4294 1896
263 4259 290 4309 p.
309 4241 344 4294 43
371 4241 463 4309 (Teme
488 4243 547 4296 ared
574 4242 665 4296 Umer·
694 4242 819 4311 goricam
829 4258 878 4294 seu
888 4240 1046 4310 gnosticam
1055 4240 1186 4309 incipere,
1194 4258 1267 4308 quae

93 4328 245 4398 erchunnen
264 4327 336 4392 XIV,
356 4327 391 4397 2).
416 4359 451 4366 -
476 4327 515 4395 εἰς
532 4329 627 4397 τοῦτο]
647 4328 664 4381 i.
692 4332 797 4381 terram
816 4327 896 4381 illam
922 4327 957 4379 de
976 4326 1095 4380 ccclesia
1113 4328 1268 4383 christiana

95 4427 115 4464 e.
133 4420 264 4484 respectu
274 4415 412 4470 secundae
421 4415 504 4469 huius
515 4415 665 4469 creationis
692 4413 903 4483 interpretatur.
932 4413 974 4466 Cf.
993 4414 1017 4477 6,
1037 4413 1061 4466 9.
1082 4414 1114 4468 10
1137 4416 1265 4485 (Hefele).

94 4500 324 4571 (regenerationis
351 4501 532 4570 christianae]
555 4501 665 4571 praedi·
730 4504 768 4557 17.
789 4502 844 4555 Lac
862 4499 1016 4555 etmel:
1034 4503 1125 4569 πίστις
1150 4507 1196 4559 καὶ
1221 4508 1266 4575 κή-

96 4589 165 4644 cavit
191 4590 346 4660 prophcta:
383 4589 490 4644 Intrate
519 4593 571 4644 etc.
601 4591 619 4643 i.
641 4605 664 4642 e.
693 4609 792 4662 ρογμα,
812 4588 914 4657 quibos
933 4588 1053 4643 ecclesia
1070 4606 1121 4644 nos
1133 4591 1230 4645 nutrit.
