2834 5018
390 696 440 751 ΑΙ)
459 694 635 750 EPHESIOS
654 695 711 758 XV,
731 695 876 752 a-xvnl
894 697 919 750 2.
1176 700 1239 764 227

60 876 184 959 etipse
208 876 241 939 in
265 875 357 939 nobis
380 876 457 939 deus
479 879 594 952 noster,
619 877 704 959 quod
727 878 759 938 et
781 880 830 939 est
852 878 884 939 et
907 875 1074 958 apparebit
1098 879 1171 940 ante
1187 873 1238 939 fa-

61 982 141 1045 ciem
164 985 305 1045 nostram
329 1003 345 1044 e
369 981 509 1057 caritate,
535 1003 629 1066 quam
651 981 734 1045 iuste
757 1002 834 1066 erga
855 981 961 1064 ipsum
982 981 1145 1045 habemus.

147 1085 234 1150 XVI.
268 1088 319 1150 Ne
351 1092 490 1165 erretis,
519 1086 633 1150 fratres
662 1086 740 1149 mei:
775 1085 969 1150 familiarum
999 1088 1240 1170 perturbatores

59 1211 198 1270 requam
222 1193 276 1255 dei
307 1211 373 1255 non
402 1191 642 1254 hereditabunt.
689 1192 718 1253 2.
743 1189 777 1254 si
801 1196 906 1255 autem
928 1190 964 1267 ii,
991 1191 1045 1275 qui
1067 1191 1240 1255 secundum

59 1317 187 1359 carnem
218 1295 296 1359 haec
327 1294 450 1379 operati
473 1298 560 1370 sunt,
591 1299 691 1359 morte
723 1302 797 1360 sunt
828 1296 949 1372 affecti,
983 1299 1101 1380 quanto
1124 1295 1266 1380 magias

60 1400 85 1463 si
109 1400 181 1483 quis
204 1400 299 1463 fidem
322 1399 373 1463 dei
384 1422 485 1482 prava
508 1400 651 1463 doctrina
667 1405 857 1483 corrumpat,
881 1421 940 1484 pro
956 1421 1018 1481 qua
1041 1398 1128 1463 lesus
1146 1398 1239 1463 chri-

58 1509 126 1567 stus
151 1504 318 1568 cmcifixus
341 1506 414 1567 est?
437 1502 535 1579 Talis,
559 1504 741 1587 inquinatus
765 1503 878 1580 factus
902 1504 935 1568 in
954 1503 1061 1588 ignem
1083 1504 1239 1568 inexstin-

58 1609 214 1693 guibilem
238 1609 313 1683 ibit;
338 1609 484 1672 simiIIter
507 1614 539 1673 et
562 1609 615 1693 qui
639 1609 727 1673 audit
748 1609 861 1692 ipsum.

148 1713 251 1778 XVII.
277 1713 327 1779 Ob
358 1714 391 1778 id
415 1714 558 1778 dominus
590 1714 622 1778 in
655 1715 758 1797 capite
788 1737 845 1779 suo
878 1715 1000 1798 accepit
1029 1718 1238 1798 unguentum,

58 1824 93 1882 ut
127 1819 280 1883 ecclesiae
311 1820 410 1903 spiret
438 1819 715 1902 incorruptionem.
761 1817 813 1882 Ne
835 1819 998 1902 ungamini
1027 1823 1111 1882 tetro
1143 1819 1240 1882 odore
1255 1828 1280 1865 1⁰

59 1923 222 1986 doctrinae
245 1923 397 2007 principis
413 1923 507 1987 huius
523 1923 650 2000 saeculi,
674 1944 714 1987 ne
729 1923 870 2006 captivos
893 1944 948 1986 vos
964 1924 1101 1987 abducat
1124 1946 1143 1986 a
1163 1942 1239 2006 pro-

57 2027 166 2111 posita
188 2028 264 2091 rita.
312 2030 340 2092 2.
362 2026 430 2092 Cur
451 2049 525 2092 vero
548 2050 612 2092 non
635 2050 743 2092 omnes
764 2029 935 2112 prudentes
958 2049 1084 2104 sumus,
1110 2031 1241 2110 accepta

57 2132 107 2194 dei
130 2131 329 2214 cognitione,
362 2133 446 2216 quod
479 2139 528 2197 est
549 2133 637 2197 Iesus
660 2132 825 2198 Christus?
860 2132 942 2210 Quid
970 2132 1058 2196 fatue
1088 2131 1238 2215 perimus,

55 2258 121 2299 non
146 2241 357 2320 agnoscentes
382 2238 508 2315 donum,
533 2239 617 2322 quod
639 2259 709 2302 vere
732 2238 818 2303 misit
841 2237 1009 2302 dominus?

147 2340 268 2404 XVIII.
293 2341 460 2406 Piaculum
483 2364 571 2407 meus
595 2343 725 2427 spiritus
749 2347 797 2407 est
826 2343 936 2418 crucis,
961 2362 1042 2425 quae
1069 2339 1238 2405 incredulis
1254 2350 1279 2389 11

57 2446 252 2523 scandalum,
279 2447 371 2511 uobis
393 2470 467 2512 vero
491 2447 577 2512 salus
601 2453 650 2512 est
672 2453 704 2512 et
725 2448 792 2512 vita
815 2451 950 2512 aeterna.
1002 2447 1061 2510 Ubi
1083 2448 1244 2526 cupiens?

61 2553 123 2614 b'bi'
146 2553 362 2632 dismrtulor?
391 2551 455 2616 Ubi
478 2552 627 2636 gloriatio
650 2574 774 2629 eorum,
800 2553 853 2636 qui
877 2551 1024 2615 dicuntur
1045 2550 1241 2634 pmdentes?

59 2658 88 2719 2.
123 2656 211 2720 Dens
241 2657 324 2720 enim
355 2663 462 2721 noster
493 2656 582 2722 lesus
613 2656 758 2721 Christus
787 2657 820 2720 in
849 2661 939 2720 utero
969 2658 1111 2740 gestatus
1142 2658 1190 2718 est
1222 2676 1242 2717 a

58 2760 163 2824 Maria
179 2760 269 2823 iuxta
292 2760 557 2843 dispensationem
573 2763 622 2826 dei
638 2783 682 2826 ea
697 2768 822 2825 semine
842 2761 968 2843 quidem
984 2762 1103 2840 Dauid,
1126 2758 1241 2842 spiritu

129 2894 145 2947 3
166 2896 177 2949 Ι
197 2895 259 2949 Cor.
278 2896 305 2962 6,
324 2899 347 2952 9.
371 2899 402 2955 10
422 2896 457 2949 of.
476 2896 547 2965 Eph.
567 2899 590 2959 5,
612 2899 635 2951 5.
660 2928 695 2936 —
719 2898 735 2950 9
754 2896 855 2950 Matth.
873 2896 915 2958 26,
935 2894 964 2955 7;
983 2894 1079 2947 Ioann.
1101 2895 1140 2957 12,
1162 2893 1187 2946 3.
1205 2924 1242 2931 -

60 2983 91 3038 17
113 2984 124 3037 l
145 2983 207 3036 Cor.
229 2986 250 3045 l,
270 2984 312 3036 20.
331 3016 366 3024 —
384 2986 418 3039 20
438 2987 533 3039 Iounn.
553 2986 645 3056 7,ξ42;
664 2985 742 3039 Rom.
764 2987 786 3049 l,
806 2985 835 3047 33
854 2984 880 3036 II
898 2984 967 3037 Tim.
987 2983 1011 3047 2,
1031 2983 1055 3038 8.

59 3090 109 3156 qui
139 3090 226 3142 etiam
254 3103 276 3139 c.
299 3088 330 3143 19
360 3090 481 3144 exhibet.
512 3121 545 3130 -
575 3087 697 3203 κατἸΠ,
714 3090 748 3143 9:
777 3095 827 3160 τὴν
853 3087 1066 3162 ἐνανθοὼπησιν
1093 3096 1143 3145 τοῦ
1172 3094 1242 3145 θεοῦ

57 3176 231 3245 οἰκονομίαν]
263 3176 303 3230 Cf.
324 3177 382 3232 col.
405 3182 426 3237 1.
447 3181 492 3241 253
521 3179 592 3248 Eph.
614 3179 636 3243 l,
664 3178 751 3249 λόγου
767 3181 907 3246 καλοῦμεν
920 3176 1091 3244 οἰκονομίαν)
1109 3174 1155 3229 vel
1168 3192 1239 3228 mor·

59 3265 107 3321 10:
127 3264 151 3325 3,
172 3264 188 3316 9
207 3263 231 3329 (l
250 3263 321 3317 Tim.
343 3268 364 3326 1,
383 3266 416 3328 4;
434 3266 446 3318 I
466 3266 527 3320 Cor.
546 3268 570 3328 9,
586 3267 636 3335 17).
664 3268 723 3317 tem
748 3263 864 3318 Domini
893 3263 940 3329 (cf.
960 3262 1028 3316 lust.
1047 3262 1119 3316 Dial.
1148 3279 1171 3315 ο.
1191 3262 1240 3315 30:

57 3349 121 3404 Vox
142 3351 193 3407 οἰκ.
224 3352 300 3420 apud
319 3356 414 3422 patres
434 3370 497 3406 oum
515 3353 637 3422 singula
665 3354 699 3421 τῇ
717 3360 767 3407 τοῦ
786 3349 938 3423 γενομένου
963 3350 1075 3416 πάθους
1098 3349 1185 3406 αὐτοῦ
1203 3349 1240 3405 οἰ-

57 3455 118 3490 rem
130 3439 324 3507 providentiae
333 3438 384 3492 Dei
396 3440 638 3510 dispensationem
663 3441 791 3516 κονομίᾳ.
801 3454 823 3490 c.
832 3439 879 3499 31;
892 3438 953 3501 107;
967 3437 1070 3507 Epiph.
1079 3436 1111 3488 H.
1120 3439 1151 3492 51
1162 3453 1185 3493 c.
1194 3438 1240 3491 25:

59 3525 218 3594 generatim
249 3527 296 3597 (cl.
317 3528 448 3598 Diognet.
466 3530 490 3593 4,
510 3531 543 3591 5;
571 3530 637 3583 lust.
665 3524 835 3594 ὴοίκονομία
850 3533 900 3581 τοῦ
911 3524 1033 3590 πάθους)
1043 3524 1168 3579 denotat.
1188 3524 1240 3577 Ta·

60 3611 302 3682 Dialog.c.107:
333 3614 377 3671 διὰ
404 3627 453 3686 τῆς
479 3604 759 3697 οἰκονομίαςμίαηυο
778 3611 806 3665 C.
827 3610 924 3665 Graec.
944 3629 966 3665 c.
980 3613 1003 3676 5,
1025 3611 1197 3681 Hippolytus
1211 3609 1239 3664 O.

57 3709 111 3756 τοῦ
129 3697 160 3756 ἐκ
179 3715 227 3772 τῆς
245 3714 296 3774 γῆς
313 3700 461 3767 ἀνατεῖλαι,
484 3703 546 3758 134;
566 3695 827 3760 οἰχο.1ΝοίΞΙιιηιο.
846 3700 875 3759 8;
897 3699 936 3761 14,
958 3699 1148 3753 Tertullianus
1169 3698 1240 3752 Adv.

56 3790 152 3856 νομίαι
179 3788 251 3855 τινὲς
276 3788 406 3860 μεγάλων
431 3793 590 3862 μυστηρίων
608 3785 745 3863 gv'Prax.
765 3788 818 3840 &2
835 3785 982 3855 (NOSVerO
1001 3828 1029 3846 ·.
1049 3787 1162 3841 unicum
1180 3785 1240 3851 qui·

57 3870 164 3946 ἑκάστῃ
190 3879 243 3930 τινὶ
270 3874 384 3946 τοιαύτῃ
413 3876 511 3947 πράξει
541 3875 638 3934 ἄπετε·
651 3878 653 3925 i
666 3873 729 3926 dem
742 3871 994 3928 Deumeredimus:
1016 3877 1067 3930 sub
1079 3876 1241 3929 huctamen

57 3966 169 4025 locvm,
190 3963 259 4030 141),
279 3964 339 4014 tum
358 3963 508 4031 speciatim
526 3964 579 4019 Dei
593 3966 637 4019 de·
665 3960 893 4028 dispensatione,
930 3978 1016 4028 quam
1049 3960 1241 4017 oeconomiam

60 4051 169 4102 cretum
188 4049 312 4102 salutare
331 4066 379 4103 seu
397 4055 527 4118 spectans
547 4053 583 4106 ad
595 4068 637 4104 sa-
666 4047 800 4111 dicimus,
828 4050 860 4101 ut
887 4048 963 4101 unici
982 4048 1035 4103 Dei
1062 4050 1099 4103 sit
1118 4050 1147 4102 et
1167 4046 1240 4100 filius

58 4137 148 4190 intem
174 4136 320 4190 hominum
343 4155 394 4207 per
415 4139 557 4193 Christum
574 4157 638 4209 pro·
666 4152 755 4189 sermo
768 4135 865 4205 ipsius,
885 4135 933 4202 qui
946 4153 979 4190 ex
998 4137 1060 4205 ipso
1072 4135 1242 4205 processerit

58 4231 189 4278 curatam
216 4224 262 4292 (cf.
293 4223 377 4278 (ilem.
405 4225 448 4279 Al.
474 4226 575 4279 Strom.
603 4227 637 4289 Il,
666 4224 746 4290 etc.);
765 4224 796 4284 3;
815 4224 832 4278 8
850 4222 1013 4290 οἰκονομίαν
1030 4224 1117 4276 etiam
1134 4224 1164 4276 in
1182 4240 1241 4290 my·

57 4314 91 4371 5,
111 4313 146 4366 20
173 4328 200 4380 p.
219 4310 286 4363 439:
324 4310 468 4380 οἰκονομία
494 4316 637 4384 σωτήριος.
667 4309 753 4363 sterio
771 4310 910 4365 trinitatis
929 4313 1066 4364 statuunt·
1104 4310 1146 4365 Cf.
1164 4307 1240 4372 Otto,

58 4400 126 4453 lust.
147 4398 258 4468 Dialog.
279 4415 301 4452 c.
321 4400 362 4453 67.
383 4399 427 4468 87)
447 4403 475 4452 ct
494 4414 577 4467 saepe
598 4398 638 4452 id·
666 4394 774 4464 Corpus
793 4396 911 4464 Apolog.
923 4395 966 4450 ed.
978 4397 1040 4450 tert
1061 4396 1240 4463 1‚11‚370sq.

59 4504 115 4555 que
133 4485 305 4556 praesertim
332 4486 407 4555 apud
425 4490 522 4554 patres
545 4488 638 4554 poste·
667 4482 745 4545 uass,
765 4482 828 4537 Dus
841 4483 1016 4550 patriniaco
1039 4483 1116 4538 Wort
1135 4483 1241 4541 οἰκονο·

58 4575 147 4628 riores
162 4571 390 4627 incarnationem
403 4573 494 4641 ipsam
511 4572 557 4642 (cf.
570 4571 637 4625 lust
665 4574 724 4640 μία,
751 4570 780 4623 in
798 4570 925 4624 Zeitsctr.
942 4570 964 4637 s.
982 4572 1053 4626 wius.
1084 4571 1173 4626 Τίκοί.
1199 4569 1241 4622 ed.

57 4661 131 4715 Dial.
162 4678 185 4715 c.
203 4660 251 4720 tm
277 4658 340 4721 120;
368 4658 536 4713 Theodorei.
564 4656 639 4712 Dial.
667 4655 834 4726 Hilgenfeld
853 4654 921 4711 1874
936 4673 963 4726 p.
982 4657 1128 4712 465-504.
1148 4687 1183 4696 -
1210 4653 1242 4713 dx

958 4745 1030 4811 15*
