<?xml version="1.0" encoding="UTF-8"?>
<!DOCTYPE html PUBLIC "-//W3C//DTD XHTML 1.0 Transitional//EN"
    "http://www.w3.org/TR/xhtml1/DTD/xhtml1-transitional.dtd">
<html xmlns="http://www.w3.org/1999/xhtml" xml:lang="en" lang="en">
 <head>
  <title>
</title>
<meta http-equiv="Content-Type" content="text/html;charset=utf-8" />
  <meta name='ocr-system' content='tesseract 3.04.00' />
  <meta name='ocr-capabilities' content='ocr_page ocr_carea ocr_par ocr_line ocrx_word'/>
</head>
<body>
  <div class='ocr_page' id='page_1' title='image "./patresapostolic00piongoog_0452.png"; bbox 0 0 2834 5018; ppageno 0'>
   <div class='ocr_carea' id='block_1_1' title="bbox 406 694 1248 764">
    <p class='ocr_par' dir='ltr' id='par_1_1' title="bbox 406 694 1248 764">
     <span class='ocr_line' id='line_1_1' title="bbox 406 694 1248 764; baseline 0.017 -13"><span class='ocrx_word' id='word_1_1' title='bbox 406 696 457 751; x_wconf 77' lang='lat' dir='ltr'>Au</span> <span class='ocrx_word' id='word_1_2' title='bbox 476 694 724 751; x_wconf 79' lang='lat' dir='ltr'><strong>POLYCARPUM</strong></span> <span class='ocrx_word' id='word_1_3' title='bbox 741 694 774 759; x_wconf 89' lang='grc' dir='ltr'>ΙΙ,</span> <span class='ocrx_word' id='word_1_4' title='bbox 794 695 879 757; x_wconf 79' lang='lat' dir='ltr'>3-v,</span> <span class='ocrx_word' id='word_1_5' title='bbox 898 697 920 749; x_wconf 88' lang='lat' dir='ltr'>l.</span> <span class='ocrx_word' id='word_1_6' title='bbox 1184 700 1248 764; x_wconf 80' lang='lat'>291</span> 
     </span>
    </p>
   </div>
   <div class='ocr_carea' id='block_1_2' title="bbox 64 873 1286 2530">
    <p class='ocr_par' dir='ltr' id='par_1_2' title="bbox 67 873 1248 1170">
     <span class='ocr_line' id='line_1_2' title="bbox 69 873 1248 959; baseline -0.003 -17"><span class='ocrx_word' id='word_1_7' title='bbox 69 878 195 942; x_wconf 90' lang='lat' dir='ltr'>sobrius</span> <span class='ocrx_word' id='word_1_8' title='bbox 219 881 255 940; x_wconf 84' lang='lat' dir='ltr'>ut</span> <span class='ocrx_word' id='word_1_9' title='bbox 281 877 331 941; x_wconf 93' lang='lat' dir='ltr'>dei</span> <span class='ocrx_word' id='word_1_10' title='bbox 354 877 493 950; x_wconf 80' lang='lat' dir='ltr'>athleta3</span> <span class='ocrx_word' id='word_1_11' title='bbox 528 874 703 959; x_wconf 87' lang='lat' dir='ltr'>praemium</span> <span class='ocrx_word' id='word_1_12' title='bbox 725 873 925 958; x_wconf 88' lang='lat' dir='ltr'>propositum</span> <span class='ocrx_word' id='word_1_13' title='bbox 948 878 997 938; x_wconf 89' lang='lat' dir='ltr'>est</span> <span class='ocrx_word' id='word_1_14' title='bbox 1024 874 1248 939; x_wconf 83' lang='lat' dir='ltr'>immortalitas</span> 
     </span>
     <span class='ocr_line' id='line_1_3' title="bbox 69 979 1248 1064; baseline 0 -19"><span class='ocrx_word' id='word_1_15' title='bbox 69 989 103 1045; x_wconf 89' lang='lat' dir='ltr'>et</span> <span class='ocrx_word' id='word_1_16' title='bbox 125 983 192 1045; x_wconf 84' lang='lat' dir='ltr'>vita</span> <span class='ocrx_word' id='word_1_17' title='bbox 216 987 353 1058; x_wconf 76' lang='lat' dir='ltr'>aeterna,</span> <span class='ocrx_word' id='word_1_18' title='bbox 378 982 415 1045; x_wconf 91' lang='lat' dir='ltr'>de</span> <span class='ocrx_word' id='word_1_19' title='bbox 439 1003 502 1064; x_wconf 84' lang='lat' dir='ltr'>qua</span> <span class='ocrx_word' id='word_1_20' title='bbox 525 984 557 1043; x_wconf 87' lang='lat' dir='ltr'>et</span> <span class='ocrx_word' id='word_1_21' title='bbox 571 979 632 1044; x_wconf 89' lang='lat' dir='ltr'>tibi</span> <span class='ocrx_word' id='word_1_22' title='bbox 654 1002 839 1064; x_wconf 83' lang='lat' dir='ltr'>persuasum</span> <span class='ocrx_word' id='word_1_23' title='bbox 855 984 911 1044; x_wconf 90' lang='lat' dir='ltr'>est.</span> <span class='ocrx_word' id='word_1_24' title='bbox 958 979 995 1044; x_wconf 91' lang='lat' dir='ltr'>In</span> <span class='ocrx_word' id='word_1_25' title='bbox 1017 980 1162 1045; x_wconf 91' lang='lat' dir='ltr'>omnibus</span> <span class='ocrx_word' id='word_1_26' title='bbox 1178 1003 1248 1045; x_wconf 91' lang='lat' dir='ltr'>sum</span> 
     </span>
     <span class='ocr_line' id='line_1_4' title="bbox 67 1084 1028 1170; baseline -0.001 -22"><span class='ocrx_word' id='word_1_27' title='bbox 67 1086 233 1170; x_wconf 82' lang='lat' dir='ltr'>piaculum</span> <span class='ocrx_word' id='word_1_28' title='bbox 256 1109 314 1169; x_wconf 92' lang='lat' dir='ltr'>pro</span> <span class='ocrx_word' id='word_1_29' title='bbox 337 1090 369 1150; x_wconf 92' lang='lat' dir='ltr'>te</span> <span class='ocrx_word' id='word_1_30' title='bbox 393 1107 452 1169; x_wconf 88' lang='lat' dir='ltr'>ego</span> <span class='ocrx_word' id='word_1_31' title='bbox 475 1089 508 1148; x_wconf 89' lang='lat' dir='ltr'>et</span> <span class='ocrx_word' id='word_1_32' title='bbox 529 1084 655 1148; x_wconf 85' lang='lat' dir='ltr'>vincula</span> <span class='ocrx_word' id='word_1_33' title='bbox 677 1106 755 1160; x_wconf 75' lang='lat' dir='ltr'>mea,</span> <span class='ocrx_word' id='word_1_34' title='bbox 780 1107 860 1168; x_wconf 89' lang='lat' dir='ltr'>quae</span> <span class='ocrx_word' id='word_1_35' title='bbox 883 1084 1028 1149; x_wconf 78' lang='lat' dir='ltr'>dilexisti.</span> 
     </span>
    </p>

    <p class='ocr_par' dir='ltr' id='par_1_3' title="bbox 64 1188 1286 2006">
     <span class='ocr_line' id='line_1_5' title="bbox 158 1188 1247 1272; baseline -0.001 -18"><span class='ocrx_word' id='word_1_36' title='bbox 158 1190 214 1254; x_wconf 91' lang='lat' dir='ltr'>Ill.</span> <span class='ocrx_word' id='word_1_37' title='bbox 239 1190 301 1267; x_wconf 89' lang='lat' dir='ltr'>Qui</span> <span class='ocrx_word' id='word_1_38' title='bbox 324 1191 469 1254; x_wconf 86' lang='lat' dir='ltr'>videntur</span> <span class='ocrx_word' id='word_1_39' title='bbox 491 1190 552 1252; x_wconf 90' lang='lat' dir='ltr'>fide</span> <span class='ocrx_word' id='word_1_40' title='bbox 586 1189 673 1272; x_wconf 88' lang='lat' dir='ltr'>digni</span> <span class='ocrx_word' id='word_1_41' title='bbox 696 1210 763 1251; x_wconf 91' lang='lat' dir='ltr'>esse</span> <span class='ocrx_word' id='word_1_42' title='bbox 786 1194 818 1252; x_wconf 89' lang='lat' dir='ltr'>et</span> <span class='ocrx_word' id='word_1_43' title='bbox 840 1188 944 1253; x_wconf 85' lang='lat' dir='ltr'>aliena</span> <span class='ocrx_word' id='word_1_44' title='bbox 966 1190 1097 1267; x_wconf 77' lang='lat' dir='ltr'>docent,</span> <span class='ocrx_word' id='word_1_45' title='bbox 1129 1195 1160 1254; x_wconf 89' lang='lat' dir='ltr'>te</span> <span class='ocrx_word' id='word_1_46' title='bbox 1183 1211 1247 1253; x_wconf 89' lang='lat' dir='ltr'>non</span> 
     </span>
     <span class='ocr_line' id='line_1_6' title="bbox 65 1293 1273 1379; baseline -0.005 -19"><span class='ocrx_word' id='word_1_47' title='bbox 65 1296 340 1379; x_wconf 79' lang='lat' dir='ltr'>perterrefaciant.</span> <span class='ocrx_word' id='word_1_48' title='bbox 388 1294 444 1359; x_wconf 85' lang='lat' dir='ltr'>Sta</span> <span class='ocrx_word' id='word_1_49' title='bbox 467 1295 576 1357; x_wconf 88' lang='lat' dir='ltr'>firmus</span> <span class='ocrx_word' id='word_1_50' title='bbox 606 1293 766 1369; x_wconf 80' lang='lat' dir='ltr'>ulmeus,</span> <span class='ocrx_word' id='word_1_51' title='bbox 799 1315 880 1377; x_wconf 86' lang='lat' dir='ltr'>quae</span> <span class='ocrx_word' id='word_1_52' title='bbox 903 1293 1087 1376; x_wconf 83' lang='lat' dir='ltr'>percutitur.</span> <span class='ocrx_word' id='word_1_53' title='bbox 1133 1294 1273 1379; x_wconf 77' lang='lat' dir='ltr'>Magnis</span> 
     </span>
     <span class='ocr_line' id='line_1_7' title="bbox 67 1398 1245 1483; baseline 0.001 -19"><span class='ocrx_word' id='word_1_54' title='bbox 67 1400 210 1464; x_wconf 82' lang='lat' dir='ltr'>athletae</span> <span class='ocrx_word' id='word_1_55' title='bbox 234 1406 291 1478; x_wconf 82' lang='lat' dir='ltr'>est,</span> <span class='ocrx_word' id='word_1_56' title='bbox 318 1400 406 1464; x_wconf 84' lang='lat' dir='ltr'>caedi</span> <span class='ocrx_word' id='word_1_57' title='bbox 431 1404 462 1463; x_wconf 81' lang='lat' dir='ltr'>et</span> <span class='ocrx_word' id='word_1_58' title='bbox 485 1400 617 1463; x_wconf 91' lang='lat' dir='ltr'>vincere.</span> <span class='ocrx_word' id='word_1_59' title='bbox 664 1398 802 1462; x_wconf 84' lang='lat' dir='ltr'>Maxime</span> <span class='ocrx_word' id='word_1_60' title='bbox 824 1421 899 1463; x_wconf 89' lang='lat' dir='ltr'>vero</span> <span class='ocrx_word' id='word_1_61' title='bbox 913 1405 1045 1483; x_wconf 87' lang='lat' dir='ltr'>propter</span> <span class='ocrx_word' id='word_1_62' title='bbox 1067 1401 1160 1464; x_wconf 89' lang='lat' dir='ltr'>deum</span> <span class='ocrx_word' id='word_1_63' title='bbox 1176 1422 1245 1464; x_wconf 89' lang='lat' dir='ltr'>om·</span> 
     </span>
     <span class='ocr_line' id='line_1_8' title="bbox 66 1503 1245 1590; baseline 0 -22"><span class='ocrx_word' id='word_1_64' title='bbox 66 1505 123 1568; x_wconf 86' lang='lat' dir='ltr'>nia</span> <span class='ocrx_word' id='word_1_65' title='bbox 146 1506 299 1569; x_wconf 85' lang='lat' dir='ltr'>sustinere</span> <span class='ocrx_word' id='word_1_66' title='bbox 322 1526 380 1568; x_wconf 91' lang='lat' dir='ltr'>nos</span> <span class='ocrx_word' id='word_1_67' title='bbox 404 1507 599 1590; x_wconf 71' lang='lat' dir='ltr'>oportetut</span> <span class='ocrx_word' id='word_1_68' title='bbox 620 1508 653 1567; x_wconf 86' lang='lat' dir='ltr'>et</span> <span class='ocrx_word' id='word_1_69' title='bbox 674 1503 742 1586; x_wconf 92' lang='lat' dir='ltr'>ipse</span> <span class='ocrx_word' id='word_1_70' title='bbox 764 1525 822 1567; x_wconf 93' lang='lat' dir='ltr'>nos</span> <span class='ocrx_word' id='word_1_71' title='bbox 852 1505 1015 1568; x_wconf 85' lang='lat' dir='ltr'>sustineat.</span> <span class='ocrx_word' id='word_1_72' title='bbox 1063 1506 1092 1568; x_wconf 88' lang='lat'>2.</span> <span class='ocrx_word' id='word_1_73' title='bbox 1118 1503 1245 1569; x_wconf 85' lang='lat' dir='ltr'>Studio·</span> 
     </span>
     <span class='ocr_line' id='line_1_9' title="bbox 66 1608 1244 1695; baseline 0.002 -23"><span class='ocrx_word' id='word_1_74' title='bbox 66 1610 134 1672; x_wconf 84' lang='lat' dir='ltr'>sior</span> <span class='ocrx_word' id='word_1_75' title='bbox 156 1611 222 1683; x_wconf 77' lang='lat' dir='ltr'>fias,</span> <span class='ocrx_word' id='word_1_76' title='bbox 248 1632 343 1695; x_wconf 85' lang='lat' dir='ltr'>quam</span> <span class='ocrx_word' id='word_1_77' title='bbox 367 1631 409 1673; x_wconf 89' lang='lat' dir='ltr'>es.</span> <span class='ocrx_word' id='word_1_78' title='bbox 457 1608 613 1691; x_wconf 86' lang='lat' dir='ltr'>Tempora</span> <span class='ocrx_word' id='word_1_79' title='bbox 635 1610 801 1691; x_wconf 88' lang='lat' dir='ltr'>perpende.</span> <span class='ocrx_word' id='word_1_80' title='bbox 848 1610 948 1686; x_wconf 72' lang='lat' dir='ltr'>Eum,</span> <span class='ocrx_word' id='word_1_81' title='bbox 981 1610 1034 1694; x_wconf 91' lang='lat' dir='ltr'>qui</span> <span class='ocrx_word' id='word_1_82' title='bbox 1056 1610 1142 1674; x_wconf 88' lang='lat' dir='ltr'>ultra</span> <span class='ocrx_word' id='word_1_83' title='bbox 1163 1615 1244 1674; x_wconf 90' lang='lat' dir='ltr'>tem·</span> 
     </span>
     <span class='ocr_line' id='line_1_10' title="bbox 64 1713 1245 1798; baseline 0 -21"><span class='ocrx_word' id='word_1_84' title='bbox 64 1737 126 1798; x_wconf 91' lang='lat' dir='ltr'>pus</span> <span class='ocrx_word' id='word_1_85' title='bbox 149 1719 207 1792; x_wconf 75' lang='lat' dir='ltr'>est,</span> <span class='ocrx_word' id='word_1_86' title='bbox 232 1720 394 1798; x_wconf 78' lang='lat' dir='ltr'>exspecta,</span> <span class='ocrx_word' id='word_1_87' title='bbox 418 1713 676 1796; x_wconf 79' lang='lat' dir='ltr'>intemporalem,</span> <span class='ocrx_word' id='word_1_88' title='bbox 701 1713 910 1782; x_wconf 83' lang='lat' dir='ltr'>invisibilem.</span> <span class='ocrx_word' id='word_1_89' title='bbox 934 1719 1065 1797; x_wconf 87' lang='lat' dir='ltr'>propter</span> <span class='ocrx_word' id='word_1_90' title='bbox 1087 1736 1145 1779; x_wconf 87' lang='lat' dir='ltr'>nos</span> <span class='ocrx_word' id='word_1_91' title='bbox 1168 1714 1245 1778; x_wconf 90' lang='lat' dir='ltr'>visi·</span> 
     </span>
     <span class='ocr_line' id='line_1_11' title="bbox 65 1817 1286 1905; baseline 0 -22"><span class='ocrx_word' id='word_1_92' title='bbox 65 1820 174 1896; x_wconf 79' lang='lat' dir='ltr'>bilem,</span> <span class='ocrx_word' id='word_1_93' title='bbox 198 1818 454 1902; x_wconf 79' lang='lat' dir='ltr'>impalpabilem.</span> <span class='ocrx_word' id='word_1_94' title='bbox 479 1817 710 1901; x_wconf 80' lang='lat' dir='ltr'>impatibilem,</span> <span class='ocrx_word' id='word_1_95' title='bbox 743 1821 875 1901; x_wconf 89' lang='lat' dir='ltr'>propter</span> <span class='ocrx_word' id='word_1_96' title='bbox 897 1840 955 1881; x_wconf 90' lang='lat' dir='ltr'>nos</span> <span class='ocrx_word' id='word_1_97' title='bbox 981 1819 1164 1902; x_wconf 75' lang='lat' dir='ltr'>patibilem,</span> <span class='ocrx_word' id='word_1_98' title='bbox 1190 1820 1245 1905; x_wconf 92' lang='lat' dir='ltr'>qui</span> <span class='ocrx_word' id='word_1_99' title='bbox 1260 1836 1286 1874; x_wconf 83' lang='lat'>10</span> 
     </span>
     <span class='ocr_line' id='line_1_12' title="bbox 65 1922 683 2006; baseline -0.005 -20"><span class='ocrx_word' id='word_1_100' title='bbox 65 1923 153 1987; x_wconf 91' lang='lat' dir='ltr'>omni</span> <span class='ocrx_word' id='word_1_101' title='bbox 176 1923 270 1986; x_wconf 92' lang='lat' dir='ltr'>modo</span> <span class='ocrx_word' id='word_1_102' title='bbox 292 1926 423 2006; x_wconf 82' lang='lat' dir='ltr'>propter</span> <span class='ocrx_word' id='word_1_103' title='bbox 446 1943 503 1985; x_wconf 91' lang='lat' dir='ltr'>nos</span> <span class='ocrx_word' id='word_1_104' title='bbox 526 1922 683 1985; x_wconf 84' lang='lat' dir='ltr'>sustinuit.</span> 
     </span>
    </p>

    <p class='ocr_par' dir='ltr' id='par_1_4' title="bbox 64 2025 1284 2530">
     <span class='ocr_line' id='line_1_13' title="bbox 156 2025 1243 2110; baseline 0.002 -20"><span class='ocrx_word' id='word_1_105' title='bbox 156 2025 211 2090; x_wconf 91' lang='lat' dir='ltr'>IV.</span> <span class='ocrx_word' id='word_1_106' title='bbox 236 2026 360 2090; x_wconf 84' lang='lat' dir='ltr'>Viduae</span> <span class='ocrx_word' id='word_1_107' title='bbox 383 2048 423 2089; x_wconf 94' lang='lat' dir='ltr'>ne</span> <span class='ocrx_word' id='word_1_108' title='bbox 450 2026 675 2110; x_wconf 80' lang='lat' dir='ltr'>neglegantur;</span> <span class='ocrx_word' id='word_1_109' title='bbox 706 2031 778 2108; x_wconf 90' lang='lat' dir='ltr'>post</span> <span class='ocrx_word' id='word_1_110' title='bbox 808 2027 968 2090; x_wconf 91' lang='lat' dir='ltr'>dominum</span> <span class='ocrx_word' id='word_1_111' title='bbox 999 2032 1034 2091; x_wconf 92' lang='lat' dir='ltr'>tu</span> <span class='ocrx_word' id='word_1_112' title='bbox 1057 2050 1165 2092; x_wconf 88' lang='lat' dir='ltr'>earum</span> <span class='ocrx_word' id='word_1_113' title='bbox 1188 2051 1243 2092; x_wconf 95' lang='lat' dir='ltr'>cu-</span> 
     </span>
     <span class='ocr_line' id='line_1_14' title="bbox 65 2130 1243 2216; baseline 0.002 -22"><span class='ocrx_word' id='word_1_114' title='bbox 65 2136 155 2194; x_wconf 85' lang='lat' dir='ltr'>rator</span> <span class='ocrx_word' id='word_1_115' title='bbox 179 2132 230 2195; x_wconf 86' lang='lat' dir='ltr'>sis.</span> <span class='ocrx_word' id='word_1_116' title='bbox 278 2131 371 2196; x_wconf 90' lang='lat' dir='ltr'>Nihil</span> <span class='ocrx_word' id='word_1_117' title='bbox 394 2131 460 2195; x_wconf 87' lang='lat' dir='ltr'>sine</span> <span class='ocrx_word' id='word_1_118' title='bbox 475 2135 531 2194; x_wconf 86' lang='lat' dir='ltr'>tua</span> <span class='ocrx_word' id='word_1_119' title='bbox 553 2130 716 2194; x_wconf 80' lang='lat' dir='ltr'>voluntate</span> <span class='ocrx_word' id='word_1_120' title='bbox 732 2131 789 2195; x_wconf 89' lang='lat' dir='ltr'>fiat</span> <span class='ocrx_word' id='word_1_121' title='bbox 810 2152 912 2216; x_wconf 89' lang='lat' dir='ltr'>neque</span> <span class='ocrx_word' id='word_1_122' title='bbox 928 2135 963 2194; x_wconf 87' lang='lat' dir='ltr'>tu</span> <span class='ocrx_word' id='word_1_123' title='bbox 987 2132 1160 2216; x_wconf 84' lang='lat' dir='ltr'>quidquam</span> <span class='ocrx_word' id='word_1_124' title='bbox 1176 2133 1243 2196; x_wconf 90' lang='lat' dir='ltr'>sine</span> 
     </span>
     <span class='ocr_line' id='line_1_15' title="bbox 65 2235 1243 2321; baseline 0 -21"><span class='ocrx_word' id='word_1_125' title='bbox 65 2238 125 2300; x_wconf 89' lang='lat' dir='ltr'>deo</span> <span class='ocrx_word' id='word_1_126' title='bbox 149 2258 242 2321; x_wconf 74' lang='lat' dir='ltr'>agas,</span> <span class='ocrx_word' id='word_1_127' title='bbox 276 2237 360 2320; x_wconf 89' lang='lat' dir='ltr'>quod</span> <span class='ocrx_word' id='word_1_128' title='bbox 383 2257 439 2300; x_wconf 93' lang='lat' dir='ltr'>nec</span> <span class='ocrx_word' id='word_1_129' title='bbox 463 2236 555 2309; x_wconf 62' lang='lat' dir='ltr'>facim</span> <span class='ocrx_word' id='word_1_130' title='bbox 587 2240 655 2299; x_wconf 85' lang='lat' dir='ltr'>esto</span> <span class='ocrx_word' id='word_1_131' title='bbox 679 2241 836 2300; x_wconf 86' lang='lat' dir='ltr'>constans.</span> <span class='ocrx_word' id='word_1_132' title='bbox 883 2237 912 2299; x_wconf 88' lang='lat'>2.</span> <span class='ocrx_word' id='word_1_133' title='bbox 937 2235 1083 2301; x_wconf 82' lang='lat' dir='ltr'>Crebrius</span> <span class='ocrx_word' id='word_1_134' title='bbox 1107 2258 1243 2301; x_wconf 90' lang='lat' dir='ltr'>conven·</span> 
     </span>
     <span class='ocr_line' id='line_1_16' title="bbox 64 2340 1284 2423; baseline 0.001 -20"><span class='ocrx_word' id='word_1_135' title='bbox 64 2345 118 2404; x_wconf 93' lang='lat' dir='ltr'>tus</span> <span class='ocrx_word' id='word_1_136' title='bbox 141 2341 237 2414; x_wconf 85' lang='lat' dir='ltr'>fiant;</span> <span class='ocrx_word' id='word_1_137' title='bbox 270 2340 458 2404; x_wconf 81' lang='lat' dir='ltr'>nominatim</span> <span class='ocrx_word' id='word_1_138' title='bbox 488 2363 596 2404; x_wconf 87' lang='lat' dir='ltr'>omnes</span> <span class='ocrx_word' id='word_1_139' title='bbox 627 2363 749 2423; x_wconf 81' lang='lat' dir='ltr'>quaere.</span> <span class='ocrx_word' id='word_1_140' title='bbox 795 2343 824 2405; x_wconf 85' lang='lat'>3.</span> <span class='ocrx_word' id='word_1_141' title='bbox 849 2340 962 2405; x_wconf 85' lang='lat' dir='ltr'>Servos</span> <span class='ocrx_word' id='word_1_142' title='bbox 985 2345 1018 2404; x_wconf 89' lang='lat' dir='ltr'>et</span> <span class='ocrx_word' id='word_1_143' title='bbox 1049 2341 1180 2405; x_wconf 81' lang='lat' dir='ltr'>ancillas</span> <span class='ocrx_word' id='word_1_144' title='bbox 1203 2357 1284 2405; x_wconf 77' lang='lat' dir='ltr'>ne1⁶</span> 
     </span>
     <span class='ocr_line' id='line_1_17' title="bbox 64 2445 1243 2530; baseline 0.001 -21"><span class='ocrx_word' id='word_1_145' title='bbox 64 2450 261 2520; x_wconf 60' lang='lat' dir='ltr'>contemnam</span> <span class='ocrx_word' id='word_1_146' title='bbox 286 2446 341 2509; x_wconf 92' lang='lat' dir='ltr'>sed</span> <span class='ocrx_word' id='word_1_147' title='bbox 363 2466 420 2509; x_wconf 92' lang='lat' dir='ltr'>nec</span> <span class='ocrx_word' id='word_1_148' title='bbox 443 2445 506 2528; x_wconf 90' lang='lat' dir='ltr'>ipsi</span> <span class='ocrx_word' id='word_1_149' title='bbox 529 2446 723 2528; x_wconf 85' lang='lat' dir='ltr'>superbiant,</span> <span class='ocrx_word' id='word_1_150' title='bbox 747 2468 855 2509; x_wconf 85' lang='lat' dir='ltr'>verum</span> <span class='ocrx_word' id='word_1_151' title='bbox 878 2446 918 2509; x_wconf 89' lang='lat' dir='ltr'>ad</span> <span class='ocrx_word' id='word_1_152' title='bbox 941 2445 1076 2530; x_wconf 85' lang='lat' dir='ltr'>gloriam</span> <span class='ocrx_word' id='word_1_153' title='bbox 1100 2446 1149 2509; x_wconf 91' lang='lat' dir='ltr'>dei</span> <span class='ocrx_word' id='word_1_154' title='bbox 1170 2446 1243 2530; x_wconf 90' lang='lat' dir='ltr'>plus</span> 
     </span>
    </p>
   </div>
   <div class='ocr_carea' id='block_1_3' title="bbox 62 2548 1283 3051">
    <p class='ocr_par' dir='ltr' id='par_1_5' title="bbox 62 2548 1244 2843">
     <span class='ocr_line' id='line_1_18' title="bbox 64 2548 1243 2634; baseline 0.001 -22"><span class='ocrx_word' id='word_1_155' title='bbox 64 2550 221 2627; x_wconf 75' lang='lat' dir='ltr'>serviant,</span> <span class='ocrx_word' id='word_1_156' title='bbox 255 2554 290 2612; x_wconf 83' lang='lat' dir='ltr'>ut</span> <span class='ocrx_word' id='word_1_157' title='bbox 318 2550 476 2633; x_wconf 89' lang='lat' dir='ltr'>potiorem</span> <span class='ocrx_word' id='word_1_158' title='bbox 505 2550 684 2614; x_wconf 86' lang='lat' dir='ltr'>libertatem</span> <span class='ocrx_word' id='word_1_159' title='bbox 708 2574 727 2614; x_wconf 88' lang='lat' dir='ltr'>a</span> <span class='ocrx_word' id='word_1_160' title='bbox 755 2551 812 2615; x_wconf 91' lang='lat' dir='ltr'>deo</span> <span class='ocrx_word' id='word_1_161' title='bbox 843 2554 1084 2634; x_wconf 86' lang='lat' dir='ltr'>consequantur.</span> <span class='ocrx_word' id='word_1_162' title='bbox 1130 2548 1243 2634; x_wconf 87' lang='lat' dir='ltr'>Neque</span> 
     </span>
     <span class='ocr_line' id='line_1_19' title="bbox 63 2654 1244 2738; baseline 0.003 -22"><span class='ocrx_word' id='word_1_163' title='bbox 63 2654 243 2717; x_wconf 88' lang='lat' dir='ltr'>desiderent</span> <span class='ocrx_word' id='word_1_164' title='bbox 273 2655 491 2720; x_wconf 86' lang='lat' dir='ltr'>communibus</span> <span class='ocrx_word' id='word_1_165' title='bbox 522 2656 705 2738; x_wconf 88' lang='lat' dir='ltr'>sumptibus</span> <span class='ocrx_word' id='word_1_166' title='bbox 728 2678 744 2718; x_wconf 92' lang='lat' dir='ltr'>e</span> <span class='ocrx_word' id='word_1_167' title='bbox 766 2655 917 2720; x_wconf 90' lang='lat' dir='ltr'>servitute</span> <span class='ocrx_word' id='word_1_168' title='bbox 940 2655 1067 2731; x_wconf 81' lang='lat' dir='ltr'>redimi,</span> <span class='ocrx_word' id='word_1_169' title='bbox 1099 2678 1139 2719; x_wconf 92' lang='lat' dir='ltr'>ne</span> <span class='ocrx_word' id='word_1_170' title='bbox 1161 2655 1244 2719; x_wconf 86' lang='lat' dir='ltr'>servi</span> 
     </span>
     <span class='ocr_line' id='line_1_20' title="bbox 62 2759 481 2843; baseline 0.002 -22"><span class='ocrx_word' id='word_1_171' title='bbox 62 2759 265 2822; x_wconf 82' lang='lat' dir='ltr'>inveniantur</span> <span class='ocrx_word' id='word_1_172' title='bbox 288 2760 481 2843; x_wconf 80' lang='lat' dir='ltr'>cupiditatis,</span> 
     </span>
    </p>

    <p class='ocr_par' dir='ltr' id='par_1_6' title="bbox 62 2861 1283 3051">
     <span class='ocr_line' id='line_1_21' title="bbox 152 2861 1283 2950; baseline 0.004 -25"><span class='ocrx_word' id='word_1_173' title='bbox 152 2861 192 2925; x_wconf 89' lang='lat' dir='ltr'>V.</span> <span class='ocrx_word' id='word_1_174' title='bbox 217 2862 320 2926; x_wconf 86' lang='lat' dir='ltr'>Malas</span> <span class='ocrx_word' id='word_1_175' title='bbox 349 2868 431 2926; x_wconf 84' lang='lat' dir='ltr'>artes</span> <span class='ocrx_word' id='word_1_176' title='bbox 457 2864 551 2948; x_wconf 82' lang='lat' dir='ltr'>fuge,</span> <span class='ocrx_word' id='word_1_177' title='bbox 585 2866 688 2949; x_wconf 79' lang='lat' dir='ltr'>magis</span> <span class='ocrx_word' id='word_1_178' title='bbox 712 2870 817 2929; x_wconf 80' lang='lat' dir='ltr'>sutem</span> <span class='ocrx_word' id='word_1_179' title='bbox 840 2867 878 2930; x_wconf 90' lang='lat' dir='ltr'>de</span> <span class='ocrx_word' id='word_1_180' title='bbox 900 2866 965 2930; x_wconf 89' lang='lat' dir='ltr'>illis</span> <span class='ocrx_word' id='word_1_181' title='bbox 993 2887 1099 2930; x_wconf 85' lang='lat' dir='ltr'>coram</span> <span class='ocrx_word' id='word_1_182' title='bbox 1122 2867 1242 2950; x_wconf 89' lang='lat' dir='ltr'>populo</span> <span class='ocrx_word' id='word_1_183' title='bbox 1256 2878 1283 2915; x_wconf 71' lang='lat'>2⁰</span> 
     </span>
     <span class='ocr_line' id='line_1_22' title="bbox 62 2967 1243 3051; baseline 0.003 -21"><span class='ocrx_word' id='word_1_184' title='bbox 62 2967 204 3051; x_wconf 88' lang='lat' dir='ltr'>loquere.</span> <span class='ocrx_word' id='word_1_185' title='bbox 251 2967 417 3032; x_wconf 85' lang='lat' dir='ltr'>Sororibus</span> <span class='ocrx_word' id='word_1_186' title='bbox 441 2968 519 3032; x_wconf 87' lang='lat' dir='ltr'>meis</span> <span class='ocrx_word' id='word_1_187' title='bbox 543 2969 649 3047; x_wconf 78' lang='lat' dir='ltr'>dicito,</span> <span class='ocrx_word' id='word_1_188' title='bbox 682 2975 718 3033; x_wconf 89' lang='lat' dir='ltr'>ut</span> <span class='ocrx_word' id='word_1_189' title='bbox 741 2971 901 3034; x_wconf 89' lang='lat' dir='ltr'>dominum</span> <span class='ocrx_word' id='word_1_190' title='bbox 929 2975 1035 3034; x_wconf 86' lang='lat' dir='ltr'>ament</span> <span class='ocrx_word' id='word_1_191' title='bbox 1057 2975 1089 3034; x_wconf 92' lang='lat' dir='ltr'>et</span> <span class='ocrx_word' id='word_1_192' title='bbox 1120 2970 1243 3034; x_wconf 83' lang='lat' dir='ltr'>maritis</span> 
     </span>
    </p>
   </div>
   <div class='ocr_carea' id='block_1_4' title="bbox 53 3153 1242 4700">
    <p class='ocr_par' dir='ltr' id='par_1_7' title="bbox 60 3153 1241 3311">
     <span class='ocr_line' id='line_1_23' title="bbox 63 3153 1241 3229; baseline 0.002 -20"><span class='ocrx_word' id='word_1_193' title='bbox 63 3155 141 3222; x_wconf 76' lang='grc' dir='ltr'><strong>(τοὺς</strong></span> <span class='ocrx_word' id='word_1_194' title='bbox 159 3153 273 3223; x_wconf 81' lang='grc' dir='ltr'><strong><em>καιροὺς</em></strong></span> <span class='ocrx_word' id='word_1_195' title='bbox 289 3160 369 3213; x_wconf 63' lang='lat' dir='ltr'>xta).</span> <span class='ocrx_word' id='word_1_196' title='bbox 390 3187 423 3194; x_wconf 91' lang='lat'>—</span> <span class='ocrx_word' id='word_1_197' title='bbox 446 3156 511 3223; x_wconf 79' lang='grc' dir='ltr'><em>τοὺς</em></span> <span class='ocrx_word' id='word_1_198' title='bbox 528 3159 640 3229; x_wconf 76' lang='grc' dir='ltr'><strong><em>καιροὺς</em></strong></span> <span class='ocrx_word' id='word_1_199' title='bbox 652 3161 654 3209; x_wconf 83' lang='grc'>1</span> <span class='ocrx_word' id='word_1_200' title='bbox 666 3158 780 3212; x_wconf 90' lang='lat' dir='ltr'>minime</span> <span class='ocrx_word' id='word_1_201' title='bbox 798 3159 945 3228; x_wconf 81' lang='lat' dir='ltr'>prohibet,</span> <span class='ocrx_word' id='word_1_202' title='bbox 965 3158 1115 3226; x_wconf 87' lang='lat' dir='ltr'>quominus</span> <span class='ocrx_word' id='word_1_203' title='bbox 1135 3158 1190 3211; x_wconf 90' lang='lat' dir='ltr'>illis</span> <span class='ocrx_word' id='word_1_204' title='bbox 1209 3159 1241 3211; x_wconf 94' lang='lat' dir='ltr'>li·</span> 
     </span>
     <span class='ocr_line' id='line_1_24' title="bbox 60 3239 1164 3311; baseline -0.001 -13"><span class='ocrx_word' id='word_1_205' title='bbox 60 3243 132 3311; x_wconf 67' lang='lat' dir='ltr'>m]</span> <span class='ocrx_word' id='word_1_206' title='bbox 153 3242 195 3295; x_wconf 85' lang='lat' dir='ltr'>cf.</span> <span class='ocrx_word' id='word_1_207' title='bbox 215 3239 316 3294; x_wconf 85' lang='lat' dir='ltr'>Matth.</span> <span class='ocrx_word' id='word_1_208' title='bbox 338 3244 376 3303; x_wconf 91' lang='grc'>16,</span> <span class='ocrx_word' id='word_1_209' title='bbox 397 3246 426 3303; x_wconf 85' lang='grc'>3;</span> <span class='ocrx_word' id='word_1_210' title='bbox 452 3243 516 3297; x_wconf 90' lang='lat' dir='ltr'>Luc.</span> <span class='ocrx_word' id='word_1_211' title='bbox 538 3246 577 3305; x_wconf 82' lang='lat'>12,</span> <span class='ocrx_word' id='word_1_212' title='bbox 597 3245 638 3297; x_wconf 83' lang='lat'>56.</span> <span class='ocrx_word' id='word_1_213' title='bbox 665 3247 760 3300; x_wconf 83' lang='lat' dir='ltr'>bertas</span> <span class='ocrx_word' id='word_1_214' title='bbox 778 3247 867 3301; x_wconf 85' lang='lat' dir='ltr'>detur.</span> <span class='ocrx_word' id='word_1_215' title='bbox 904 3246 946 3299; x_wconf 79' lang='lat' dir='ltr'>of.</span> <span class='ocrx_word' id='word_1_216' title='bbox 966 3245 978 3297; x_wconf 95' lang='lat' dir='ltr'>I</span> <span class='ocrx_word' id='word_1_217' title='bbox 999 3244 1060 3299; x_wconf 84' lang='lat' dir='ltr'>Cor.</span> <span class='ocrx_word' id='word_1_218' title='bbox 1080 3247 1103 3307; x_wconf 87' lang='grc'>’1,</span> <span class='ocrx_word' id='word_1_219' title='bbox 1123 3248 1164 3298; x_wconf 83' lang='grc'>21.</span> 
     </span>
    </p>

    <p class='ocr_par' dir='ltr' id='par_1_8' title="bbox 59 3328 1242 3835">
     <span class='ocr_line' id='line_1_25' title="bbox 97 3328 1241 3404; baseline 0.003 -23"><span class='ocrx_word' id='word_1_220' title='bbox 97 3328 144 3381; x_wconf 90' lang='lat' dir='ltr'>lV.</span> <span class='ocrx_word' id='word_1_221' title='bbox 167 3330 187 3381; x_wconf 92' lang='lat' dir='ltr'>l.</span> <span class='ocrx_word' id='word_1_222' title='bbox 208 3330 499 3398; x_wconf 85' lang='lat' dir='ltr'>Ps.·Chrysost.Hom.</span> <span class='ocrx_word' id='word_1_223' title='bbox 511 3331 638 3401; x_wconf 82' lang='lat' dir='ltr'>delegis·</span> <span class='ocrx_word' id='word_1_224' title='bbox 701 3333 733 3395; x_wconf 88' lang='lat' dir='ltr'>V,</span> <span class='ocrx_word' id='word_1_225' title='bbox 755 3337 775 3388; x_wconf 93' lang='lat' dir='ltr'>l.</span> <span class='ocrx_word' id='word_1_226' title='bbox 794 3333 983 3404; x_wconf 75' lang='grc' dir='ltr'><strong><em>κακοτεχνίας]</em></strong></span> <span class='ocrx_word' id='word_1_227' title='bbox 997 3330 1101 3387; x_wconf 88' lang='lat' dir='ltr'>Vocem</span> <span class='ocrx_word' id='word_1_228' title='bbox 1111 3333 1170 3402; x_wconf 82' lang='lat' dir='ltr'>Igu.</span> <span class='ocrx_word' id='word_1_229' title='bbox 1183 3332 1241 3385; x_wconf 80' lang='lat' dir='ltr'>ium</span> 
     </span>
     <span class='ocr_line' id='line_1_26' title="bbox 60 3416 1242 3492; baseline 0.003 -25"><span class='ocrx_word' id='word_1_230' title='bbox 60 3416 153 3468; x_wconf 84' lang='lat' dir='ltr'>latore</span> <span class='ocrx_word' id='word_1_231' title='bbox 174 3433 196 3470; x_wconf 94' lang='lat' dir='ltr'>c.</span> <span class='ocrx_word' id='word_1_232' title='bbox 215 3418 233 3470; x_wconf 84' lang='lat'>4</span> <span class='ocrx_word' id='word_1_233' title='bbox 251 3418 294 3470; x_wconf 88' lang='lat' dir='ltr'>ed.</span> <span class='ocrx_word' id='word_1_234' title='bbox 314 3417 417 3471; x_wconf 88' lang='lat' dir='ltr'>Bened.</span> <span class='ocrx_word' id='word_1_235' title='bbox 436 3419 483 3479; x_wconf 88' lang='lat' dir='ltr'>Vl,</span> <span class='ocrx_word' id='word_1_236' title='bbox 502 3420 554 3474; x_wconf 85' lang='lat'>410</span> <span class='ocrx_word' id='word_1_237' title='bbox 578 3424 638 3492; x_wconf 81' lang='grc' dir='ltr'>(μη-</span> <span class='ocrx_word' id='word_1_238' title='bbox 664 3419 773 3472; x_wconf 80' lang='lat' dir='ltr'>Philad.</span> <span class='ocrx_word' id='word_1_239' title='bbox 785 3418 976 3481; x_wconf 80' lang='lat' dir='ltr'>6‚‘2adhibuit</span> <span class='ocrx_word' id='word_1_240' title='bbox 986 3419 1020 3472; x_wconf 87' lang='lat' dir='ltr'>de</span> <span class='ocrx_word' id='word_1_241' title='bbox 1033 3418 1168 3472; x_wconf 88' lang='lat' dir='ltr'>doctrinis</span> <span class='ocrx_word' id='word_1_242' title='bbox 1178 3419 1242 3472; x_wconf 83' lang='lat' dir='ltr'>hae·</span> 
     </span>
     <span class='ocr_line' id='line_1_27' title="bbox 60 3503 1241 3579; baseline 0 -20"><span class='ocrx_word' id='word_1_243' title='bbox 60 3503 107 3559; x_wconf 79' lang='grc' dir='ltr'>δὲν</span> <span class='ocrx_word' id='word_1_244' title='bbox 127 3532 161 3542; x_wconf 98' lang='grc'>-</span> <span class='ocrx_word' id='word_1_245' title='bbox 180 3505 306 3574; x_wconf 78' lang='grc' dir='ltr'>πρᾶσσε).</span> <span class='ocrx_word' id='word_1_246' title='bbox 326 3535 360 3542; x_wconf 92' lang='lat'><em>-</em></span> <span class='ocrx_word' id='word_1_247' title='bbox 376 3504 448 3573; x_wconf 80' lang='grc' dir='ltr'>μετὰ</span> <span class='ocrx_word' id='word_1_248' title='bbox 462 3506 512 3561; x_wconf 81' lang='grc' dir='ltr'>τὸν</span> <span class='ocrx_word' id='word_1_249' title='bbox 528 3507 635 3579; x_wconf 78' lang='grc' dir='ltr'>κύριον]</span> <span class='ocrx_word' id='word_1_250' title='bbox 663 3508 814 3562; x_wconf 89' lang='lat' dir='ltr'>reticorum</span> <span class='ocrx_word' id='word_1_251' title='bbox 827 3512 857 3562; x_wconf 89' lang='lat' dir='ltr'>et</span> <span class='ocrx_word' id='word_1_252' title='bbox 871 3507 981 3561; x_wconf 90' lang='lat' dir='ltr'>insidiis</span> <span class='ocrx_word' id='word_1_253' title='bbox 999 3507 1107 3562; x_wconf 83' lang='lat' dir='ltr'>diaboli</span> <span class='ocrx_word' id='word_1_254' title='bbox 1119 3507 1241 3560; x_wconf 82' lang='lat' dir='ltr'>vitandis</span> 
     </span>
     <span class='ocr_line' id='line_1_28' title="bbox 61 3588 1241 3665; baseline 0.002 -22"><span class='ocrx_word' id='word_1_255' title='bbox 61 3590 102 3643; x_wconf 85' lang='lat' dir='ltr'>cf.</span> <span class='ocrx_word' id='word_1_256' title='bbox 123 3588 167 3642; x_wconf 87' lang='lat' dir='ltr'>Ps.</span> <span class='ocrx_word' id='word_1_257' title='bbox 182 3590 222 3649; x_wconf 84' lang='grc'>67,</span> <span class='ocrx_word' id='word_1_258' title='bbox 236 3591 260 3652; x_wconf 87' lang='grc'>6,</span> <span class='ocrx_word' id='word_1_259' title='bbox 281 3590 329 3644; x_wconf 90' lang='lat' dir='ltr'>ubi</span> <span class='ocrx_word' id='word_1_260' title='bbox 343 3591 416 3644; x_wconf 89' lang='lat' dir='ltr'>Deus</span> <span class='ocrx_word' id='word_1_261' title='bbox 435 3596 517 3660; x_wconf 85' lang='lat' dir='ltr'>pater</span> <span class='ocrx_word' id='word_1_262' title='bbox 537 3595 637 3663; x_wconf 85' lang='lat' dir='ltr'>orpha·</span> <span class='ocrx_word' id='word_1_263' title='bbox 665 3613 851 3658; x_wconf 87' lang='lat' dir='ltr'>commonens,</span> <span class='ocrx_word' id='word_1_264' title='bbox 862 3594 1049 3665; x_wconf 78' lang='lat' dir='ltr'>etLightt&#39;oot</span> <span class='ocrx_word' id='word_1_265' title='bbox 1063 3593 1241 3646; x_wconf 90' lang='lat' dir='ltr'>hunclocum</span> 
     </span>
     <span class='ocr_line' id='line_1_29' title="bbox 59 3677 1240 3749; baseline 0.003 -21"><span class='ocrx_word' id='word_1_266' title='bbox 59 3694 161 3730; x_wconf 90' lang='lat' dir='ltr'>norum</span> <span class='ocrx_word' id='word_1_267' title='bbox 180 3679 209 3730; x_wconf 87' lang='lat' dir='ltr'>et</span> <span class='ocrx_word' id='word_1_268' title='bbox 236 3678 319 3730; x_wconf 84' lang='lat' dir='ltr'>iudex</span> <span class='ocrx_word' id='word_1_269' title='bbox 346 3677 493 3732; x_wconf 86' lang='lat' dir='ltr'>viduarum</span> <span class='ocrx_word' id='word_1_270' title='bbox 513 3681 637 3749; x_wconf 82' lang='lat' dir='ltr'>appella·</span> <span class='ocrx_word' id='word_1_271' title='bbox 665 3681 817 3734; x_wconf 89' lang='lat' dir='ltr'>secundum</span> <span class='ocrx_word' id='word_1_272' title='bbox 831 3679 1131 3748; x_wconf 83' lang='lat' dir='ltr'>illumint-erpretatur.</span> <span class='ocrx_word' id='word_1_273' title='bbox 1169 3678 1240 3733; x_wconf 85' lang='lat' dir='ltr'>Cum</span> 
     </span>
     <span class='ocr_line' id='line_1_30' title="bbox 60 3764 1238 3835; baseline 0.002 -21"><span class='ocrx_word' id='word_1_274' title='bbox 60 3764 121 3819; x_wconf 81' lang='lat' dir='ltr'>tur:</span> <span class='ocrx_word' id='word_1_275' title='bbox 144 3765 201 3826; x_wconf 67' lang='lat'>145,</span> <span class='ocrx_word' id='word_1_276' title='bbox 221 3765 245 3817; x_wconf 89' lang='lat'>9.</span> <span class='ocrx_word' id='word_1_277' title='bbox 664 3773 758 3822; x_wconf 80' lang='lat' dir='ltr'>autem</span> <span class='ocrx_word' id='word_1_278' title='bbox 781 3785 863 3821; x_wconf 90' lang='lat' dir='ltr'>versu</span> <span class='ocrx_word' id='word_1_279' title='bbox 880 3766 1068 3835; x_wconf 82' lang='lat' dir='ltr'>praecedente</span> <span class='ocrx_word' id='word_1_280' title='bbox 1097 3766 1131 3818; x_wconf 91' lang='lat' dir='ltr'>de</span> <span class='ocrx_word' id='word_1_281' title='bbox 1150 3765 1238 3817; x_wconf 86' lang='lat' dir='ltr'>servis</span> 
     </span>
    </p>

    <p class='ocr_par' dir='ltr' id='par_1_9' title="bbox 58 3852 1239 4099">
     <span class='ocr_line' id='line_1_31' title="bbox 96 3852 1239 3923; baseline -0.001 -19"><span class='ocrx_word' id='word_1_282' title='bbox 96 3853 119 3904; x_wconf 79' lang='lat'>2.</span> <span class='ocrx_word' id='word_1_283' title='bbox 141 3853 324 3923; x_wconf 75' lang='grc' dir='ltr'><strong><em>πυκνότερον]</em></strong></span> <span class='ocrx_word' id='word_1_284' title='bbox 345 3853 504 3906; x_wconf 85' lang='lat' dir='ltr'>Crcbriores</span> <span class='ocrx_word' id='word_1_285' title='bbox 518 3871 636 3908; x_wconf 88' lang='lat' dir='ltr'>conven·</span> <span class='ocrx_word' id='word_1_286' title='bbox 664 3872 755 3909; x_wconf 88' lang='lat' dir='ltr'>sermo</span> <span class='ocrx_word' id='word_1_287' title='bbox 774 3854 868 3917; x_wconf 86' lang='lat' dir='ltr'>fuerit,</span> <span class='ocrx_word' id='word_1_288' title='bbox 887 3870 941 3907; x_wconf 83' lang='lat' dir='ltr'>vox</span> <span class='ocrx_word' id='word_1_289' title='bbox 960 3853 1006 3905; x_wconf 92' lang='lat' dir='ltr'>hic</span> <span class='ocrx_word' id='word_1_290' title='bbox 1028 3852 1124 3921; x_wconf 86' lang='lat' dir='ltr'>potius</span> <span class='ocrx_word' id='word_1_291' title='bbox 1144 3852 1177 3904; x_wconf 91' lang='lat' dir='ltr'>de</span> <span class='ocrx_word' id='word_1_292' title='bbox 1197 3868 1239 3903; x_wconf 86' lang='lat' dir='ltr'>ar-</span> 
     </span>
     <span class='ocr_line' id='line_1_32' title="bbox 59 3936 1239 4009; baseline 0.002 -19"><span class='ocrx_word' id='word_1_293' title='bbox 59 3941 106 3990; x_wconf 83' lang='lat' dir='ltr'>tus</span> <span class='ocrx_word' id='word_1_294' title='bbox 130 3936 279 3991; x_wconf 83' lang='lat' dir='ltr'>desiderat</span> <span class='ocrx_word' id='word_1_295' title='bbox 308 3940 398 3993; x_wconf 84' lang='lat' dir='ltr'>Aliter</span> <span class='ocrx_word' id='word_1_296' title='bbox 416 3939 486 4009; x_wconf 82' lang='lat' dir='ltr'>Eph.</span> <span class='ocrx_word' id='word_1_297' title='bbox 508 3944 546 3999; x_wconf 87' lang='lat'>13.</span> <span class='ocrx_word' id='word_1_298' title='bbox 568 3944 589 3995; x_wconf 93' lang='lat'>1.</span> <span class='ocrx_word' id='word_1_299' title='bbox 603 3972 636 3982; x_wconf 92' lang='lat'>·-</span> <span class='ocrx_word' id='word_1_300' title='bbox 663 3943 739 3998; x_wconf 91' lang='lat' dir='ltr'>tibus</span> <span class='ocrx_word' id='word_1_301' title='bbox 752 3942 908 3996; x_wconf 87' lang='lat' dir='ltr'>inhonestis</span> <span class='ocrx_word' id='word_1_302' title='bbox 922 3939 1114 4007; x_wconf 78' lang='lat' dir='ltr'>intellegenda</span> <span class='ocrx_word' id='word_1_303' title='bbox 1133 3943 1178 3993; x_wconf 86' lang='lat' dir='ltr'>est</span> <span class='ocrx_word' id='word_1_304' title='bbox 1190 3956 1239 3992; x_wconf 89' lang='lat' dir='ltr'>seu</span> 
     </span>
     <span class='ocr_line' id='line_1_33' title="bbox 58 4025 1239 4099; baseline -0.001 -18"><span class='ocrx_word' id='word_1_305' title='bbox 58 4025 142 4096; x_wconf 73' lang='grc' dir='ltr'><strong><em>ζήτει]</em></strong></span> <span class='ocrx_word' id='word_1_306' title='bbox 164 4042 200 4078; x_wconf 89' lang='lat' dir='ltr'>sc.</span> <span class='ocrx_word' id='word_1_307' title='bbox 221 4026 258 4078; x_wconf 84' lang='lat' dir='ltr'>ad</span> <span class='ocrx_word' id='word_1_308' title='bbox 277 4044 442 4096; x_wconf 85' lang='lat' dir='ltr'>congressus</span> <span class='ocrx_word' id='word_1_309' title='bbox 464 4044 565 4081; x_wconf 85' lang='lat' dir='ltr'>sacros.</span> <span class='ocrx_word' id='word_1_310' title='bbox 665 4030 699 4084; x_wconf 89' lang='lat' dir='ltr'>de</span> <span class='ocrx_word' id='word_1_311' title='bbox 717 4029 854 4099; x_wconf 75' lang='lat' dir='ltr'>negotiis,</span> <span class='ocrx_word' id='word_1_312' title='bbox 880 4044 952 4094; x_wconf 87' lang='lat' dir='ltr'>quae</span> <span class='ocrx_word' id='word_1_313' title='bbox 972 4026 1165 4080; x_wconf 80' lang='lat' dir='ltr'>Christianum</span> <span class='ocrx_word' id='word_1_314' title='bbox 1183 4044 1239 4080; x_wconf 90' lang='lat' dir='ltr'>non</span> 
     </span>
    </p>

    <p class='ocr_par' dir='ltr' id='par_1_10' title="bbox 53 4113 1241 4700">
     <span class='ocr_line' id='line_1_34' title="bbox 93 4113 1241 4182; baseline 0.001 -16"><span class='ocrx_word' id='word_1_315' title='bbox 93 4114 234 4166; x_wconf 83' lang='lat' dir='ltr'>3.10ann.</span> <span class='ocrx_word' id='word_1_316' title='bbox 262 4115 339 4168; x_wconf 86' lang='lat' dir='ltr'>Darn.</span> <span class='ocrx_word' id='word_1_317' title='bbox 359 4114 385 4167; x_wconf 86' lang='lat' dir='ltr'>S.</span> <span class='ocrx_word' id='word_1_318' title='bbox 405 4114 433 4167; x_wconf 89' lang='lat' dir='ltr'>P.</span> <span class='ocrx_word' id='word_1_319' title='bbox 460 4114 585 4182; x_wconf 85' lang='lat' dir='ltr'>Lequien</span> <span class='ocrx_word' id='word_1_320' title='bbox 603 4114 636 4177; x_wconf 86' lang='grc'>11,</span> <span class='ocrx_word' id='word_1_321' title='bbox 663 4118 779 4177; x_wconf 84' lang='lat' dir='ltr'>decent,</span> <span class='ocrx_word' id='word_1_322' title='bbox 808 4115 842 4168; x_wconf 89' lang='lat' dir='ltr'>de</span> <span class='ocrx_word' id='word_1_323' title='bbox 871 4113 972 4181; x_wconf 89' lang='lat' dir='ltr'>quibus</span> <span class='ocrx_word' id='word_1_324' title='bbox 1005 4114 1041 4165; x_wconf 86' lang='lat' dir='ltr'>cf.</span> <span class='ocrx_word' id='word_1_325' title='bbox 1071 4113 1182 4167; x_wconf 83' lang='lat' dir='ltr'>Didasc.</span> <span class='ocrx_word' id='word_1_326' title='bbox 1211 4115 1241 4167; x_wconf 90' lang='lat' dir='ltr'>et</span> 
     </span>
     <span class='ocr_line' id='line_1_35' title="bbox 58 4199 1237 4271; baseline 0 -18"><span class='ocrx_word' id='word_1_327' title='bbox 58 4199 123 4257; x_wconf 71' lang='lat'><strong>778:</strong></span> <span class='ocrx_word' id='word_1_328' title='bbox 144 4199 210 4255; x_wconf 93' lang='lat' dir='ltr'>Holl</span> <span class='ocrx_word' id='word_1_329' title='bbox 228 4220 256 4271; x_wconf 92' lang='lat' dir='ltr'>p.</span> <span class='ocrx_word' id='word_1_330' title='bbox 269 4202 309 4255; x_wconf 82' lang='lat'>26.</span> <span class='ocrx_word' id='word_1_331' title='bbox 329 4202 431 4256; x_wconf 81' lang='lat' dir='ltr'>Anton.</span> <span class='ocrx_word' id='word_1_332' title='bbox 445 4203 509 4256; x_wconf 86' lang='lat' dir='ltr'>Mel.</span> <span class='ocrx_word' id='word_1_333' title='bbox 521 4203 545 4256; x_wconf 93' lang='lat' dir='ltr'>ll</span> <span class='ocrx_word' id='word_1_334' title='bbox 556 4219 636 4256; x_wconf 87' lang='lat' dir='ltr'>serm.</span> <span class='ocrx_word' id='word_1_335' title='bbox 664 4203 783 4258; x_wconf 85' lang='lat' dir='ltr'>Constit.</span> <span class='ocrx_word' id='word_1_336' title='bbox 802 4207 892 4271; x_wconf 85' lang='lat' dir='ltr'>apost.</span> <span class='ocrx_word' id='word_1_337' title='bbox 911 4202 945 4264; x_wconf 89' lang='grc' dir='ltr'>ΙΙ,</span> <span class='ocrx_word' id='word_1_338' title='bbox 965 4202 1012 4263; x_wconf 80' lang='grc'>62;</span> <span class='ocrx_word' id='word_1_339' title='bbox 1033 4199 1077 4263; x_wconf 85' lang='lat' dir='ltr'>IV,</span> <span class='ocrx_word' id='word_1_340' title='bbox 1097 4202 1128 4263; x_wconf 90' lang='grc'>6;</span> <span class='ocrx_word' id='word_1_341' title='bbox 1154 4201 1237 4270; x_wconf 86' lang='lat' dir='ltr'>Cypr.</span> 
     </span>
     <span class='ocr_line' id='line_1_36' title="bbox 57 4288 1238 4360; baseline -0.001 -18"><span class='ocrx_word' id='word_1_342' title='bbox 57 4289 91 4342; x_wconf 82' lang='lat'>23</span> <span class='ocrx_word' id='word_1_343' title='bbox 112 4289 163 4357; x_wconf 78' lang='grc' dir='ltr'><strong><em>(εἰς</em></strong></span> <span class='ocrx_word' id='word_1_344' title='bbox 181 4293 266 4358; x_wconf 83' lang='grc' dir='ltr'><em>δόξαν</em></span> <span class='ocrx_word' id='word_1_345' title='bbox 277 4292 355 4360; x_wconf 61' lang='grc' dir='ltr'>κτλ).</span> <span class='ocrx_word' id='word_1_346' title='bbox 374 4322 406 4330; x_wconf 93' lang='grc'><strong>-</strong></span> <span class='ocrx_word' id='word_1_347' title='bbox 426 4290 512 4347; x_wconf 73' lang='grc' dir='ltr'><strong><em>πλέον</em></strong></span> <span class='ocrx_word' id='word_1_348' title='bbox 529 4296 636 4347; x_wconf 70' lang='lat' dir='ltr'>derisu</span> <span class='ocrx_word' id='word_1_349' title='bbox 663 4290 713 4360; x_wconf 81' lang='lat' dir='ltr'>Ep.</span> <span class='ocrx_word' id='word_1_350' title='bbox 732 4292 764 4352; x_wconf 81' lang='lat'>2;</span> <span class='ocrx_word' id='word_1_351' title='bbox 783 4289 883 4358; x_wconf 83' lang='lat' dir='ltr'>Epiph.</span> <span class='ocrx_word' id='word_1_352' title='bbox 896 4289 997 4356; x_wconf 78' lang='lat' dir='ltr'>Expos.</span> <span class='ocrx_word' id='word_1_353' title='bbox 1009 4288 1057 4341; x_wconf 87' lang='lat' dir='ltr'>fid.</span> <span class='ocrx_word' id='word_1_354' title='bbox 1070 4288 1143 4341; x_wconf 83' lang='lat' dir='ltr'>cath.</span> <span class='ocrx_word' id='word_1_355' title='bbox 1163 4303 1185 4340; x_wconf 93' lang='lat' dir='ltr'>c.</span> <span class='ocrx_word' id='word_1_356' title='bbox 1196 4288 1238 4343; x_wconf 83' lang='lat'>23.</span> 
     </span>
     <span class='ocr_line' id='line_1_37' title="bbox 56 4376 1239 4448; baseline -0.001 -17"><span class='ocrx_word' id='word_1_357' title='bbox 56 4377 177 4446; x_wconf 72' lang='grc' dir='ltr'>ἐτωσαν]</span> <span class='ocrx_word' id='word_1_358' title='bbox 197 4377 210 4429; x_wconf 95' lang='grc'>1</span> <span class='ocrx_word' id='word_1_359' title='bbox 228 4377 297 4430; x_wconf 88' lang='lat' dir='ltr'>Tim.</span> <span class='ocrx_word' id='word_1_360' title='bbox 317 4380 340 4440; x_wconf 88' lang='grc'>6,</span> <span class='ocrx_word' id='word_1_361' title='bbox 351 4381 381 4431; x_wconf 81' lang='lat'>2:</span> <span class='ocrx_word' id='word_1_362' title='bbox 400 4383 508 4447; x_wconf 79' lang='grc' dir='ltr'><em>μᾶλλον</em></span> <span class='ocrx_word' id='word_1_363' title='bbox 525 4383 635 4434; x_wconf 79' lang='lat' dir='ltr'>doulev·</span> <span class='ocrx_word' id='word_1_364' title='bbox 663 4381 769 4448; x_wconf 77' lang='grc' dir='ltr'><em>-περὶ</em></span> <span class='ocrx_word' id='word_1_365' title='bbox 780 4377 887 4432; x_wconf 81' lang='grc' dir='ltr'><em>τούτων</em></span> <span class='ocrx_word' id='word_1_366' title='bbox 896 4376 966 4445; x_wconf 57' lang='grc' dir='ltr'>κτλ]</span> <span class='ocrx_word' id='word_1_367' title='bbox 986 4376 1003 4428; x_wconf 92' lang='lat' dir='ltr'>i.</span> <span class='ocrx_word' id='word_1_368' title='bbox 1016 4394 1038 4429; x_wconf 85' lang='lat' dir='ltr'>e.</span> <span class='ocrx_word' id='word_1_369' title='bbox 1059 4376 1109 4428; x_wconf 83' lang='lat' dir='ltr'>has</span> <span class='ocrx_word' id='word_1_370' title='bbox 1120 4380 1195 4429; x_wconf 82' lang='lat' dir='ltr'>artes</span> <span class='ocrx_word' id='word_1_371' title='bbox 1207 4380 1239 4430; x_wconf 92' lang='lat' dir='ltr'>ut</span> 
     </span>
     <span class='ocr_line' id='line_1_38' title="bbox 55 4462 1238 4534; baseline -0.003 -14"><span class='ocrx_word' id='word_1_372' title='bbox 55 4464 173 4520; x_wconf 81' lang='grc' dir='ltr'>ἑτωσαν.</span> <span class='ocrx_word' id='word_1_373' title='bbox 193 4495 227 4504; x_wconf 91' lang='grc'>-</span> <span class='ocrx_word' id='word_1_374' title='bbox 246 4464 300 4522; x_wconf 74' lang='grc' dir='ltr'>ἀπὸ</span> <span class='ocrx_word' id='word_1_375' title='bbox 314 4485 336 4521; x_wconf 84' lang='grc' dir='ltr'>τ.</span> <span class='ocrx_word' id='word_1_376' title='bbox 351 4466 455 4534; x_wconf 83' lang='grc' dir='ltr'><strong><em>κοινοῦ]</em></strong></span> <span class='ocrx_word' id='word_1_377' title='bbox 476 4465 563 4519; x_wconf 83' lang='lat' dir='ltr'>Vetat</span> <span class='ocrx_word' id='word_1_378' title='bbox 575 4466 634 4533; x_wconf 82' lang='lat' dir='ltr'>lgn.</span> <span class='ocrx_word' id='word_1_379' title='bbox 663 4469 796 4525; x_wconf 75' lang='lat' dir='ltr'>caveant,</span> <span class='ocrx_word' id='word_1_380' title='bbox 824 4464 854 4516; x_wconf 91' lang='lat' dir='ltr'>in</span> <span class='ocrx_word' id='word_1_381' title='bbox 873 4462 961 4516; x_wconf 82' lang='lat' dir='ltr'>saeris</span> <span class='ocrx_word' id='word_1_382' title='bbox 990 4463 1171 4517; x_wconf 89' lang='lat' dir='ltr'>concionibus</span> <span class='ocrx_word' id='word_1_383' title='bbox 1190 4464 1238 4518; x_wconf 84' lang='lat' dir='ltr'>ad·</span> 
     </span>
     <span class='ocr_line' id='line_1_39' title="bbox 54 4549 905 4619; baseline -0.001 -16"><span class='ocrx_word' id='word_1_384' title='bbox 54 4567 152 4604; x_wconf 84' lang='lat' dir='ltr'>servos</span> <span class='ocrx_word' id='word_1_385' title='bbox 171 4549 330 4619; x_wconf 84' lang='lat' dir='ltr'>postulare,</span> <span class='ocrx_word' id='word_1_386' title='bbox 356 4552 387 4603; x_wconf 89' lang='lat' dir='ltr'>ut</span> <span class='ocrx_word' id='word_1_387' title='bbox 410 4550 530 4619; x_wconf 86' lang='lat' dir='ltr'>sumptis</span> <span class='ocrx_word' id='word_1_388' title='bbox 549 4550 634 4605; x_wconf 89' lang='lat' dir='ltr'>eccle·</span> <span class='ocrx_word' id='word_1_389' title='bbox 663 4552 775 4605; x_wconf 85' lang='lat' dir='ltr'>hortare</span> <span class='ocrx_word' id='word_1_390' title='bbox 796 4552 905 4604; x_wconf 87' lang='lat' dir='ltr'>fratres.</span> 
     </span>
     <span class='ocr_line' id='line_1_40' title="bbox 53 4636 636 4700; baseline -0.002 -8"><span class='ocrx_word' id='word_1_391' title='bbox 53 4638 115 4692; x_wconf 83' lang='lat' dir='ltr'>siae</span> <span class='ocrx_word' id='word_1_392' title='bbox 145 4636 339 4691; x_wconf 90' lang='lat' dir='ltr'>communibus</span> <span class='ocrx_word' id='word_1_393' title='bbox 368 4636 556 4700; x_wconf 77' lang='lat' dir='ltr'>redimuntur3</span> <span class='ocrx_word' id='word_1_394' title='bbox 585 4638 636 4691; x_wconf 88' lang='lat' dir='ltr'>sed</span> 
     </span>
    </p>
   </div>
   <div class='ocr_carea' id='block_1_5' title="bbox 962 4727 1031 4793">
    <p class='ocr_par' dir='ltr' id='par_1_11' title="bbox 962 4727 1031 4793">
     <span class='ocr_line' id='line_1_41' title="bbox 962 4727 1031 4793; baseline 0 0"><span class='ocrx_word' id='word_1_395' title='bbox 962 4727 1031 4793; x_wconf 63' lang='lat' dir='ltr'>lb*</span> 
     </span>
    </p>
   </div>
   <div class='ocr_carea' id='block_1_6' title="bbox 0 0 1422 5018">
    <p class='ocr_par' dir='ltr' id='par_1_12' title="bbox 0 0 1422 5018">
     <span class='ocr_line' id='line_1_42' title="bbox 0 0 1422 5018; baseline 0 4"><span class='ocrx_word' id='word_1_396' title='bbox 0 0 1422 5018; x_wconf 95' lang='lat' dir='ltr'> </span> 
     </span>
    </p>
   </div>
  </div>
 </body>
</html>
