2834 5018
357 649 533 706 EPISTULA
549 651 600 705 AD
619 649 839 706 DIOGNETUM
855 650 902 715 IX,
924 651 997 706 1-6.
1199 656 1262 720 407

178 829 234 893 IX.
259 829 433 913 Postquam
455 829 554 914 igitur
585 828 691 893 omnia
712 829 778 893 iam
808 830 892 912 apud
913 851 947 893 se
969 851 1041 893 oum
1063 829 1130 894 filio
1153 829 1262 913 dispo·

89 935 172 1011 suit,
204 955 304 1018 usque
327 934 367 997 ad
389 934 535 1018 superius
568 939 694 1018 tempus
717 934 790 997 sirit
820 956 877 998 nos
900 934 1071 998 secundum
1097 934 1263 999 arbitrium

88 1043 233 1103 nostrum
255 1039 441 1102 inordinatis
463 1039 602 1104 motibus
619 1039 703 1115 ferri,
728 1040 950 1120 uoluptatibus
972 1047 1005 1102 cl
1026 1041 1263 1121 cupiditatibus

89 1167 108 1206 a
130 1147 218 1207 recta
236 1143 288 1206 via
318 1143 486 1218 abduot0s;
519 1165 582 1208 nou
615 1143 697 1227 quod
721 1141 787 1206 ullo
818 1142 911 1207 modo
943 1143 1095 1226 gauderet
1123 1145 1262 1227 peccatis

88 1247 221 1324 nostris,
251 1248 305 1311 sed
333 1270 371 1312 ea
399 1248 554 1324 tolerans,
589 1269 691 1331 neque
714 1248 798 1331 quod
829 1246 909 1311 illud
930 1247 1108 1330 iniquitatis
1136 1252 1288 1331 tempus⁶

88 1350 294 1435 approbaret,
324 1352 379 1415 sed
404 1374 554 1436 praesens
584 1358 710 1436 tempus
734 1353 874 1416 iustitiae
904 1373 1025 1430 creans,
1053 1356 1089 1416 ut
1113 1374 1184 1416 cum
1206 1351 1262 1416 illo

86 1462 230 1539 tempore
254 1457 389 1520 convicti
413 1478 551 1521 essemus
575 1479 591 1521 e
613 1457 751 1540 propriis
774 1457 922 1541 operibus
949 1457 1073 1541 indigni
1096 1478 1163 1520 esse
1186 1456 1260 1533 rita,

86 1582 171 1625 nuno
195 1560 244 1623 dei
266 1560 447 1645 benignitas
470 1583 528 1625 1101
552 1584 589 1625 11
612 1562 803 1645 dignaretur,
828 1566 868 1640 et,
893 1584 964 1625 cum
986 1561 1189 1626 manifestum
1212 1562 1260 1626 fe-

87 1665 247 1740 cissemus
272 1687 310 1728 ex
334 1687 383 1738 eo,
421 1665 503 1748 quod
526 1666 559 1728 in
581 1665 673 1730 nobis
696 1670 762 1742 est,
797 1688 855 1730 nos
877 1688 940 1730 nou
962 1688 1056 1751 posse
1082 1666 1206 1751 ingredi
1226 1667 1261 1730 iu

86 1791 222 1852 regnum
245 1770 312 1846 dei,
336 1769 480 1853 potentia
503 1769 552 1833 dei
575 1769 608 1832 id
630 1791 724 1852 posse
750 1771 841 1835 nobis
865 1771 1000 1835 daretur.
1047 1773 1076 1835 2.
1101 1771 1180 1836 Cum
1203 1787 1299 1835 cru-1⁰

85 1879 152 1937 tem
175 1875 334 1958 completa
363 1879 445 1939 esset
467 1875 624 1939 iniustitia
655 1880 763 1938 nostra
785 1880 817 1939 11
837 1875 930 1959 plene
959 1875 1163 1939 manifestum
1192 1876 1259 1940 fac·

85 1984 155 2041 tum
179 1983 270 2056 esset,
294 1980 478 2066 mercedem
493 1981 560 2044 eius
584 1980 776 2064 supplicium
798 1985 831 2044 et
852 1984 987 2044 mortem
1005 1980 1177 2058 imminere,
1203 1982 1259 2045 ad·

84 2083 285 2166 venissetque
307 2087 447 2167 tempus,
480 2084 564 2168 quod
587 2084 663 2147 deus
686 2083 910 2167 praestituerat
939 2084 978 2147 ad
1000 2105 1091 2148 suam
1114 2085 1260 2168 deinceps

84 2186 316 2269 benignitatem
339 2209 375 2251 ac
398 2188 575 2271 potentiam
606 2187 827 2252 declarandam
850 2185 882 2268 (o
902 2186 1088 2252 immensam
1110 2187 1258 2253 humani·

84 2296 185 2355 tatem
208 2295 240 2354 et
263 2292 426 2356 caritatem
450 2290 526 2374 dei),
551 2314 608 2357 nos
631 2292 703 2356 odio
725 2312 788 2354 non
811 2290 923 2355 habuit
945 2314 1047 2375 neque
1070 2293 1178 2356 reiecit
1201 2316 1258 2358 ne·
1274 2307 1298 2345 1⁶

85 2416 146 2477 qne
163 2395 251 2459 ultus
274 2401 331 2473 est,
349 2397 403 2460 sed
425 2397 584 2479 patienter
598 2396 682 2472 tulit,
699 2396 858 2472 sustinuit,
874 2395 1026 2460 miserans
1044 2396 1113 2480 ipse
1128 2402 1259 2480 peccata

82 2503 193 2562 nostra
216 2499 365 2582 suscepit,
381 2499 450 2582 ipse
467 2505 643 2581 proprium
663 2502 774 2578 liliam
790 2502 882 2564 dedic
904 2500 1041 2584 pretium
1056 2501 1257 2565 redemtionis

83 2626 143 2687 pro
166 2606 266 2681 nobis,
283 2608 428 2668 sanetum
452 2624 509 2688 pro
524 2604 651 2686 iniquia,
674 2603 751 2667 mali
766 2608 928 2688 expertem
943 2626 1000 2688 pro
1015 2604 1117 2682 malis,
1134 2611 1257 2671 iustum

80 2730 144 2790 pro
168 2715 322 2789 intortis,
355 2708 628 2791 incorruptibilem
650 2731 708 2793 pro
737 2709 1011 2792 corruptibilibus,
1046 2709 1257 2775 immortalem

83 2836 142 2896 pro
165 2814 361 2878 mortalibus.
408 2813 437 2876 3.
463 2811 545 2887 Quid
574 2812 657 2875 enim
681 2812 767 2876 aliud
792 2816 923 2896 peccata
944 2816 1053 2876 nostra
1080 2813 1185 2897 potuit
1207 2818 1256 2878 te·
1272 2831 1296 2868 2⁰

82 2939 158 3001 gere
182 2940 276 3001 quam
307 2917 394 2981 illius
420 2917 567 2980 iustitia?
606 2918 635 2979 4.
661 2915 699 2979 ln
722 2938 784 3000 quo
818 2916 880 2980 alio
903 2916 1003 3000 iniqui
1032 2938 1089 2981 nos
1113 2922 1145 2981 et
1166 2919 1258 3003 impii

82 3022 247 3086 iustificari
269 3021 430 3105 potuimus
460 3043 555 3105 quam
575 3022 609 3085 in
640 3021 707 3085 solo
730 3021 797 3085 filio
821 3021 896 3085 dei?
932 3021 960 3084 5.
986 3019 1013 3085 Ο
1037 3021 1160 3087 dulcem
1182 3045 1256 3106 per·

82 3126 304 3203 mutationem,
334 3126 697 3210 oimpervestigabilem
720 3125 966 3201 iustitutionem,
997 3125 1257 3209 oinexspectata

81 3231 252 3295 beneficia:
287 3235 323 3294 ut
343 3230 495 3314 iniquitas
531 3230 656 3314 quidem
689 3229 861 3293 multorum
895 3229 1105 3293 abscondatur
1137 3230 1170 3293 iu
1192 3251 1255 3293 uuo

81 3336 173 3409 iustu,
204 3334 327 3398 iustitia
357 3339 462 3397 autem
484 3334 577 3397 unius
608 3333 726 3396 multos
758 3332 892 3397 iniustos
921 3332 1086 3397 iustificat!
1122 3335 1150 3397 6.
1176 3331 1254 3397 (lum
1268 3352 1295 3391 aa

79 3439 179 3522 igitur
209 3438 363 3521 superiori
397 3443 538 3520 tempore
566 3459 623 3501 nos
653 3437 856 3513 convicisset,
888 3459 951 3501 uon
982 3458 1075 3520 posse
1107 3442 1254 3502 naturam

78 3546 222 3607 nostram
244 3542 310 3606 vita
325 3541 431 3625 potiri,
454 3562 538 3605 nuno
556 3545 661 3605 autem
684 3544 876 3604 servatorem
891 3542 1088 3619 ostendisset,
1114 3542 1167 3624 qui
1184 3564 1251 3606 ser·

78 3669 153 3710 vare
176 3651 283 3731 potest
313 3668 350 3710 ea
374 3645 487 3722 etiam,
522 3667 602 3728 quae
625 3644 742 3708 servari
772 3666 836 3708 non
865 3650 1030 3727 poterant,
1064 3650 1198 3730 utraque
1221 3667 1254 3709 re

78 3750 180 3815 voluit
202 3773 260 3814 uos
283 3749 475 3833 benignitati
497 3770 572 3812 suae
594 3748 687 3811 fidem
710 3747 839 3825 habere,
863 3749 968 3831 ipsum
991 3750 1169 3813 existimare
1191 3772 1251 3812 nu·

78 3856 231 3931 tritorem,
255 3858 387 3938 patrem,
411 3851 607 3936 magistrum,
626 3850 847 3928 consiliarium,
870 3851 1034 3929 medicum,
1051 3851 1249 3935 sapientiam,
1266 3871 1292 3909 ³⁰

150 4020 166 4070 2
186 4018 264 4070 Rom.
283 4016 306 4079 3,
326 4015 437 4068 21-26.
457 4045 491 4052 -
510 4016 526 4068 3
545 4011 598 4065 Tit.
619 4014 642 4075 3,
656 4012 679 4064 3.
699 4044 733 4051 -
752 4013 768 4065 8
786 4013 881 4066 Ioann.
895 4016 919 4075 3,
933 4015 957 4067 5.
975 4045 1009 4052 -
1029 4014 1134 4069 11111.
1154 4017 1177 4079 3,
1190 4017 1215 4068 4.
1229 4016 1253 4069 5.

77 4136 113 4144 -
134 4106 165 4159 16
185 4105 263 4157 Rom.
282 4103 306 4163 8,
326 4103 420 4156 31-
441 4099 560 4169 111311.
582 4103 603 4161 1,
624 4100 655 4161 7;
673 4099 685 4151 1
705 4100 774 4153 Tim.
796 4100 830 4163 ll,
849 4103 873 4155 6.
891 4132 926 4140 -
946 4101 1008 4154 181
1027 4102 1101 4157 Petr.
1120 4105 1143 4166 3,
1164 4101 1203 4156 18.
1219 4132 1253 4143 -

77 4191 186 4246 10111
206 4193 229 4253 5,
249 4190 290 4242 20.

76 4337 423 4412 θρωπίας)ρ1ο11111011111,
437 4335 533 4389 unicus
547 4334 614 4388 1111.
628 4351 650 4388 1.
664 4334 732 4407 ;110;
754 4334 898 4396 beneficia,
913 4351 986 4402 quae
996 4335 1176 4403 contigerunt
1192 4334 1253 4389 iux·

75 4428 131 4481 sibi
151 4443 260 4495 semper
274 4426 385 4479 constet
403 4423 497 4491 quoad
509 4423 651 4476 abuudan·
664 4426 710 4539 pta
727 4422 780 4476 Dei
801 4422 962 4486 consilium,
991 4427 1023 4492 ut
1042 4422 1179 4490 iniquitas
1200 4425 1253 4477 etc.

74 4516 149 4570 tiam
166 4514 210 4567 rel
229 4514 267 4566 ait
285 4528 417 4565 summus.
665 4510 779 4581 ,(0110),

111 4605 135 4656 5.
159 4600 254 4655 Verba
268 4596 315 4656 ‘iva
334 4597 435 4669 dvoutc
452 4602 510 4654 κτλ.
529 4582 668 4666 explicari
