2834 5018
616 268 829 324 PRAEFATIO.

134 449 285 533 integras,
315 470 388 511 mox
418 451 661 511 consentaneum
692 469 759 511 esse
789 447 866 511 milri
897 447 1071 515 ridebatur.
1102 472 1156 514 eas
1187 451 1311 527 addere,

135 574 267 637 quarum
291 552 472 637 fragnrenta
495 550 597 615 solum
621 552 660 614 ad
684 574 741 616 nos
763 557 983 634 pervenerunt,
1008 553 1169 618 breviores
1199 577 1236 618 ex
1260 556 1309 631 iis,

134 679 214 741 quae
237 660 379 740 tompore
402 661 545 721 currente
568 655 649 719 falso
664 655 808 739 patribus
825 655 1088 734 attribuebantur,
1105 663 1141 722 ut
1157 660 1310 742 epistulas

136 759 306 825 Clementis
335 761 373 824 de
396 760 578 843 virginitate
602 765 696 845 atque
721 760 918 844 Ps-Ignatii,
944 784 1015 826 eum
1037 763 1112 827 libri
1135 765 1242 848 ampli,
1278 770 1313 829 ut

135 864 306 929 Clementis
323 865 491 941 Homiliae‚
510 865 753 949 Recognitiones
777 887 812 929 ac
828 864 1086 941 Constitutiones,
1109 870 1312 951 praetermit-

133 971 218 1034 tendi
242 976 355 1047 essent,
379 975 411 1035 et
435 971 606 1054 scripturas
630 971 669 1034 ad
691 976 799 1053 patres
815 976 1005 1053 spectantes,
1029 972 1150 1036 scilieet
1165 972 1311 1037 Clemen-

134 1074 176 1139 tis
199 1081 231 1139 et
254 1075 372 1159 Ignatii
395 1074 548 1157 Martyria
571 1097 607 1139 ae
629 1074 801 1157 Polycarpi
825 1075 956 1141 Vitam:
980 1082 1011 1139 et
1033 1077 1185 1140 volumini
1206 1079 1311 1162 prinro

134 1201 217 1245 anno
243 1180 322 1244 1881
361 1180 531 1243 secundum
562 1180 670 1243 adieci.
721 1178 846 1244 Interea
867 1180 997 1263 insuper
1020 1181 1180 1244 nonnullis
1210 1184 1312 1266 scrip·

134 1286 212 1349 turis
242 1288 339 1348 testes
368 1286 441 1348 nori
474 1285 574 1348 exorti
604 1289 696 1361 sunt,
729 1285 876 1367 inprimis
900 1283 1070 1349 Clementis
1094 1288 1250 1370 epistulae
1273 1290 1313 1352 ad

134 1388 314 1455 Corinthios
338 1389 439 1452 versio
463 1389 563 1451 latina
585 1392 688 1461 retus,
715 1389 812 1451 etiam
839 1389 997 1472 scriptura
1027 1390 1190 1474 hucusque
1217 1393 1313 1475 plane

132 1494 295 1577 incognita
323 1494 356 1557 in
378 1493 480 1557 lucem
509 1494 635 1575 prodiit,
668 1493 793 1557 soilioet
816 1492 970 1558 Doctrina
993 1495 1155 1559 duodecim
1182 1501 1312 1578 aposto·

132 1598 243 1662 lorum.
289 1598 383 1661 Liber
397 1618 472 1681 ergo
489 1596 592 1659 adhuc
614 1596 716 1680 magis
732 1596 1005 1661 transformandus
1022 1597 1092 1673 fuir,
1117 1599 1163 1662 ita
1184 1605 1220 1663 ut
1236 1623 1308 1664 oum

134 1724 228 1785 opere
252 1701 421 1766 Het'eliano
445 1723 526 1765 nunc
549 1702 645 1764 etiam
667 1700 770 1764 minus
786 1723 951 1765 commune
966 1702 1083 1766 habeat
1100 1726 1196 1786 quam
1211 1704 1309 1787 prius.

221 1807 351 1870 Librum
374 1806 474 1869 denuo
498 1805 603 1868 edenti
625 1804 795 1868 nonnullae
825 1806 1000 1888 scripturae
1029 1808 1106 1870 mihi
1130 1807 1223 1871 aliter
1246 1809 1311 1872 dis-

134 1913 298 1995 ponendae
321 1916 411 1974 erant
441 1932 477 1973 ao
499 1910 596 1992 prius.
643 1908 838 1991 Fragmenta
860 1909 977 1993 Papiae
1000 1915 1032 1974 et
1053 1912 1312 1994 presbyterorum

132 2015 217 2099 apud
246 2015 410 2079 Irenaeum
437 2036 522 2077 nuno
550 2014 582 2077 in
605 2014 767 2078 volumine
791 2014 806 2077 l
828 2015 948 2079 inserta
970 2022 1052 2092 suut,
1085 2014 1202 2100 Ignatii
1226 2016 1312 2080 Mar·

133 2121 252 2203 tyrium
284 2118 501 2184 Colbertinum
532 2119 643 2182 ceteris
678 2117 769 2182 Actis
804 2119 836 2182 in
868 2119 1027 2182 volumine
1056 2118 1086 2182 ll
1118 2120 1310 2204 adiungitur.

133 2222 281 2288 Praestat
297 2225 423 2308 quidem
438 2224 499 2288 hoc
513 2224 706 2306 Martyrium
722 2223 867 2306 reliquis,
885 2248 904 2285 a
918 2224 1081 2287 nonnullis
1097 2224 1200 2288 adhuc
1215 2226 1313 2289 etiam

135 2328 350 2393 authenticum
382 2330 431 2392 vel
465 2354 484 2393 a
514 2327 682 2393 comitibus
712 2352 736 2392 s.
767 2329 884 2413 Ignatii
914 2330 1124 2411 compositum
1155 2330 1311 2405 liabetur;

134 2432 237 2515 primo
260 2437 366 2496 autern
388 2433 458 2497 loeo
481 2432 623 2495 exhiberi
644 2455 707 2496 non
729 2433 842 2515 potuit,
868 2435 1016 2516 quoniam
1036 2435 1184 2499 volumen
1199 2434 1230 2498 ll
1246 2458 1310 2499 non

134 2539 247 2607 totum,
272 2538 326 2600 sed
350 2542 463 2621 quarta
485 2541 577 2620 parte
599 2542 721 2601 tantum
745 2538 956 2603 recudendum
979 2547 1056 2605 erat.

222 2744 406 2810 Scribebam
429 2745 594 2830 Tubingae
617 2768 724 2810 mense
747 2745 828 2810 lulio
854 2747 947 2813 1901.
