2834 5018
322 674 501 731 EPISTULA
512 676 563 730 AD
581 676 800 734 DIOGNE'PUM
817 679 863 744 lli,
881 680 967 745 t-X‚
986 682 1010 734 7.
1184 688 1249 753 409

72 855 191 932 lumen,
215 855 377 933 honorem,
400 856 543 940 gloriam,
568 858 672 934 robur,
697 856 804 935 vitam,
830 857 866 921 de
888 858 1006 923 vestitu
1029 864 1061 923 et
1082 859 1168 924 victu
1183 861 1248 925 sol·

72 959 178 1022 licitos
200 981 264 1023 non
287 981 363 1024 esse.

162 1064 200 1128 X.
225 1065 319 1129 Hanc
342 1066 428 1130 situ
451 1087 577 1150 quoque
593 1067 789 1154 expetiveris
811 1067 922 1144 fidem,
946 1067 1043 1131 etiam
1065 1067 1248 1151 adipisceris

73 1171 211 1252 primum
235 1170 362 1253 quidem
384 1171 578 1254 agnitionem
600 1171 709 1255 patris.
756 1174 785 1236 2.
811 1172 898 1259 Deus
921 1172 1004 1236 enim
1032 1172 1175 1236 homines
1198 1173 1246 1236 di.-

73 1274 162 1351 lexit,
179 1277 312 1358 propter
335 1296 413 1358 quos
429 1275 580 1339 mundum
596 1275 724 1352 creavit,
742 1276 856 1359 quibus
878 1277 984 1340 omnia
999 1276 1142 1352 subiecit,
1167 1296 1274 1359 quaen

73 1379 106 1441 in
130 1383 215 1442 terra
237 1383 325 1457 sunt,
361 1379 475 1462 quibus
498 1380 654 1444 rationem
678 1380 782 1458 dedit,
817 1382 932 1464 quibus
954 1385 1108 1456 mentem,
1133 1380 1248 1463 quibus

73 1482 150 1546 solis
175 1505 300 1548 sursum
323 1483 490 1567 adipsum
513 1488 655 1566 spectare
678 1483 831 1568 permisit,
856 1506 934 1567 quos
957 1485 998 1548 ad
1020 1507 1111 1549 suam
1132 1484 1248 1570 imagi-

74 1608 147 1650 nem
172 1587 331 1663 formavit,
356 1588 396 1651 ad
419 1610 497 1671 quos
518 1592 626 1668 filium
648 1609 743 1653 atum
766 1594 970 1669 unigenitum
994 1596 1105 1670 mint,
1134 1589 1249 1672 quibus

74 1692 209 1756 caeleste
240 1713 373 1776 regnum
405 1693 551 1775 promisit
581 1697 612 1757 et
642 1694 730 1758 dabit
759 1694 816 1769 iis,
849 1694 903 1778 qui
924 1694 1031 1778 ipsum
1062 1694 1248 1758 dilexenmt.

74 1798 103 1859 3.
130 1796 307 1880 Postquam
339 1801 444 1861 autem
467 1797 558 1861 illum
588 1799 787 1882 cognoveris,
820 1803 938 1882 quanta
960 1802 991 1862 te
1020 1798 1187 1882 impletum
1208 1798 1249 1862 iri
1263 1819 1288 1857 ιο

72 1901 197 1965 laetitia
220 1900 407 1964 existimas?
439 1899 507 1965 Aut
528 1902 686 1983 quomodo
709 1902 822 1987 diliges
844 1924 934 1979 enm,
966 1903 1020 1986 qui
1041 1902 1128 1986 prior
1149 1907 1181 1967 te
1203 1903 1250 1966 ita

74 2005 242 2069 dilexerit?
277 2007 306 2068 4.
332 2004 366 2069 Si
390 2011 497 2074 autem
521 2005 653 2090 diligas,
686 2007 828 2071 imitator
849 2007 1056 2092 benignitatis
1088 2009 1154 2071 eius
1177 2008 1247 2072 eris.

72 2110 122 2174 Ac
144 2132 183 2173 ne
207 2109 338 2187 mireris
363 2132 456 2194 posse
478 2110 639 2174 hominem
662 2132 731 2175 esse
758 2111 951 2176 imitatorem
974 2112 1032 2175 dei.
1080 2112 1190 2176 Potest
1211 2134 1249 2177 eo

71 2215 207 2279 volente.
254 2216 283 2278 5.
308 2213 382 2279 Non
413 2215 496 2278 enim
523 2215 692 2298 imperium
727 2216 760 2280 in
791 2216 952 2299 proximos
981 2237 1125 2280 exercere
1147 2238 1248 2302 neque

71 2320 155 2383 velle
177 2320 295 2403 potiori
310 2320 490 2384 conditione
514 2341 582 2383 esse
599 2342 694 2403 quam
709 2320 896 2385 infirmiores
912 2343 1014 2405 neque
1037 2321 1166 2386 divitem
1181 2343 1249 2386 essa
1263 2339 1288 2378 ιο

71 2431 105 2488 et
128 2425 191 2488 vim
213 2425 330 2488 inferre
352 2423 557 2488 inferioribus
582 2427 630 2486 est
652 2423 781 2487 beatum
797 2445 874 2501 esse,
898 2446 1000 2508 neque
1023 2425 1056 2489 in
1077 2425 1127 2489 his
1142 2430 1249 2510 potest

73 2530 241 2613 qnisquam
263 2529 382 2593 imitari
405 2529 514 2604 deum,
546 2528 601 2592 sed
623 2528 703 2592 haec
725 2531 799 2591 sunt
821 2531 911 2592 extra
933 2528 1019 2592 illius
1040 2530 1248 2594 maiestatem.

74 2637 104 2698 6.
131 2633 175 2697 At
199 2633 253 2717 qui
275 2633 413 2716 proximi
435 2655 514 2697 onus
538 2633 570 2697 in
593 2655 626 2697 se
650 2633 791 2717 suscipit,
817 2633 887 2717 qni,
912 2634 1029 2718 quain
1051 2657 1084 2699 re
1107 2635 1251 2719 superior

72 2743 130 2814 est,
162 2738 260 2802 alimn
283 2737 469 2802 inferiorem
502 2738 655 2802 beneficio
677 2737 747 2801 vult
771 2737 913 2815 afficere,
948 2739 1017 2820 qui,
1050 2761 1130 2822 quae
1152 2739 1251 2804 habet

73 2848 204 2926 accepta
226 2865 245 2906 a
268 2843 342 2919 deo,
373 2865 411 2906 ea
433 2843 651 2928 indigentibus
683 2843 889 2926 suppeditans
920 2844 996 2907 deus
1024 2843 1061 2906 fit
1091 2844 1249 2928 accipien-
1265 2865 1291 2904 ao

72 2948 169 3024 tium,
203 2948 229 3012 is
251 2949 393 3012 imitator
416 2953 465 3012 est
487 2947 549 3011 dei.
597 2949 625 3011 7.
650 2946 739 3011 Tunc
762 2946 934 3030 perspicies
956 2948 990 3011 in
1017 2951 1100 3013 terra
1124 2949 1250 3032 degens,

73 3053 167 3115 deum
190 3052 222 3114 in
246 3052 342 3115 caelis
364 3073 517 3136 regnare3
548 3057 625 3115 tunc
646 3051 797 3135 mysteria
819 3051 869 3115 dei
891 3051 980 3134 loqui
1002 3052 1152 3135 incipies;
1175 3057 1252 3117 tunc

73 3178 137 3233 eos,
163 3156 216 3240 qui
239 3157 434 3240 punirmtur,
470 3156 553 3240 quod
576 3156 734 3239 abnegare
764 3155 858 3219 deum
880 3155 999 3231 nolint,
1031 3160 1063 3219 et
1086 3155 1197 3239 diliges
1220 3159 1253 3219 et

73 3260 252 3334 miraberis;
285 3266 361 3324 tunc
390 3261 599 3344 imposturam
621 3259 730 3322 mundi
754 3262 785 3322 et
808 3279 947 3322 errorem
970 3259 1147 3335 damnabis,
1180 3280 1251 3324 cum

74 3386 147 3428 vere
169 3366 202 3428 in
225 3365 314 3429 caelo
337 3366 440 3429 vivere
463 3365 623 3441 didiceris,
660 3386 731 3427 cum
753 3385 838 3439 eam,
873 3383 953 3446 quae
975 3361 1046 3425 heio
1074 3383 1158 3425 mors
1181 3385 1249 3427 esse
1266 3386 1291 3425 aa

74 3473 227 3545 censetur,
253 3469 494 3551 contempseris,
526 3489 598 3532 cum
619 3490 727 3532 veram
749 3473 883 3531 mortem
911 3465 1146 3542 formidaveris,
1172 3489 1251 3551 quas

75 3579 219 3637 servatur
242 3574 288 3650 iis,
314 3573 368 3655 qui
393 3572 627 3636 damnabuntur
650 3573 689 3634 ad
704 3572 811 3655 ignem
836 3575 1006 3645 aeternum,
1032 3570 1086 3653 qui
1109 3570 1170 3634 sibi
1185 3575 1251 3634 tra-

146 3725 280 3779 amaron.
300 3728 323 3785 6,
343 3727 454 3781 25-31.
484 3757 517 3765 -
544 3726 675 3779 4loann.
695 3726 718 3786 3,
740 3724 785 3783 16;
804 3725 816 3777 Ι
834 3723 930 3777 loann.
949 3725 974 3786 4,
994 3724 1018 3778 9.
1045 3753 1078 3762 -
1103 3723 1207 3778 lGen.
1229 3724 1252 3784 l,

74 3814 116 3866 26.
136 3813 177 3865 27.
197 3844 231 3851 -
250 3814 264 3865 7
284 3814 295 3865 Ι
315 3812 409 3866 loann.
428 3814 452 3875 4,
473 3813 497 3866 9.
518 3847 550 3857 -
571 3813 603 3866 10
622 3812 634 3864 l
653 3813 748 3865 loann.
766 3813 790 3873 4,
813 3811 851 3865 19.
877 3842 911 3850 -
938 3813 968 3866 11
988 3810 1082 3864 loann.
1104 3811 1143 3874 l4,
1162 3810 1196 3863 23
1215 3811 1251 3878 (4,

77 3901 117 3952 12.
136 3899 179 3952 20.
197 3901 250 3965 21).
270 3930 304 3938 -
325 3903 356 3954 ll
376 3900 436 3954 Gal.
455 3901 480 3964 6,
500 3900 523 3953 2.
544 3930 577 3939 —
596 3901 628 3954 21
648 3898 719 3967 Eph.
739 3899 763 3961 6,
782 3897 812 3957 9;
833 3897 891 3951 Col.
909 3899 934 3959 4,
955 3897 976 3951 l.

74 4019 140 4090 pius
159 4020 195 4073 ad
213 4021 307 4073 locum
326 4022 462 4076 accedunt
480 4024 554 4076 Acta
573 4024 652 4076 loan-
664 4022 666 4069 l
678 4017 779 4087 οὕτως,
808 4016 847 4087 ὼς
865 4021 898 4076 τὸ
916 4014 947 4076 εὖ
968 4027 1074 4083 ποιεῖν,
1101 4013 1254 4090 ἄνθρωπος

74 4107 120 4160 nis
134 4123 156 4159 c.
171 4108 217 4160 27:
237 4108 262 4163 ei
279 4106 308 4164 δὲ
320 4128 351 4179 γε
370 4112 416 4163 καὶ
427 4109 499 4177 μετὰ
520 4110 571 4167 τὸν
583 4109 653 4165 θεὸν
679 4103 733 4179 ἔχει
752 4114 821 4165 θεοῦ
839 4106 897 4176 (PG
916 4107 957 4168 35,
971 4105 1042 4172 892).
1079 4102 1212 4158 Erasmus
1225 4103 1254 4159 in

75 4193 183 4251 ἐκεῖνον
201 4196 266 4262 τοὺς
283 4195 430 4268 εὐεργέτας
447 4199 526 4267 ἡμῶν
543 4193 652 4267 datoris
680 4193 841 4262 Colloquiia
855 4192 1032 4254 Philodoxus,
1053 4193 1254 4245 commemorat

74 4302 147 4348 πους
159 4282 243 4348 θεοὺς
254 4287 306 4353 χρὴ
317 4287 463 4339 καλεῖσθαι
474 4283 546 4350 (Act
560 4285 651 4351 apost.
677 4282 731 4335 hoc
749 4279 939 4349 proverbium:
967 4278 1056 4332 Deum
1076 4295 1150 4341 esse,
1179 4278 1253 4346 quis·

75 4384 169 4438 apocr.
191 4369 251 4421 cdd.
262 4367 374 4438 Lipsius
388 4373 416 4423 et
429 4369 540 4423 Bonnet
549 4369 581 4431 ll,
594 4369 651 4432 166,
679 4367 741 4434 quis
768 4367 848 4420 iuvat
874 4366 1030 4420 mortalem.
1068 4365 1110 4422 Cf.
1133 4367 1252 4436 17100109.

75 4457 171 4522 3-4);
200 4455 352 4523 Gregorius
380 4454 446 4509 Nan.
475 4454 552 4510 Orat.
578 4456 651 4519 xlv,
681 4453 892 4524 Quanolsctritt
911 4451 976 4506 1881
995 4469 1023 4521 p.
1045 4452 1189 4506 146-148.

75 4543 194 4597 ‘lt-27:
213 4551 297 4613 γενοῦ
310 4551 349 4616 τῷ
359 4541 504 4614 ἀτυχοῦντι
517 4545 592 4610 θεός,
601 4545 653 4600 τὸν
714 4544 737 4596 7.
756 4538 851 4592 Prima
859 4539 943 4592 huius
951 4537 1052 4607 capitis
1063 4541 1144 4608 parte
1151 4538 1255 4596 Noster

76 4627 156 4686 ἔλεον
175 4635 244 4686 θεοῦ
268 4630 471 4700 μιμησάμενος·
500 4628 652 4703 οὐδὲνγὰρ
679 4628 801 4691 dixerat,
827 4627 916 4681 vitam
934 4626 1088 4682 virtutibus
1106 4628 1254 4697 plenamc
