2834 5018
512 637 665 692 1111111111
684 637 835 693 aaaron.
1141 642 1258 710 cxxv

83 818 226 882 tullianus
257 817 437 882 catholicus
470 817 545 900 quid
575 818 710 881 senserit
739 817 804 880 iam
835 817 979 881 vidimus.
1038 818 1132 883 Nunc
1164 821 1255 897 addc,

83 928 246 1007 postquam
271 921 478 986 Montanistis
501 943 569 985 sese
593 922 746 999 adiunxit,
772 944 843 987 eum
868 922 928 1003 (De
943 925 1046 1006 pudic.
1070 945 1096 989 c.
1116 924 1168 1005 10)
1192 925 1257 990 Pa·

82 1035 191 1092 storem
213 1027 420 1091 vehementer
435 1026 639 1111 impugnasse
663 1049 700 1091 ac
717 1027 842 1103 dixisse,
865 1027 982 1092 librum
1005 1031 1046 1092 ab
1069 1036 1160 1094 omni
1181 1050 1256 1093 con·

80 1136 153 1197 citio
169 1134 402 1212 acolanorum,
418 1137 519 1196 etium
534 1134 782 1208 catholicarum,
806 1139 895 1197 inter
910 1137 1099 1217 apocrypha
1115 1144 1149 1198 et
1159 1138 1257 1213 salsa

80 1241 222 1302 iudicari
237 1236 293 1320 (cf.
312 1235 419 1301 Mand.
437 1235 493 1313 IV,
513 1239 541 1312 l,
558 1239 578 1300 8
601 1234 692 1317 not).
739 1236 831 1312 Quod
853 1237 906 1301 vix
920 1259 1030 1302 verum
1052 1243 1109 1315 est,
1134 1243 1167 1303 et
1188 1261 1255 1303 rem

80 1365 110 1407 se
131 1362 346 1426 exaggerasse
370 1341 585 1405 Tertullianus
610 1342 678 1424 ipse
701 1343 816 1425 prodit.
862 1341 936 1407 Non
959 1343 1062 1408 solum
1092 1367 1152 1428 pro
1173 1343 1256 1408 libro

80 1447 115 1510 ab
139 1446 288 1510 omnihus
312 1446 520 1509 condemnato
552 1445 768 1509 vehementius
790 1445 957 1510 Pastorem
979 1448 1177 1531 aggreditur,
1202 1450 1257 1513 sed

79 1552 173 1616 etiam
197 1551 286 1633 (ibid.
313 1547 418 1630 120)
450 1571 522 1613 eum
545 1572 565 1613 a
586 1549 748 1614 nonnullis
781 1550 894 1615 saltem
925 1551 1063 1616 ecclesiis
1094 1558 1256 1638 receptum

79 1678 145 1719 esse
166 1656 308 1731 indicat3
332 1652 500 1718 Barnabae
523 1653 692 1738 epistulam
716 1655 800 1719 enim
815 1663 1032 1738 receptiorem
1055 1658 1141 1741 apud
1155 1657 1255 1722 eccle-

79 1762 137 1824 sias
168 1760 315 1823 nominat
345 1758 403 1822 illo
435 1758 526 1822 libro.
573 1757 686 1841 Neque
716 1760 867 1823 erraveris
897 1764 1055 1837 statuens,
1089 1760 1256 1826 Callistum

79 1865 267 1939 Romanum,
292 1885 385 1946 quem
408 1862 623 1927 Tertullianus
655 1862 688 1941 (l.
714 1863 755 1942 1.)
778 1867 869 1927 tauto
893 1886 963 1927 111111
993 1866 1103 1930 ardore
1126 1866 1254 1950 impug-

78 1974 140 2046 nat,
164 1969 206 2032 ad
229 1968 394 2056 Pastorem
416 1988 619 2050 provocasse,
653 1972 685 2031 et
707 1968 768 2032 hoc
791 1972 916 2032 tantum
943 1969 1005 2033 fide
1029 1971 1159 2055 dignum
1188 1992 1256 2034 esse

78 2076 210 2149 ridetur,
235 2073 353 2138 multas
376 2072 525 2137 ecclesias
548 2095 574 2136 c.
598 2095 670 2136 ann.
695 2074 759 2138 200
793 2073 932 2137 conciliis
954 2073 1072 2138 habitis
1096 2076 1255 2139 decretum

78 2180 191 2244 fecisse
225 2177 329 2241 simile
363 2176 551 2254 sententiae,
585 2198 681 2261 quam
714 2178 751 2241 de
785 2177 866 2241 libro
897 2178 1114 2262 prommtiarit
1145 2183 1256 2243 auctor

78 2283 265 2368 Fragmenti
280 2281 499 2346 Muratoriani.
546 2280 679 2345 Saeculo
695 2280 743 2344 ΠΙ
758 2282 861 2346 medio
877 2281 1075 2346 Noratianus
1090 2282 1255 2348 Pastorem

79 2393 231 2472 tanquam
256 2384 452 2469 Scripturam
475 2384 603 2449 Sacram
634 2385 763 2450 adhibet
792 2386 842 2450 De
870 2386 968 2450 trinit.
993 2388 1062 2450 c.2
1094 2388 1253 2453 scribens:

78 2492 160 2558 hunc
183 2492 269 2556 enim
291 2490 426 2574 legimus
457 2488 536 2574 (scil.
560 2488 785 2573 inscriptura)
817 2491 923 2554 omnia
949 2491 1108 2556 continere
1133 2490 1252 2573 (Mand.

79 2595 185 2678 L1)¹.
233 2594 409 2678 Aliquanto
440 2599 512 2676 post
534 2593 783 2678 Ps.·Cyprianus
813 2594 864 2658 vel
888 2599 998 2659 auctor
1027 2600 1182 2661 tractatus
1205 2596 1254 2660 De

78 2701 273 2765 aleatoribus
304 2699 421 2763 librum
451 2721 515 2763 non
547 2698 650 2764 solum
684 2721 756 2762 cum
789 2697 895 2763 Sacris
930 2698 1101 2783 Scripturis
1135 2701 1255 2785 allegat

78 2803 164 2886 (1.4,
190 2804 230 2868 cf.
255 2802 363 2867 Mand.
387 2801 444 2878 IV,
471 2804 499 2879 1,
515 2801 566 2885 9),
597 2803 771 2866 sedetiam
803 2803 918 2868 diserte
948 2811 1150 2887 scripturam
1172 2807 1253 2869 diri·

78 2933 153 2976 nam
185 2911 331 2975 nominat
359 2910 399 2991 (c.
425 2910 454 2987 2,
479 2909 519 2974 cf.
545 2909 620 2974 Sim.
644 2909 702 2986 IX,
724 2912 775 2988 31,
802 2912 821 2974 5
845 2907 934 2990 not).
980 2907 1056 2973 Inde
1079 2932 1098 2973 a
1127 2908 1254 2973 saeculo

78 3023 190 3099 quarto
214 3019 322 3078 autem
344 3014 419 3078 libri
442 3015 614 3079 auctoritas
637 3015 722 3098 apud
744 3015 873 3079 Latinos
899 3014 988 3079 brevi
1010 3015 1145 3078 evanuit.
1185 3015 1253 3078 Ru-

77 3119 158 3184 finus
184 3118 311 3202 quidem
334 3117 466 3202 (Expos.
490 3119 524 3182 in
545 3117 652 3201 Symh.
678 3126 780 3202 apost.
804 3142 830 3184 c.
856 3119 910 3201 38)
938 3140 1010 3182 eum
1032 3117 1122 3182 libris
1152 3122 1253 3183 eccle·

77 3231 228 3290 riarttcta
261 3225 464 3298 adnumerat,
499 3245 541 3287 sc.
578 3223 758 3307 Sapientiae
793 3223 985 3293 Salomonis,
1020 3222 1253 3299 Ecclesiastico,

80 3330 208 3407 Tobiae,
232 3328 348 3405 iudith,
374 3328 637 3393 Maccahaeorum
659 3329 759 3405 libris,
784 3328 930 3412 dicitque,
955 3327 1091 3391 maiores
1110 3326 1168 3389 hos
1184 3348 1253 3390 om-

78 3457 132 3498 nes
155 3439 224 3516 lapi
239 3437 369 3516 quictem
393 3438 549 3514 votuisse,
572 3444 766 3498 nontamen
784 3435 939 3515 proferri
961 3435 1008 3496 ad
1020 3439 1253 3496 crrctoritotem

79 3560 122 3604 11
142 3544 196 3604 hia
228 3542 498 3620 confirmandam.
544 3538 606 3604 Sed
636 3540 739 3603 minus
763 3538 912 3602 iudicium
942 3537 1106 3621 proprium
1134 3558 1253 3621 propo-

79 3645 151 3720 suit,
176 3667 272 3729 quam
302 3645 492 3709 sententiam
514 3644 685 3709 Athanasii
716 3648 748 3708 et
778 3643 914 3707 auctoris
936 3641 1119 3727 Fragmenti
1143 3641 1253 3706 Mura-

78 3749 194 3812 toriani
225 3750 362 3832 repetiit,
409 3747 559 3814 Cassiano
591 3750 631 3813 ad
654 3749 827 3813 doctrinam
858 3749 896 3812 de
924 3748 1047 3811 duobus
1078 3746 1198 3829 angelis
1222 3749 1254 3809 et

79 3854 115 3916 de
138 3853 264 3917 arbitrii
286 3852 435 3917 libertate
458 3853 702 3918 confirmandam
724 3852 831 3917 Mand.
850 3850 905 3927 Vl,
922 3853 987 3929 2,1
1013 3849 1066 3935 (cf.
1084 3852 1189 3915 adnot.
1214 3851 1254 3914 ad

78 3957 107 4021 h.
131 3954 167 4038 l.)
191 3957 345 4042 alleganti
368 3957 505 4042 Prosper
540 3957 672 4041 (Contra
694 3957 808 4023 Collat.
833 3980 858 4022 1.
883 3954 937 4037 30)
965 3955 1149 4040 respondet,
1180 3958 1252 4017 nut-

79 4065 144 4127 1111
167 4068 381 4127 auctoritatis
404 4082 479 4126 1111
501 4069 735 4143 testimonium,
759 4065 847 4143 quod
866 4063 1086 4144 disputationi
1107 4061 1253 4124 secede

80 4171 192 4233 libello
216 4170 371 4232 Pastoris
395 4173 586 4246 imemertt,
609 4171 642 4231 et
663 4167 728 4230 iam
751 4173 824 4231 ante
840 4165 1052 4247 Hieronymus
1077 4162 1194 4246 (Praef.
1219 4165 1253 4228 in

78 4272 145 4338 libr.
171 4271 257 4337 Sam.
283 4275 315 4334 et
337 4271 475 4336 Malach.
500 4270 546 4335 ed.
570 4269 680 4354 Migne
703 4269 758 4346 IX,
777 4266 853 4350 556)
882 4273 919 4332 ut
940 4268 1137 4352 Sapientiam
1160 4269 1251 4334 Salo-

77 4378 176 4443 monis
204 4381 237 4440 et
258 4376 330 4441 Iesu
363 4376 422 4440 filii
453 4374 562 4442 Sirach
595 4375 712 4439 librum
739 4379 770 4440 et
798 4373 906 4438 Iudith
936 4378 969 4437 et
991 4372 1124 4437 Tobiam
1153 4374 1198 4438 sic
1221 4378 1252 4438 et

147 4605 161 4658 l
182 4601 225 4656 cf.
245 4599 331 4662 Zahn,
351 4598 505 4655 damam
520 4597 567 4653 des
584 4604 693 4654 11111111
713 4597 829 4652 Korona
846 4595 867 4660 1,
886 4595 945 4650 346.
