2834 5018
354 1579 590 1653 EPISTULA
618 1578 684 1650 AD
714 1578 1012 1652 DIOGNETVM,

184 1912 207 1976 Ι.
232 1911 310 1977 Cum
333 1917 380 1989 te,
412 1912 607 1995 amplissime
628 1912 806 1997 Diogneto,
837 1911 930 1976 valde
952 1913 1128 1977 studiosum
1151 1913 1274 1977 videam

93 2018 235 2081 divinum
251 2014 503 2082 Christianorum
519 2019 640 2082 cultum
663 2018 873 2101 cognoscendi
888 2024 920 2082 et
943 2019 1111 2082 admodum
1128 2023 1274 2083 accurate

94 2122 326 2205 diligenterque
351 2122 388 2185 de
410 2122 449 2185 iis
471 2127 728 2204 percontantem,
760 2123 890 2187 tuideo
924 2123 1115 2187 confidentes
1138 2127 1169 2186 et
1193 2144 1272 2206 quo·

93 2228 189 2290 modo
205 2246 277 2288 eum
300 2227 440 2290 colentes
456 2227 609 2291 mundum
633 2232 838 2311 aspernentur
853 2249 961 2292 omnes
984 2232 1180 2311 mortemque
1196 2242 1300 2292 con-⁶

93 2333 239 2394 temnant
261 2333 293 2393 et
314 2351 416 2413 neque
446 2352 515 2407 eos,
547 2331 602 2415 qui
624 2354 643 2395 a
666 2331 838 2416 gentilibus
862 2332 905 2396 dii
931 2335 1099 2415 putantur,
1133 2353 1190 2415 pro
1214 2331 1273 2395 diis

93 2435 235 2499 habeant
250 2456 351 2517 neque
367 2434 556 2499 ludaeorum
571 2437 829 2521 superstitionem
844 2437 1019 2514 observent,
1042 2441 1075 2501 et
1090 2458 1151 2522 quo
1168 2457 1273 2501 amore

93 2544 206 2603 mutuo
235 2539 318 2602 inter
339 2560 372 2602 se
403 2541 511 2604 affecti
533 2541 614 2616 sint,
649 2547 681 2604 et
704 2563 759 2605 cur
788 2542 916 2606 tandem
945 2564 1060 2605 novum
1084 2541 1145 2605 hoo
1173 2562 1274 2625 genus

95 2649 151 2707 aut
175 2644 356 2707 institutum
379 2666 463 2708 nunc
486 2645 610 2708 demum
635 2646 818 2729 apparuerit
841 2668 877 2709 ac
900 2667 963 2710 non
986 2647 1091 2729 prius:
1123 2644 1219 2709 laudo
1242 2647 1274 2708 te

95 2753 227 2832 propter
248 2748 309 2812 hoo
332 2749 471 2812 studium
494 2753 589 2831 atque
612 2773 631 2813 a
655 2751 729 2827 deo,
765 2751 818 2834 qui
843 2755 874 2814 et
897 2750 1046 2835 loquendi
1069 2753 1101 2813 et
1129 2747 1275 2813 audiendi
1288 2763 1314 2799 ¹⁰

94 2852 187 2915 nobis
203 2852 388 2916 facultatem
404 2854 598 2936 suppeditat,
616 2860 700 2937 peto,
725 2860 761 2918 ut
776 2856 868 2919 detur
882 2855 960 2919 mihi
977 2856 1104 2938 quidem
1118 2855 1164 2918 ita
1178 2854 1275 2918 verba

95 2957 212 3033 facere,
236 2961 272 3020 ut
293 2958 330 3033 is,
355 2958 410 3040 qui
433 2958 571 3035 audiuit,
596 2959 705 3042 utique
727 2959 839 3023 melior
860 2960 926 3036 fiat,
951 2964 983 3023 et
1005 2959 1064 3023 tibi
1086 2959 1133 3023 ita
1156 2958 1273 3035 audire,

95 3067 132 3126 ut
153 3062 284 3125 tristitia
306 3083 369 3125 non
394 3063 554 3127 afficiatur
576 3064 613 3141 is,
639 3065 692 3148 qui
715 3065 811 3129 verba
833 3064 919 3128 fecit,

183 3164 223 3228 ΙΙ.
249 3165 320 3250 Age
343 3166 455 3251 igitur,
484 3172 655 3252 postquam
678 3169 817 3252 teipsum
840 3191 859 3232 a
882 3168 1003 3232 cunctis
1027 3167 1275 3252 cogitationibus

96 3318 212 3385 Antiqu.
231 3317 264 3383 X,
278 3321 301 3381 3,
315 3320 345 3381 2;
365 3320 492 3389 Xenoph.
513 3321 613 3391 Cyrop.
626 3320 673 3385 Ill,
686 3324 689 3383 Ι
702 3321 837 3376 Similiter
860 3322 955 3375 textus
979 3336 1095 3391 graecus
1118 3318 1274 3388 Apologiae

95 3406 119 3458 3.
140 3405 182 3458 58.
220 3407 325 3459 Auctor
349 3423 411 3460 eam
437 3406 491 3461 hoo
517 3407 580 3461 loco
599 3410 673 3463 haud
686 3386 689 3475 Ι
702 3408 833 3463 Aristidis
852 3410 876 3471 2,
896 3407 912 3459 2
930 3407 986 3461 tria
1009 3423 1114 3475 genere
1132 3404 1274 3468 discernit,

96 3491 182 3547 dubie
212 3509 301 3559 aeque
329 3510 362 3546 ac
386 3495 417 3555 4.
444 3498 457 3548 1
487 3512 568 3549 sensu
599 3486 844 3551 malolversiones
858 3494 968 3563 syriaca
981 3497 1009 3547 et
1023 3491 1183 3547 armeniaca
1194 3493 1275 3559 quat-

96 3583 223 3649 usurpat.
261 3579 303 3634 cf.
323 3583 383 3634 Act
398 3584 440 3644 25,
455 3582 495 3635 19.
514 3614 550 3623 -
567 3585 674 3654 καινόν]
687 3550 689 3659 Ι
701 3583 773 3645 tuor,
792 3597 830 3637 sc.
849 3579 993 3641 barbarus,
1013 3579 1143 3641 Graecos,
1156 3577 1274 3631 ludaeos

96 3667 139 3720 Of.
164 3667 248 3722 Arist.
273 3667 353 3737 Apol.
375 3670 451 3731 16,4
477 3669 531 3740 (ed.
559 3669 591 3723 R.
613 3664 730 3764 See-iet
750 3668 934 3723 Christianos.
959 3698 994 3705 —
1018 3675 1067 3722 νῦν
1089 3670 1135 3723 καὶ
1158 3664 1192 3722 od
1209 3667 1276 3734 πρό-

96 3753 278 3824 berg1894);
310 3756 372 3809 Tot.
399 3756 475 3810 Orat.
503 3772 525 3809 c.
545 3759 577 3811 31
598 3774 674 3824 sqq.;
702 3756 794 3827 τερον]
822 3755 864 3808 Cl'.
892 3755 995 3808 Arnob.
1024 3754 1062 3815 ll,
1089 3753 1130 3805 75.
1164 3782 1198 3790 -
1226 3751 1277 3807 τὸν

96 3842 223 3910 Theoph.
243 3842 286 3894 Ad
305 3843 399 3897 Autol.
420 3842 466 3906 Ill,
488 3846 517 3906 1;
537 3844 612 3898 'lert
631 3844 675 3897 Ad
687 3832 690 3921 Ι
701 3840 857 3899 ἀκούσαντα
875 3842 944 3912 κτλ]
958 3839 1093 3895 Similiter
1105 3837 1218 3907 Hippol.
1233 3836 1275 3891 De

95 3930 154 3981 nat.
174 3928 193 3991 Ι,
213 3928 229 3981 8
239 3948 245 3991 ;
264 3929 390 3984 Praedic.
404 3930 482 3984 Petri
502 3931 545 3983 ed.
558 3930 673 4000 Hilgen-
687 3928 689 3965 Ι
703 3929 815 3983 Christo
834 3932 862 3983 et
881 3928 1007 3982 Antichr.
1027 3943 1048 3980 c.
1068 3928 1085 3980 2
1103 3926 1145 3980 ed.
1163 3922 1275 3978 Achelis

95 4017 156 4070 feld
186 4016 254 4070 Nov.
275 4018 350 4072 Test.
379 4022 460 4072 extra
486 4034 546 4071 can.
566 4017 611 4080 IV,
633 4008 729 4085 59,'p.
749 4017 772 4076 5,
794 4016 910 4077 16-18;
931 4014 1056 4068 Palust.
1077 4013 1189 4068 Cohort.
1209 4028 1231 4065 o.
1252 4014 1274 4065 l.

95 4106 165 4159 d-7
185 4105 230 4171 (=
243 4103 328 4158 Clem.
348 4105 391 4157 Al.
411 4104 511 4158 Strom.
531 4104 577 4166 VI,
597 4106 620 4167 5,
639 4103 851 4171 412-00112]
871 4102 1077 4171 Saepenumero
1093 4100 1168 4170 apud
1181 4098 1275 4152 classi-

94 4209 123 4261 p.
145 4192 222 4258 761);
259 4189 363 4244 Amob.
392 4191 461 4244 Ado.
489 4193 547 4244 nst
567 4190 606 4253 ΙΙ,
626 4172 750 4279 69;Ιοοε
769 4204 882 4255 quoque
908 4190 1060 4258 scriptores
1077 4187 1130 4257 μέν
1153 4185 1276 4256 particu-

95 4278 162 4332 Eus.
181 4278 260 4332 Dcm.
281 4294 322 4331 ev.
341 4275 361 4339 Ι,
383 4280 404 4339 l,
423 4279 448 4330 4.
474 4308 509 4316 —-
533 4286 617 4334 τοῦτο
637 4278 673 4350 y.]
687 4306 689 4317 ν
701 4277 760 4330 lam
780 4275 887 4344 excipit
914 4296 944 4332 τε
972 4272 1152 4328 coniunctius
1175 4270 1277 4341 (Otto).

95 4366 113 4418 i.
135 4382 157 4418 e.
183 4368 249 4432 post
269 4363 402 4417 Hellenas
430 4367 458 4417 et
483 4363 601 4418 ludaeos
619 4358 689 4427 ter-j

94 4452 167 4506 tium
186 4468 283 4519 genus.
304 4450 389 4505 Clem.
409 4449 451 4503 Al.
471 4449 572 4504 Strom.
586 4451 631 4514 Vl,
650 4432 689 4521 5,Ι

94 4541 127 4594 41
149 4557 176 4607 p.
196 4539 260 4593 761:
280 4536 358 4607 ὑμεῖς
377 4537 406 4593 δὲ
425 4535 452 4594 ci
469 4544 571 4604 καινῶς
589 4536 675 4594 αὐτὸν
687 4524 689 4585 f
702 4500 782 4571 Ap⁰l
802 4499 821 4563 I’
840 4499 864 4552 9'

95 4630 182 4702 τρίτῳ
218 4625 291 4698 γένει
323 4626 469 4697 σεβόμενοι
504 4590 690 4696 Xowttuvol.l
739 4625 761 4677 1.
778 4619 907 4695 καθάρας
915 4618 984 4687 κτλ]
997 4617 1039 4672 Oi.
1049 4616 1120 4688 Eph.
1129 4618 1155 4682 4,
1168 4617 1200 4672 21
1212 4636 1276 4688 sqq.

737 4414 770 4469 Il.
801 4413 843 4466 Cf.
871 4413 907 4465 ud
937 4413 991 4465 hoc
1022 4407 1178 4480 capitulum
1207 4408 1277 4463 lust.
