2834 5018
166 337 207 400 64
657 329 853 387 BARNABAE

165 506 194 570 τί
216 508 250 571 δέ
282 510 347 591 ἅμα
370 511 405 572 τὸ
428 510 509 590 ἔριον
538 509 592 570 καί
615 509 651 570 τὸ
683 510 846 587 ὓσσωπον;
879 510 925 572 δτι
949 507 981 571 έν
1004 517 1042 590 τῇ
1074 507 1215 592 βασιλείᾳ
1244 509 1339 572 αὐτοῦ

165 611 276 695 ἡμέραι
299 614 422 677 ἔσονται
445 614 576 697 πονηραί
598 615 652 675 καί
676 612 825 695 ρυπαροιί,
856 611 888 677 ἐν
912 610 959 689 αίς
981 612 1069 696 ἡμεῖς
1099 612 1339 697 σωθησόμεθα·

165 718 212 780 ὅτι
234 719 287 779 καί
311 717 328 780 ὁ
351 717 457 801 ἀλγῶν
481 717 584 800 σάρκα
599 718 650 781 διὰ
673 725 727 780 τοῦ
750 715 848 799 ρὑου
863 726 918 780 τοῦ
941 716 1090 780 ὑσσώπου
1107 717 1199 780 ἰᾶται.
1234 721 1262 784 7.
1287 720 1339 781 καί

166 821 217 885 διὰ
245 831 336 884 τοῦτο
367 825 465 897 οὕτως
493 823 646 906 γενόμενα
674 821 746 904 ἡμῖν
775 821 831 904 μέν
862 821 944 885 ἐστιν
976 822 1111 904 φανερά,
1146 821 1274 897 ἐκείνοις
1307 823 1340 885 δὲ

140 926 320 1007 ισκοτεινοί,
345 928 391 989 ὅτι
414 928 471 990 οὐκ
493 927 632 1009 ἤκουσαν
656 936 760 1010 φωνῆς
783 925 898 1008 κυρίου.

254 1033 308 1097 ΙΧ.
332 1029 424 1114 Λέγει
448 1034 508 1114 γὰρ
531 1031 624 1095 πάλιν
646 1032 715 1114 περί
738 1040 800 1095 των
824 1030 938 1110 ὠτίων,
962 1041 1029 1106 πῶς
1053 1031 1230 1115 περιέτεμεν
1252 1031 1339 1115 ἡμῶν

166 1136 222 1216 τὴν
245 1134 384 1217 καρδίαν.
431 1134 515 1219 λέγει
546 1135 650 1218 κύριος
680 1136 780 1218 ἐντῷ
813 1134 969 1218 προφήτῃ·
1008 1136 1069 1217 Εἰς
1100 1137 1209 1220 ἀκοὴν
1239 1138 1340 1201 ὠτίου

167 1241 370 1321 δπιίκονσάν
391 1262 466 1320 μου.
513 1243 567 1305 καί
582 1239 676 1305 πάλιν
692 1239 790 1324 λέγει·
815 1239 921 1326 Ἀκοῇ
937 1241 1142 1305 ἀκούσονται
1158 1244 1189 1305 οἱ
1205 1243 1339 1326 πόρρω-

165 1341 248 1421 θεν,
279 1344 468 1428 άέποίησα
497 1348 696 1428 γνώσονται.
720 1344 790 1407 καί·
824 1342 1082 1429 Περιτμὴθητε,
1114 1343 1198 1427 λέγει
1225 1345 1339 1428 κύριος,

129 1449 226 1528 πτας
249 1448 388 1533 καρδίας
416 1455 522 1530 ὑμῶν.
569 1453 598 1515 2.
623 1451 676 1511 καί
704 1449 797 1512 πάλιν
820 1447 918 1531 λέγει·
952 1447 1078 1513 Ἀκοωε
1098 1449 1256 1534 Ἰσραήλ,
1291 1453 1340 1514 ὅτι

167 1550 246 1615 τάδε
260 1550 350 1634 λέγει
372 1555 486 1637 κύριος
503 1554 521 1615 ὁ
544 1550 626 1633 θεός
643 1574 713 1617 σου.
760 1554 813 1615 καί
828 1552 922 1615 πάλιν
945 1554 980 1615 τδ
995 1561 1117 1636 πνεῦμα
1139 1552 1247 1635 κυρίου
1267 1575 1340 1636 προ-

167 1655 308 1738 φητεύει·
336 1655 392 1738 Τίς
415 1657 542 1721 ἐστινὸ
565 1655 682 1721 θέλων
698 1656 798 1741 ζῆσαι
821 1660 868 1738 εἰς
891 1659 951 1722 τὸν
966 1658 1093 1733 αίῶνα;
1115 1657 1222 1744 Ἀκοῇ
1238 1661 1338 1724 άκου-

168 1761 259 1824 σάτω
283 1767 341 1844 τῆς
365 1767 483 1845 φωνῆς
506 1767 567 1825 τοῦ
590 1759 710 1841 παιδός
725 1783 801 1842 μου.
848 1765 878 1828 3.
902 1762 955 1823 καί
978 1761 1072 1824 πάλιν
1091 1760 1192 1846 λέγει·
1217 1762 1341 1827 Ἀκουε

169 1866 303 1951 οὐρανέ,
327 1866 383 1928 καί
407 1864 570 1946 ἐνωτίζου
593 1871 645 1949 γῆ,
669 1867 720 1929 ὅτι
742 1868 857 1951 κύριος
873 1865 1041 1950 ἐλάλησεν
1063 1874 1169 1931 ταῦτα
1185 1869 1232 1948 είς
1255 1889 1339 1952 μαρ-

130 1973 291 2054 ιττύριον.
337 1971 391 2032 καί
414 1968 507 2032 πάλιν
535 1968 634 2054 λέγει·
669 1970 856 2035 Ἀκούσατε
884 1970 987 2053 λόγον
1018 1974 1152 2055 κυρίου,
1181 1973 1341 2057 ἄρχοντες

167 2081 227 2138 τοῦ
250 2074 335 2138 λαοῦ
358 2077 488 2139 τούτου.
534 2075 588 2136 καί
611 2073 705 2137 πάλιν
728 2073 830 2157 λέγει·
861 2075 1063 2154 Ἀκούσατε,
1087 2076 1199 2154 τέκνα,
1224 2083 1340 2160 φωνῆς

168 2181 318 2262 βοῶντος
342 2179 380 2243 έν
402 2184 443 2264 τῇ
466 2179 591 2263 ἐρήμῳ.
637 2180 750 2242 οὐκοῦν
773 2178 950 2262 περιέτεμεν
971 2177 1060 2262 ἡμῶν
1083 2181 1138 2255 τὰς
1158 2180 1268 2259 ἀκοάς,
1292 2182 1342 2243 ἵνα

167 2282 358 2357 ἀκούσαντες
388 2282 481 2366 λόγον
510 2283 723 2366 πιστεύσωμεν
751 2281 848 2365 ἡμεῖς.
894 2288 924 2349 4.-
949 2283 1032 2346 ἀλλὰ
1063 2286 1117 2348 καί
1140 2283 1160 2367 η
1182 2285 1340 2369 περιτομή,

168 2386 218 2469 ἐφ’
241 2385 260 2471 ᾖ
283 2387 483 2466 πεποίθασιν,
507 2387 709 2472 κατήργηται.
754 2391 922 2471 περιτομὴν
944 2389 1005 2470 γάρ
1021 2390 1143 2473 εἴρηκεν
1166 2391 1202 2453 οὐ
1226 2393 1341 2473 σαρκὸς

132 2519 157 2557 νυ
170 2496 358 2576 γενηθῆναι·
382 2492 465 2555 ἀλλὰ
480 2491 670 2578 παρέβησαν,
694 2493 741 2554 δτι
765 2491 898 2575 ἄγγελος
913 2495 1046 2575 πονηρὸς
1062 2493 1204 2576 έσόφιζεν
1220 2494 1342 2570 αὐτούς.

170 2601 199 2663 5.
224 2595 308 2681 λέγει
330 2599 405 2679 πρὸς
429 2596 556 2673 αὐτούς·
585 2596 672 2661 Τάδε
694 2596 781 2679 λέγει
804 2600 918 2681 κύριος
942 2598 960 2659 ὁ
983 2595 1065 2678 θεὸς
1080 2601 1179 2678 ὑμῶν
1203 2596 1278 2683 (ὦδε
1293 2600 1342 2662 εί)-

169 2701 266 2783 ρίσκω
290 2701 447 2787 ἐντολήν)·
479 2702 540 2786 Μὴ
565 2704 724 2786 σπείρητε
753 2701 807 2765 ἐπ’
832 2700 1017 2783 ἀκάνθαις,
1041 2702 1273 2788 περιτμηθητε
1296 2712 1342 2789 τῷ

168 2810 274 2892 κυρίῳ
297 2812 404 2890 ὑμῶν.
451 2811 505 2871 καί
529 2809 557 2872 τί
581 2807 682 2891 λέγει;
713 2804 954 2891 Περιτμηθητε
981 2808 1044 2890 τὴν
1072 2806 1344 2894 σκληροκαρδίαν

168 2915 282 2992 ὑμῶν,
310 2915 366 2977 καί
389 2914 450 2978 τὸν
471 2912 642 2999 τράχηλον
667 2915 766 2993 ὑμῶν
789 2913 829 2975 οὐ
862 2910 1088 2996 σκληρυνεῖτε.
1135 2912 1213 2998 λάβε
1235 2913 1342 2978 πάλιν·

132 3044 157 3081 τι
170 3016 272 3096 Ἰδού,
297 3017 384 3101 λέγει
406 3023 531 3103 κύριος,
555 3018 669 3081 πάντα
692 3017 733 3081 τὰ
749 3015 837 3101 ἔθνη
860 3019 1071 3101 ἀπερίτμητα
1087 3017 1343 3106 δκροβυστίρ,δ

170 3117 207 3182 δὲ
228 3120 310 3201 λαός
344 3123 440 3202 οὗτος
471 3124 697 3207 ἀπερίτμητος
727 3122 858 3208 καρδίᾳ.
906 3125 934 3188 6.
959 3122 1029 3185 ἀλλ’
1061 3122 1155 3205 έρεῖς·
1190 3123 1254 3188 Καί
1285 3128 1344 3208 μὴν

239 3277 256 3328 3
273 3279 354 3342 καὶ)
373 3278 391 3330 S
407 3280 410 3346 Ι
427 3276 513 3345 ὁ>1ί
528 3277 564 3345 17
585 3281 649 3348 τηνι
660 3280 706 3332 καί
732 3281 782 3348 τὴν
799 3275 824 3328 V
840 3277 844 3347 ί
860 3276 998 3349 κύριοςιὸ
1016 3298 1041 3333 κ.
1060 3278 1085 3330 V
1110 3279 1113 3348 1
1138 3277 1155 3330 9
1173 3285 1341 3352 περιτμηθῆ-

169 3383 246 3420 σεται
266 3363 291 3416 V
308 3366 311 3431 Ι
329 3367 359 3419 11
380 3381 420 3430 sq.
439 3369 483 3420 καί
503 3396 537 3403 -
555 3365 722 3437 προφητεύει
741 3364 803 3417 VL:
819 3367 853 3432 >
864 3364 909 3417 SH
934 3366 937 3434 ί
961 3366 993 3419 12
1012 3366 1095 3436 a&
1106 3366 1135 3422 δὲ
1153 3367 1180 3419 H
1196 3367 1199 3436 Ι
1223 3369 1289 3435 τοὺς
1306 3368 1343 3424 αἰ·

169 3459 242 3518 ῶνας
259 3452 285 3505 Η
301 3452 304 3522 ί
323 3453 354 3505 16
374 3466 482 3524 φωνῆςι
499 3464 547 3522 τῆς
567 3475 595 3523 φ.
616 3451 639 3503 V
655 3452 659 3522 ί
677 3455 709 3506 17
728 3447 825 3521 ἔτεμεν
845 3452 870 3504 Η
886 3452 889 3521 ί
908 3450 939 3506 18
957 3451 1000 3508 άκ.
1020 3454 1105 3525 λόγον
1120 3452 1194 3506 HVL
1205 3474 1211 3507 z
1222 3476 1343 3513 ακουσω-

168 3559 221 3608 μεν
239 3544 262 3595 λ.
280 3560 324 3595 και
344 3561 381 3608 μη
400 3559 489 3608 μονον
508 3540 525 3592 S
542 3540 545 3609 ί
562 3538 708 3609 ημεῖς>1ί
723 3539 727 3609 ί
743 3537 813 3596 ἀλλὰ
830 3543 876 3595 καί.
895 3541 910 3609 η
929 3537 974 3591 SH
985 3558 990 3591 :
1002 3536 1026 3595 εί
1044 3539 1097 3612 γὰρ
1117 3540 1142 3592 V
1164 3540 1168 3609 Ι
1191 3542 1223 3596 19
1242 3535 1259 3612 ᾗ
1276 3541 1344 3595 HV:

169 3625 226 3696 ηςὸ
243 3627 247 3692 ί
264 3624 494 3683 ἐπεπείθεισανΗ
510 3627 514 3695 ί
530 3628 563 3680 21
574 3625 684 3699 λέγειλ
698 3626 727 3683 δέ
737 3625 785 3679 HL
801 3628 805 3695 ί
821 3628 899 3697 ἡμῶν
909 3625 936 3679 Η
951 3626 955 3695 Ι
971 3628 1005 3680 22
1015 3627 1171 3699 σπειρετεὸ
1187 3628 1192 3692 Ι
1208 3626 1253 3685 ἐπί
1264 3627 1344 3685 άκάν

171 3714 267 3781 θαιςίί
283 3714 286 3783 1
303 3715 337 3767 23
345 3716 430 3788 κυρίην
441 3733 446 3763 t
458 3712 543 3769 9st
559 3716 562 3781 Ι
579 3717 768 3786 περιτμὴθητε
779 3732 784 3764 :
794 3717 840 3769 καί
848 3734 876 3768 π.
888 3713 920 3776 V,
930 3715 1121 3787 περιτμηταιδ
1137 3716 1142 3782 Ι
1158 3719 1208 3786 τὴν
1217 3721 1276 3773 σκλ.
1286 3716 1345 3771 SH:

170 3803 203 3857 τὸ
222 3803 342 3872 σκληρὸν
361 3812 408 3869 τῆς
425 3804 538 3873 καρδίας
555 3800 581 3854 V
597 3800 600 3869 ί
623 3801 658 3853 24
676 3806 853 3875 οκληρυνεῖτε
871 3799 917 3854 SH
935 3802 979 3871 (ί-
990 3796 1031 3857 ἔτι
1049 3801 1103 3869 Η);
1121 3807 1160 3873 μὴ
1177 3803 1345 3876 σκληρίνητε

171 3889 196 3943 V
212 3889 215 3955 ί
233 3889 333 3962 λάβε)
342 3887 367 3940 V
383 3889 387 3957 ί
403 3890 436 3943 25
455 3887 691 3962 άπερίτμητα>8
708 3888 711 3956 ί
727 3887 896 3965 ἀκροβυστίᾳ
915 3888 956 3941 H:
969 3889 1198 3959 -στίαν8(Ι,ΧΧ),
1219 3911 1282 3948 -στα
1299 3891 1324 3943 V
1341 3890 1343 3957 ί

171 3977 204 4030 26
222 3981 334 4051 καρδίας
353 3978 370 4030 S
385 3977 459 4031 LXX

171 4097 269 4152 laudat
287 4100 330 4153 Ps.
351 4102 392 4161 95,
414 4101 446 4154 10
464 4101 517 4155 hoc
535 4101 632 4155 modo:
659 4097 742 4155 ...ὁ
770 4098 829 4152 Ιυά.
850 4116 872 4152 ε.
887 4100 926 4154 10.

170 4187 264 4258 κύριος
291 4187 464 4260 ἐβασίλευσεν
491 4186 547 4244 ἀπὸ
577 4197 627 4245 τοῦ
653 4187 743 4255 ξύλον.
808 4187 831 4240 6.
851 4187 950 4261 ῥάπυν]
969 4185 1123 4256 respondet
1145 4186 1283 4242 vocabulo
1301 4188 1345 4260 ῥο-

172 4271 212 4327 Of.
233 4274 307 4328 Tert.
337 4273 405 4327 Adv.
430 4274 514 4328 Mare.
534 4275 580 4335 ΙΙΙ,
603 4273 648 4335 19;
676 4274 745 4327 Adv.
773 4277 866 4347 παραί,
886 4278 915 4328 et
924 4273 955 4327 Β.
973 4273 1007 4328 de
1026 4274 1104 4329 οονάε
1122 4275 1236 4343 hyssopi
1254 4276 1290 4329 ob
1308 4275 1344 4328 ci-
