2834 5018
466 638 492 692 S.
510 637 651 694 IGNATII
668 638 879 695 EPISTULAE.
1081 644 1260 710 LXXXVII

85 822 150 882 sunt
171 818 288 883 crebra
311 817 371 883 illa
393 818 583 901 fragmenta,
608 839 689 897 quae
711 818 818 901 plures
840 817 1010 901 scriptores
1032 818 1146 902 syriaci
1168 820 1259 883 nobis

85 923 278 987 tradiderunt
303 943 447 1007 quaeque
471 920 618 998 Cureton,
643 921 733 986 Zahn
756 928 788 986 et
810 922 977 1007 Lightfoot
1003 924 1036 987 in
1058 925 1123 989 suis
1147 924 1259 988 editio·

85 1027 170 1091 nibus
201 1027 413 1111 collegerunt.
470 1025 657 1090 Versionem
688 1025 897 1090 armeniacam
928 1028 1091 1092 ediderunt
1122 1051 1149 1092 a.
1177 1029 1260 1092 1783

86 1130 200 1208 Menas,
217 1132 389 1215 episcopus
404 1132 491 1195 urbis
507 1131 676 1195 Armeniae
691 1132 819 1195 maioris
835 1130 1024 1216 Bagrevand
1035 1135 1057 1210 ²,
1082 1137 1115 1197 et
1130 1156 1156 1197 a.
1176 1132 1259 1197 1849

83 1235 284 1300 Petermann.
330 1235 499 1320 Ligbtfoot
522 1234 575 1316 (H,
593 1234 758 1315 861-64)
775 1235 909 1319 denique
925 1237 1078 1320 epistulae
1095 1238 1135 1302 ad
1150 1236 1259 1319 Smyr-

84 1361 175 1404 naeos
199 1345 327 1424 partem
349 1340 486 1423 priorem
510 1337 549 1419 (o.
576 1338 674 1419 1-6)
699 1340 822 1422 coptice
845 1361 968 1403 versam
991 1339 1044 1422 (=
1062 1339 1099 1422 Ο)
1124 1341 1221 1404 edidit
1243 1361 1260 1403 e

85 1445 197 1521 codiee,
224 1446 279 1530 qui
301 1444 378 1509 olim
400 1445 434 1507 in
457 1443 567 1507 Museo
591 1444 750 1526 Borgiano
774 1443 906 1507 Velitris
929 1451 1004 1523 erat,
1028 1445 1164 1509 nuncin
1186 1444 1259 1508 bib·

83 1548 221 1613 liotheca
243 1547 349 1612 Musei
370 1547 541 1612 sationalis
564 1546 702 1631 Neapoli
733 1553 920 1612 asservatur.
966 1548 1135 1614 Versiones
1156 1550 1259 1612 orien-

84 1655 178 1731 tales,
213 1677 285 1718 curn
307 1655 461 1738 interpres
491 1655 632 1736 syriacus
662 1654 789 1738 sinffirla
818 1655 1007 1738 exemplaris
1036 1653 1143 1738 graeci
1164 1653 1261 1716 verba

83 1781 144 1824 non
168 1763 316 1823 accurate
345 1759 528 1834 reddiderit,
563 1759 618 1823 sed
639 1759 771 1825 liberius
793 1781 850 1824 suo
880 1781 1008 1824 munere
1038 1759 1165 1822 functus
1188 1754 1259 1832 sit2,

85 1867 122 1930 ad
145 1869 269 1930 textum
291 1865 518 1929 recensendum
540 1887 603 1929 non
625 1865 709 1928 idern
731 1864 838 1928 valent
860 1886 896 1928 ao
918 1865 1019 1928 latina
1041 1867 1074 1928 et
1096 1884 1167 1927 cum
1182 1883 1259 1944 pru-

85 1971 190 2035 dentia
214 1958 411 2036 adhibendae
434 1976 517 2035 sunt.
564 1970 677 2055 Neque
699 1977 806 2036 tamen
828 1973 918 2055 parvi
941 1971 1153 2036 aestimandae
1175 1972 1259 2032 sunt.

83 2075 257 2158 Exemplar
287 2096 435 2159 mecum
467 2076 585 2140 saeculi
615 2075 662 2140 IV
695 2080 942 2158 repraesentant,
967 2096 1136 2159 earumque
1166 2073 1260 2137 lectio

84 2178 211 2243 maioris
232 2179 386 2242 momenti
408 2186 469 2258 est,
502 2181 529 2243 si
552 2180 633 2244 alius
656 2181 746 2244 testis
769 2182 809 2245 ad
831 2202 884 2245 eas
908 2181 1036 2244 accedit
1083 2177 1261 2243 Ostendant

84 2284 288 2367 praesertim,
322 2285 484 2368 exemplar
506 2306 670 2369 graecum,
700 2306 763 2367 quo
785 2286 941 2369 interpres
962 2284 1080 2348 latinus
1102 2304 1178 2347 usus
1201 2286 1259 2358 est,

86 2388 188 2451 codice
210 2387 353 2452 Mediceo
376 2389 638 2471 praestantiorem
662 2388 768 2452 fuisse.

170 2491 299 2556 Tertius
330 2492 464 2577 denique
494 2491 565 2556 fons
596 2496 644 2556 est
675 2493 866 2556 recensio
898 2492 1067 2577 longior
1097 2512 1196 2574 eaque
1219 2489 1261 2552 ad

86 2601 207 2660 textum
238 2596 470 2660 restituendum
503 2596 645 2661 adhiberi
666 2600 789 2680 potest,
825 2597 900 2681 quia
930 2596 1138 2680 interpolator
1159 2593 1261 2658 multa

86 2722 146 2764 non
168 2705 293 2765 mutata
314 2701 449 2786 recepit,
484 2701 547 2764 alia
569 2702 614 2765 ita
637 2702 787 2778 mutavit,
817 2707 853 2765 ut
876 2724 928 2778 ea,
961 2723 1041 2785 quae
1063 2700 1151 2784 legit,
1174 2697 1261 2761 haud

87 2804 182 2868 semel
204 2809 331 2868 tantum
354 2807 533 2890 perspicere
554 2807 721 2890 possimus.
768 2806 898 2892 Legitur
925 2828 1023 2889 aeque
1046 2828 1083 2870 ac
1105 2803 1260 2888 epistulae

87 2910 240 2992 genuinae
270 2909 304 2972 in
334 2911 495 2975 codicibus
528 2911 650 2994 graecis
673 2910 721 2991 (=
745 2909 778 2994 g)
803 2915 835 2973 et
865 2911 1008 2974 versione
1029 2910 1129 2975 latina
1152 2908 1201 2990 (=
1223 2906 1258 2989 l),

86 3012 131 3077 VI
151 3013 204 3076 vel
225 3012 289 3077 VH
319 3014 445 3079 saeculo
472 3016 624 3081 confecta.
669 3015 764 3080 Edidi
792 3037 880 3102 eam,
913 3021 946 3078 et
967 3019 1089 3080 textum
1112 3035 1260 3098 graecum

86 3121 116 3180 et
136 3118 313 3182 versionem
345 3122 483 3182 veterem
504 3119 638 3183 latinam
668 3119 849 3203 vulgatam,
883 3119 1041 3183 codicibus
1072 3119 1196 3183 collatis
1226 3118 1260 3182 in

85 3221 243 3286 volumine
267 3219 401 3286 Patrum
424 3229 524 3305 apost.
550 3223 649 3287 altero
674 3246 700 3286 a.
728 3224 821 3298 1881,
854 3224 1030 3287 versionem
1053 3222 1260 3307 epistularum

85 3325 269 3390 collectione
291 3326 392 3390 mixta
415 3326 468 3409 (cf.
493 3350 523 3410 p.
548 3325 677 3409 LXVII)
701 3327 888 3391 traditarum
911 3328 943 3391 in
966 3327 1138 3411 appendice
1167 3326 1258 3390 libri:

86 3433 147 3494 Die
176 3432 329 3495 Ecttbeit
357 3433 418 3495 der
450 3436 718 3511 Ipnotioniscten
745 3436 864 3511 Bn‘ese
888 3433 971 3496 1883
995 3430 1038 3515 (p.
1065 3429 1257 3512 141—212).

85 3534 271 3599 Versionem
286 3535 380 3600 buius
395 3536 588 3601 collectionis
604 3542 635 3600 et
651 3542 773 3602 textum
789 3558 939 3621 graecum
950 3537 1035 3601 illius
1047 3536 1072 3600 Ι.
1090 3537 1127 3601 Β.
1145 3536 1258 3619 Light·

86 3639 152 3703 ioot
175 3662 202 3704 a
229 3639 313 3702 1885
336 3640 520 3723 publicavit.

170 3743 314 3807 Primum
340 3743 446 3808 locum
476 3745 559 3808 inter
582 3750 678 3810 testes
709 3745 852 3809 obtinent
884 3747 1005 3810 codices
1028 3745 1187 3810 Mediceus
1210 3744 1259 3807 vel

85 3845 312 3911 laurentianus
343 3851 376 3911 et
398 3847 596 3912 Colbertinus
628 3854 722 3932 atque
750 3850 852 3913 versio
884 3850 1001 3925 latina,
1035 3871 1114 3933 quae
1136 3852 1260 3912 textum

86 3952 162 4017 adeo
183 3953 375 4017 verbotenus
397 3954 510 4030 reddit,
532 3959 570 4019 ut
592 3955 779 4039 exemplaris
803 3955 909 4037 graeci
930 3954 1030 4018 vicem
1044 3957 1143 4038 gerat.
1176 3951 1257 4016 Ver·

87 4057 187 4120 siones
211 4057 381 4121 orientales
403 4061 436 4121 et
458 4057 676 4142 Ps.·Ignatius
700 4063 803 4123 aetate
827 4059 952 4142 quidem
974 4058 1152 4142 superiores
1175 4061 1257 4134 sunt,

86 4180 184 4243 neque
207 4181 282 4223 vero
306 4161 503 4238 auctoritate,
528 4166 560 4226 et
575 4162 700 4225 etiamsi
723 4162 845 4246 aliquot
860 4162 937 4227 locis
959 4162 1089 4226 maximi
1108 4163 1259 4227 momenti

87 4268 167 4339 sunt,
191 4264 225 4328 in
247 4264 431 4328 universum
453 4265 525 4329 illos
548 4270 646 4329 testes
669 4287 837 4350 sequamur
859 4271 993 4349 oportet.

153 4417 169 4470 6
188 4417 220 4470 ln
239 4415 365 4471 editione
384 4417 596 4487 Lightfootiana
614 4417 646 4481 11,
667 4418 812 4472 659-616.

155 4504 168 4557 l
188 4504 231 4558 cf.
249 4503 419 4558 Petermann
438 4505 455 4557 l.
476 4522 497 4558 o.
517 4523 544 4574 p.
564 4504 610 4557 v1.

152 4591 229 4646 ane
247 4590 345 4645 indole
363 4591 500 4646 versionis
519 4592 645 4660 syriacae
665 4592 700 4646 cf.
720 4591 804 4655 Zahn,
823 4591 953 4662 lqaotius
970 4610 993 4647 υ.
1012 4594 1047 4647 Α.
1066 4610 1093 4660 p.
1114 4591 1259 4645 192-221.
