2834 5018
227 1479 475 1580 DOCTRINA
504 1481 751 1556 DUODEOIM
779 1483 1142 1560 APOSTOLORUM.

181 1745 339 1811 Doctrina
362 1744 480 1808 domini
505 1766 562 1827 per
588 1745 754 1810 duodecim
786 1747 947 1831 apostolos
971 1749 1120 1832 gentibus
1144 1749 1272 1814 traditu.

179 1851 205 1915 Ι.
246 1851 338 1915 Duce
360 1852 429 1915 viae
452 1854 535 1925 sunt,
561 1849 661 1913 altera
683 1851 765 1915 vitae
789 1858 820 1915 et
844 1851 945 1916 ultera
959 1852 1086 1931 mortis,
1111 1855 1166 1918 sed
1190 1855 1273 1919 mul·

91 1964 158 2020 tum
183 1956 319 2018 interest
341 1955 423 2018 inter
445 1955 523 2019 dues
546 1956 620 2019 vias.

178 2063 209 2124 2.
246 2060 311 2125 Vis
332 2061 432 2145 igitur
454 2060 533 2124 lucis
555 2060 634 2125 haec
657 2065 720 2125 est:
753 2068 899 2143 priorarum
928 2064 1049 2142 ditiaco
1071 2065 1187 2143 deoru,
1219 2071 1275 2145 qur·
1301 2086 1312 2123 r

93 2176 124 2230 te
146 2172 286 2245 crearit,
309 2167 428 2229 delude
440 2171 631 2245 proximum
649 2174 740 2229 ereum
755 2173 842 2230 sicul
857 2176 889 2230 le
904 2172 1011 2248 iprum
1019 2190 1032 2246 ,·
1054 2173 1166 2231 urnula
1188 2190 1272 2247 vero,

92 2290 305 2351 praeecunque
327 2291 391 2333 non
415 2276 463 2333 ris
485 2269 545 2333 tibi
567 2270 645 2347 fieri,
669 2293 728 2334 nee
749 2275 785 2333 tu
808 2270 899 2334 elteri
922 2270 1031 2335 facias.

160 2405 300 2460 ouran-h.
321 2408 362 2467 22,
382 2408 497 2469 37-39;
525 2406 609 2461 Mure.
637 2409 676 2469 12,
699 2407 817 2470 30-31;
846 2407 896 2462 Sir.
916 2408 939 2469 7,
959 2408 1007 2470 30;
1038 2406 1073 2460 cf.
1093 2406 1174 2462 Deut.
1197 2410 1221 2470 6,
1241 2410 1272 2472 5;

92 2493 154 2546 ch.
177 2494 216 2555 19,
232 2494 272 2548 18.
293 2524 328 2533 -
347 2495 363 2547 6
381 2493 482 2548 Matth.
504 2497 526 2558 7,
549 2496 593 2559 12;
614 2494 678 2548 Luc.
698 2497 722 2559 6,
743 2494 784 2550 31.

91 2603 172 2654 esset.
211 2599 240 2653 Si
253 2615 298 2652 res
310 2599 353 2653 itu
365 2616 395 2653 se
407 2599 501 2661 hubet,
515 2600 586 2653 alius
600 2616 667 2653 sane
697 2600 829 2670 aperires,
848 2600 896 2654 ubi
915 2600 1002 2653 verbu
1019 2599 1153 2669 leguntur
1170 2600 1271 2655 Mettb

91 2686 190 2740 titulus
209 2690 293 2756 parte
304 2686 399 2755 priore
411 2688 492 2741 finita
505 2691 667 2755 exspectan·
696 2688 737 2749 22,
757 2689 875 2749 37-39;
904 2688 989 2741 Mure.
1011 2688 1050 2751 12,
1070 2687 1182 2742 30-31.
1219 2687 1272 2742 Ve-

91 2773 141 2825 ‹lus
160 2790 223 2827 esse
247 2773 367 2827 videtur.
405 2772 516 2826 Titulus
540 2791 606 2828 vero
632 2775 668 2827 ab
695 2778 741 2828 tus
760 2774 971 2829 Testamentum
995 2776 1131 2828 mundata
1155 2776 1271 2830 diversis

91 2865 206 2915 auctore
234 2859 320 2914 facile
348 2859 441 2914 omitti
469 2861 576 2929 potuit,
605 2878 668 2914 cum
695 2861 764 2915 locis
793 2862 925 2923 exhibet,
955 2861 1075 2915 alterum
1100 2863 1183 2918 Deut.
1202 2864 1226 2925 6,
1247 2865 1272 2927 5,

91 2949 182 3002 verbis
195 2957 285 3004 ταῦτα
296 2947 389 3004 πάντα
400 2949 584 3020 προειπόντες
597 2947 667 3001 sutis
695 2947 815 3001 alterum
834 2947 898 3001 Lev.
920 2949 958 3011 19,
974 2948 1013 3002 18.
1051 2947 1176 3002 Primum
1194 2966 1272 3003 man-

90 3036 162 3090 clare
182 3040 294 3105 partem
314 3035 434 3088 altorum
454 3034 577 3103 incipere
596 3036 667 3088 indi·
695 3036 791 3088 dutum
810 3035 891 3088 valde
916 3035 1112 3089 abbreviatum
1137 3037 1272 3091 redditur.

90 3128 172 3176 caret
183 3152 220 3162 -
228 3122 321 3176 Voces
334 3126 427 3192 διδαχὴ
436 3128 493 3177 τῶν
502 3119 668 3178 ἀποστόλων
695 3124 801 3176 Auctor
813 3140 870 3176 non
882 3123 972 3177 sulum
985 3139 1082 3176 vocem
1095 3124 1192 3195 κύριον
1205 3128 1271 3178 ante

90 3214 118 3262 et
125 3214 222 3281 διδαχὴ
233 3217 284 3265 τοῦ
293 3211 391 3282 κυρίου
403 3206 528 3261 etiamin
538 3207 563 3261 S.
575 3208 666 3277 Scrip·
694 3210 745 3266 τὸν
764 3211 841 3273 θεὸν,
860 3210 909 3264 sed
922 3209 1008 3264 etism
1027 3210 1113 3263 verbu
1126 3209 1156 3266 ἐν
1175 3207 1225 3281 ὅλῃ
1236 3213 1272 3281 τῇ

90 3300 153 3349 tura
170 3296 316 3366 leguntur,
342 3294 409 3348 illae
428 3296 489 3348 Act
508 3296 532 3359 2,
551 3296 593 3358 42,
612 3294 667 3348 hue
693 3300 791 3374 καρδίᾳ
809 3317 860 3354 σου
877 3303 936 3353 κτλ.
955 3297 1061 3359 omisit,
1088 3296 1190 3363 quibus
1209 3314 1271 3367 gra·

89 3385 149 3436 Act
172 3385 218 3447 13,
247 3383 286 3435 12.
325 3380 378 3435 Tit.
398 3382 426 3445 2,
448 3382 480 3435 10
507 3384 666 3437 διδασκαλΙα
695 3382 746 3435 dus
771 3383 874 3437 amoris
901 3383 1074 3451 exprimitur.
1110 3383 1210 3438 Altera
1236 3400 1270 3438 ex

90 3480 138 3527 τοῦ
155 3482 291 3540 σωτῆρος,
311 3468 338 3522 11
356 3469 450 3523 Iounn.
470 3469 487 3521 9
504 3473 598 3540 διδαχὴ
616 3477 666 3525 τοῦ
693 3471 774 3539 purte
803 3470 912 3523 addidit
935 3471 984 3527 τὸν
1006 3472 1160 3542 ποιήσαντά
1186 3491 1218 3529 σε
1237 3489 1271 3526 ex

89 3560 213 3627 Χριστοῦ
232 3558 473 3610 commemoratur.
694 3558 825 3621 Sirach't,
836 3557 878 3617 30,
897 3557 946 3611 ubi
957 3558 1089 3628 legimus:
1111 3555 1141 3615 ἐν
1160 3555 1211 3630 ὅλῃ
1228 3565 1271 3616 du-

122 3645 142 3708 1,
165 3645 187 3696 1.
214 3644 257 3697 De
275 3643 329 3697 viis
347 3643 378 3696 in
396 3642 420 3697 S.
441 3643 588 3712 Scriptura
606 3646 773 3743 sex-'odiret
800 3643 945 3717 ἅγάπησον
971 3646 1022 3702 τὸν
1049 3645 1204 3716 ποιήσαντά
1230 3666 1269 3702 σε.

88 3728 195 3784 centies
214 3746 305 3784 sermo
321 3734 372 3791 est,
391 3732 426 3784 de
444 3731 492 3783 vin
504 3729 617 3784 Domini
637 3733 665 3784 et
694 3733 734 3786 cf.
755 3730 836 3785 Dent,
855 3732 896 3793 32,
916 3733 939 3785 6.
966 3762 1001 3772 -
1031 3733 1123 3789 πάντα
1146 3732 1176 3788 δὲ
1199 3731 1269 3800 κτλ.]

88 3816 121 3871 de
138 3817 185 3870 ria
211 3817 372 3881 hominum,
398 3818 432 3871 de
456 3819 504 3870 viu
527 3818 665 3871 iustorum
693 3821 855 3874 Matthaeus
867 3822 889 3883 7,
902 3822 934 3874 12
946 3821 1111 3875 mandatum
1121 3819 1165 3871 his
1178 3818 1269 3871 verbis

88 3908 114 3958 ct
133 3905 169 3958 de
187 3904 236 3957 via
246 3908 434 3974 peccatorum,
457 3906 492 3958 de
504 3905 552 3957 viu
569 3904 665 3970 aequi·
693 3906 821 3961 exhibet:
849 3908 941 3964 πάντα
964 3903 1015 3965 οὖν
1038 3905 1090 3965 ὅσα
1110 3905 1144 3963 ἂν
1170 3905 1270 3975 θέλητε

87 3992 153 4045 tatis
173 3995 203 4045 et
221 3992 258 4045 de
277 3991 325 4044 via
343 3990 502 4057 iniquitatis
516 3995 567 4044 etc.
593 3990 665 4043 Viae
689 3990 736 4048 ‘lvo
753 4002 871 4050 ποιῶσιν
882 3992 947 4063 ὑμῖν
965 3994 991 4051 01
1003 3991 1161 4067 ἄνθρωποι,
1181 3990 1270 4060 οὕτως

86 4078 160 4133 ritae
180 4083 210 4134 et
226 4079 328 4133 mortis
354 4081 606 4133 commemorantur
624 4078 664 4131 Ic·
677 4070 735 4135 ’καὶ
761 4078 839 4149 ὑμεῖς
863 4089 968 4138 ποιεῖτε
992 4081 1094 4148 αὐτοῖς.
1134 4079 1270 4134 Similiter

84 4183 149 4221 rem.
170 4169 214 4229 21,
234 4167 258 4222 8.
297 4167 338 4222 cf.
357 4168 469 4221 Baruch
486 4167 511 4228 4,
533 4170 562 4229 1;
581 4167 662 4221 Prov.
692 4166 780 4220 Lucas
799 4170 823 4230 6,
843 4168 883 4222 31.
910 4166 1229 4235 Tob.4‚151egimus:
1253 4165 1269 4223 ὃ

87 4256 124 4313 12,
144 4254 193 4317 28;
214 4253 317 4309 Muttb.
338 4258 362 4319 7,
383 4256 493 4310 13-14.
690 4263 787 4322 μισεῖς,
806 4258 900 4324 μηδενὶ
912 4258 1034 4326 ποιήσῃς.
1060 4255 1166 4308 Auctor
1177 4254 1268 4308 libelli

116 4343 140 4396 2.
160 4349 280 4415 πρῡπον
288 4341 440 4414 ἀγαπήσεις
450 4342 520 4412 κτλ]
539 4342 664 4396 Vocibus
691 4341 781 4395 nostri
794 4357 883 4407 seque
897 4358 929 4394 co
942 4341 1045 4395 Tobiae
1058 4358 1154 4395 rocem
1173 4347 1211 4413 μὴ
1224 4358 1268 4396 ex-

83 4437 199 4501 πρῶτον
212 4432 242 4483 et
253 4428 385 4501 δεύτερον
397 4432 426 4482 et
441 4429 576 4482 mandata
589 4445 663 4483 smo-
691 4428 778 4492 hibet,
798 4429 831 4481 de
851 4432 943 4482 cetero
962 4431 1058 4481 eutem
1077 4429 1268 4499 evangelistes

82 4518 119 4571 ris
132 4517 187 4572 Dei
201 4522 231 4571 et
244 4514 368 4586 proximi
381 4515 552 4586 coniungens
565 4520 664 4570 auctor
692 4516 826 4582 sequitur.
863 4514 968 4569 Eodem
987 4519 1083 4569 autem
1108 4517 1192 4571 modo
1212 4532 1268 4583 quo

81 4605 178 4674 prodit
203 4620 235 4658 se
253 4602 365 4658 Novum
385 4603 597 4657 Testamentum
621 4620 662 4657 re·
690 4603 720 4656 in
738 4602 887 4665 Doctrina,
907 4601 924 4654 i.
944 4617 966 4655 e.
986 4603 1118 4673 negative
1137 4620 1269 4673 expressa

1007 4692 1057 4758 1*
