2834 5018
419 658 468 713 AD
489 657 696 715 MAGNESIOS
714 660 760 725 IX,
782 661 878 715 l-Xl.
1170 669 1232 732 239

58 841 150 903 iuxta
173 837 363 903 dominicam
386 838 534 914 viventes,
559 839 592 902 in
615 862 678 923 qna
701 844 733 904 et
754 840 821 905 vita
843 845 951 905 nostra
973 845 1083 905 exorta
1105 845 1154 905 est
1178 863 1235 925 per

58 945 165 1027 ipsum
188 948 220 1006 et
241 948 376 1007 mortem
399 943 499 1027 ipsius
523 942 620 1027 (quod
643 946 770 1029 quidam
786 952 913 1032 negant,
937 968 994 1030 per
1011 947 1095 1029 quod
1116 950 1234 1028 myste-

59 1051 141 1112 rium
164 1048 258 1111 fidem
281 1047 476 1131 accepimus,
509 1052 540 1112 et
562 1055 692 1133 propter
714 1051 775 1115 hoc
798 1051 1005 1127 sustinemus,
1035 1054 1071 1113 ut
1094 1051 1235 1115 invenia-

58 1177 130 1217 mur
153 1152 302 1237 discipuli
323 1151 395 1217 Iesu
419 1152 554 1228 Christi,
579 1153 676 1218 solius
700 1155 836 1218 doctoris
858 1151 988 1236 nostri);
1023 1156 1052 1218 2.
1078 1155 1235 1238 quomodo

59 1280 117 1321 nos
149 1258 324 1341 poterimus
357 1258 460 1321 vivere
494 1258 560 1322 sine
588 1259 673 1343 ipso,
705 1279 798 1343 quem
822 1259 917 1323 etiam
946 1258 1131 1342 prophetae,
1165 1277 1262 1322 cume

60 1367 165 1426 essent
181 1361 296 1445 spiritu
312 1362 461 1446 discipuli
477 1363 552 1439 eius,
575 1369 612 1427 ut
629 1365 789 1428 doctorem
804 1366 1056 1449 exspectabant?
1078 1366 1122 1429 Et
1137 1385 1234 1448 prop·

60 1472 109 1530 ter
131 1467 244 1544 bocia,
269 1488 363 1550 quem
378 1467 460 1531 iuste
483 1467 768 1551 praestolabantur,
786 1469 953 1534 adveniens
970 1469 1135 1534 suscitavit
1149 1470 1236 1553 ipsos

60 1595 98 1635 ex
123 1572 263 1635 mortuis.

149 1676 187 1740 X.
212 1675 307 1740 Absit
338 1697 414 1761 ergo
439 1700 457 1740 a
488 1677 580 1740 nobis
611 1699 675 1740 non
704 1679 824 1741 moveri
854 1679 1052 1763 benignitate
1080 1680 1155 1743 eius.
1203 1678 1236 1743 Si

61 1781 145 1844 enim
172 1802 230 1844 nos
253 1780 395 1844 imitetur
426 1781 598 1844 secundum
621 1802 674 1856 ea,
708 1801 789 1864 quae
811 1781 961 1858 facimus,
986 1781 1049 1845 iam
1072 1782 1234 1865 periimus
1251 1799 1276 1836 1⁰

59 1885 243 1968 Propterea,
268 1884 415 1967 discipuli
438 1885 504 1949 eius
528 1885 641 1959 effecti,
667 1885 822 1948 discamus
846 1886 1017 1950 secundum
1030 1884 1234 1950 Christianis·

60 2012 148 2053 mum
171 1989 283 2052 vivere.
330 1987 391 2064 Qui
413 1990 496 2053 enim
519 1989 581 2052 alio
607 1989 733 2052 nomine
755 1994 885 2054 vocatur
913 1995 1039 2074 praeter
1061 1990 1141 2067 hoc,
1172 2012 1237 2054 non

61 2098 110 2157 est
141 2094 199 2157 dei.
255 2095 284 2156 2.
310 2092 436 2157 Abicite
466 2093 565 2177 igitur
595 2093 714 2157 malum
744 2093 933 2158 fermentum
963 2094 1174 2158 inveteratum
1204 2099 1237 2157 et

61 2199 198 2262 acimum
221 2202 253 2262 et
275 2197 530 2261 transmutamini
551 2197 585 2261 iu
607 2219 723 2262 novum
747 2198 945 2276 fermentum,
971 2199 1055 2282 quod
1078 2202 1126 2262 est
1148 2197 1237 2261 Iesus

61 2302 216 2366 Christus.
256 2303 420 2367 Saliamiui
442 2303 570 2386 inipso,
594 2308 708 2366 utnon
731 2309 950 2387 corrumpatur
966 2301 1080 2385 aliquis
1103 2301 1234 2379 euobis,
1251 2328 1276 2366 u

61 2409 212 2492 quoniam
230 2409 269 2472 ab
293 2409 388 2471 odore
404 2408 644 2492 redarguemini.
691 2409 720 2471 3.
745 2406 928 2473 Absurdum
943 2412 1000 2483 est,
1024 2405 1129 2470 Iesum
1145 2405 1236 2470 Chri·

61 2521 147 2578 stum
169 2513 290 2597 profari
313 2518 345 2577 et
366 2514 533 2577 iudaizare.
580 2510 840 2576 Christianismns
863 2513 947 2575 enim
968 2533 1032 2576 non
1053 2511 1087 2576 in
1111 2511 1236 2576 Iudais-

60 2642 149 2682 mum
171 2619 312 2695 credidit‚
338 2619 392 2681 sed
413 2615 592 2682 Iudaismus
617 2618 649 2681 in
672 2616 957 2693 Christianismum,
982 2617 1015 2680 in
1038 2638 1100 2700 quo
1116 2637 1233 2692 omnes,

61 2724 117 2808 qui
140 2724 271 2787 credunt
293 2723 326 2787 in
350 2725 450 2800 deum,
476 2723 660 2807 congregati
684 2727 766 2786 sunt.

150 2827 204 2891 XI.
230 2828 317 2891 Haec
340 2832 446 2892 antem
468 2827 582 2903 scribo,
608 2826 715 2890 dilecti
736 2827 807 2903 mei,
832 2848 895 2890 non
919 2825 1002 2908 quod
1025 2826 1235 2908 cognoverim,
1252 2851 1277 2889 n

62 2933 188 3016 aliquos
211 2938 351 2996 vestrum
374 2931 434 2996 hoc
457 2932 562 2995 animo
586 2931 715 2994 affectos
732 2951 808 3007 esse,
833 2931 897 3007 sed,
921 2930 1022 2994 minor
1037 2930 1137 3006 vobis,
1162 2952 1236 2994 oau-

60 3042 131 3102 tum
154 3037 243 3101 vobis
267 3037 377 3119 cupio,
409 3058 449 3099 ne
473 3035 619 3100 incidatis
642 3036 675 3099 in
698 3034 809 3098 hamos
840 3035 942 3099 inanis
968 3034 1147 3110 doctrinae,
1182 3034 1237 3097 sed

60 3146 98 3204 ut
121 3140 214 3223 plene
237 3141 313 3204 certi
343 3138 516 3202 reddamini
539 3139 576 3202 de
598 3138 764 3202 nativitate
788 3143 821 3202 et
846 3138 992 3221 passione
1023 3143 1055 3201 et
1077 3159 1235 3201 resurrec-

60 3246 165 3319 tione,
200 3265 279 3326 quae
311 3243 445 3325 contigit
475 3247 618 3325 tempore
645 3242 866 3325 praefecturae
888 3242 995 3306 Pontii
1016 3240 1130 3305 Pilati:
1155 3263 1235 3324 qnae

133 3381 148 3432 7
168 3378 270 3433 Matth.
289 3378 331 3441 27,
352 3380 392 3433 52.

61 3487 146 3540 modo
176 3485 322 3540 nobiscnm
352 3489 450 3557 ageret
478 3492 505 3542 et
532 3488 859 3569 malumlpraeparavim
880 3487 1004 3540 adventu
1023 3482 1127 3539 Christi
1139 3482 1238 3536 ludaei

60 3572 138 3626 malo
151 3575 354 3642 compensaret.
365 3605 399 3612 —
409 3575 637 3646 Χριστιανισμόν]
651 3574 653 3621 l
666 3576 702 3629 ad
709 3576 955 3631 Christianismum
963 3590 1022 3628 sese
1030 3572 1236 3630 converterunt,

61 3659 172 3713 Primus
200 3659 259 3730 lgn.
289 3661 362 3714 hanc
390 3679 487 3715 vocem
514 3662 637 3716 adhibet.
665 3659 1237 3727 nonChristianiIudaismumreceperunt.

62 3747 106 3801 cf.
125 3765 150 3800 v.
169 3749 199 3803 3:
227 3748 305 3801 Rom.
325 3747 355 3809 3,
375 3750 404 3811 ὃς
432 3747 539 3801 Philad.
560 3750 587 3810 6,
615 3751 637 3802 l.
665 3781 699 3788 —
716 3758 792 3808 πᾶσα
811 3749 932 3822 γλῶσσα]
954 3748 995 3802 cf.
1015 3746 1137 3815 Philipp.
1157 3747 1181 3807 2,
1197 3746 1237 3798 ll.

62 3833 141 3903 Orig.
161 3833 276 3888 Exhort.
302 3833 338 3886 ad
356 3837 438 3887 mart.
458 3851 479 3888 o.
501 3835 547 3887 12:
575 3833 636 3890 ἀνα·
699 3834 743 3888 XL
764 3845 850 3893 ταῦτα
860 3836 900 3905 δέ]
914 3851 950 3888 sc.
961 3832 1077 3908 ἔγραψα.
1098 3832 1237 3887 Cf.'l'rall.

61 3923 206 3991 δεχόμενοι
226 3922 258 3976 τὸ
276 3921 348 3977 κατὰ
368 3923 585 3994 Χριστιανιομὸν
599 3922 688 3994 aaa,
710 3925 731 3976 l.
760 3953 794 3961 —
821 3920 910 3989 οὕτως
928 3919 1051 3994 ἔχοντας]
1076 3936 1112 3973 so.
1133 3919 1237 3973 ludais-

62 4016 119 4065 οῦν.
139 4039 173 4047 -
192 4008 303 4077 τούτου]
324 4026 359 4062 sc.
374 4008 581 4063 Christianismi
593 4002 652 4061 vell
664 4027 741 4063 mum
760 4014 908 4063 sectantes.
922 4040 957 4048 -
970 4012 1090 4065 Ποντίου
1103 4007 1236 4075 Πιλάτου]

62 4094 176 4150 Christi.
196 4095 374 4164 Reprobat-ur
393 4112 467 4166 erge,
479 4096 528 4163 qui
540 4093 638 4149 Iudaei
666 4096 800 4150 Similiter
817 4095 901 4149 Trall.
921 4097 944 4158 9,
968 4099 996 4156 1;
1026 4094 1080 4147 Sm.
1101 4098 1122 4158 1,
1143 4096 1166 4147 2.
1196 4093 1238 4162 lg·

61 4181 106 4234 vel
124 4181 260 4235 haeretici
279 4183 392 4236 nomine
411 4184 536 4236 vocatur.
664 4183 759 4237 nutius
779 4183 830 4237 boc
850 4181 930 4235 addit
949 4184 1085 4247 tanquam
1112 4180 1238 4234 testimo·

98 4271 121 4322 2.
139 4267 302 4342 ἰπέρθεοθε
320 4269 389 4338 κτλ]
418 4269 435 4321 i.
456 4285 478 4322 e.
507 4272 742 4338 superat-omium
760 4269 859 4325 mortis
872 4269 984 4323 Christi.
1011 4268 1087 4321 Zabn
1106 4284 1170 4321 eum
1183 4268 1238 4321 for-

61 4355 167 4409 malum
188 4356 365 4410 fermentum.
394 4356 435 4409 of.
456 4357 469 4409 I
488 4356 549 4410 Cor.
569 4358 592 4413 5.
613 4359 636 4411 7.
649 4350 652 4375 ³
664 4357 769 4410 mulam
781 4403 784 4409 .
796 4357 937 4424 quandam
962 4354 1147 4425 regulamque
1173 4354 1238 4408 fidei

98 4442 121 4495 3.
141 4444 251 4513 Fragm.
272 4461 324 4512 syr.
346 4443 437 4497 Curet.
458 4444 517 4505 202,
532 4445 591 4499 236.
604 4475 638 4483 -
664 4448 791 4512 repetere
810 4446 918 4504 censet;
946 4441 1143 4496 Kattenbuech
1165 4442 1239 4513 (Das

63 4533 281 4600 Χριστιανιομὸς
298 4531 367 4599 κτλ]
388 4531 404 4582 i.
415 4546 438 4583 e.
459 4535 539 4585 vetus
551 4534 637 4586 testa·
665 4531 840 4598 apostoliscte
853 4529 961 4599 Salutat
970 4528 1004 4592 11,
1014 4529 1163 4596 alo-319)
1174 4545 1237 4583 con·

62 4622 189 4671 mentum
207 4634 325 4681 novum,
355 4635 412 4671 non
436 4634 539 4672 novum
558 4621 638 4672 vetus
665 4617 787 4671 tradicit.
824 4615 866 4670 Cf.
886 4616 899 4670 1
917 4615 986 4671 Tim.
1000 4618 1024 4679 d,
1039 4617 1085 4679 13;
1104 4616 1172 4671 Iust.
1185 4616 1237 4685 Ap.
