2834 5018
417 640 596 697 EPISTULA
614 640 664 694 nl)
682 640 909 696 DIOGNETUM.
1151 646 1253 712 CXIX

81 814 302 897 instruendum,
329 819 362 883 id
385 820 469 904 quod
492 821 566 884 huic
589 819 744 903 epistulae
766 820 851 885 haud
879 842 1052 904 congruum
1076 842 1144 886 esse
1165 822 1253 886 vidc-

80 924 135 983 tur.
179 922 311 987 Etenim
335 923 419 989 haud
441 925 610 990 verisimile
633 929 690 1003 est,
715 924 870 990 Nostrum
892 926 926 989 in
947 947 985 989 eo
1008 931 1193 1003 versantem,
1218 931 1255 990 ut

80 1026 225 1109 gentilem
248 1028 398 1092 instituat
420 1029 482 1092 fide
504 1028 677 1093 christiana
698 1028 822 1093 demum
847 1029 1065 1106 imbuendum,
1090 1052 1197 1095 eorum
1220 1052 1253 1095 se

79 1130 234 1196 doctorem
262 1132 421 1216 profiteri,
456 1133 509 1216 qui
538 1134 576 1197 in
604 1133 747 1197 doctrina
775 1133 850 1197 fidei
881 1135 945 1197 iam
975 1138 1059 1199 recte
1088 1135 1191 1200 edocti
1213 1137 1253 1201 ad

79 1234 187 1300 altiora
218 1237 353 1321 provehi
384 1238 563 1302 studeant1.
618 1237 717 1301 Porro
748 1238 775 1300 si
807 1260 888 1321 quae
912 1239 984 1315 8,6
1017 1240 1054 1303 de
1085 1239 1146 1303 fide
1170 1241 1254 1305 dicta

79 1344 161 1415 sunt,
195 1362 270 1406 cum
298 1342 338 1406 iis
371 1342 616 1426 comparaveris,
650 1341 784 1425 quaein
807 1364 833 1406 c.
860 1344 899 1405 12
924 1342 961 1406 de
991 1344 1170 1428 cognitione
1197 1366 1252 1408 seu

77 1441 185 1521 γνώσει
208 1450 284 1510 sunt
299 1446 471 1530 disputata,
488 1446 660 1511 sententias
676 1446 758 1509 inter
780 1467 849 1509 aese
863 1467 926 1510 non
943 1468 1011 1511 esse
1026 1452 1252 1512 consentaneas

77 1548 167 1612 facile
187 1549 374 1633 perspicies.
420 1550 533 1635 Neque
555 1550 871 1634 praetermittendum
886 1557 943 1629 est,
968 1557 1128 1618 auctorem
1151 1553 1252 1636 partie

77 1655 186 1736 prioris
219 1655 376 1739 longioris
407 1656 530 1720 nullum
554 1654 584 1720 S.
610 1654 791 1740 Scripturae
820 1655 926 1720 locum
956 1657 1071 1721 diserte
1103 1656 1250 1741 allegare,

77 1764 234 1824 auctorem
258 1781 332 1824 vero
355 1761 456 1843 partis
478 1760 663 1843 posterioris
685 1760 838 1824 brevioris
864 1763 913 1838 12,
938 1762 958 1824 5
985 1761 1165 1843 apostolum
1188 1762 1252 1826 sive

77 1861 210 1927 Paulum
240 1863 424 1947 loquentem
452 1865 565 1928 faeere.
612 1864 759 1941 Accedit,
792 1865 877 1947 quod
908 1864 1066 1947 particula
1091 1867 1141 1944 12,
1168 1866 1251 1929 7-9

76 1968 201 2032 metrice
225 1968 403 2051 composita
418 1965 487 2031 est²
511 1973 543 2031 et
566 1967 713 2032 distincte
728 1971 881 2051 tanquam
903 1966 1077 2032 clausulam
1100 1968 1251 2032 homiliae

76 2071 121 2135 vel
151 2064 280 2136 similia
298 2073 472 2155 scripturae
495 2094 528 2136 se
562 2072 698 2136 exhibet.
750 2072 896 2155 Denique
928 2093 986 2135 nec
1016 2072 1114 2135 codex
1145 2073 1252 2157 capita

77 2177 186 2242 ultima
209 2176 250 2242 ab
274 2181 402 2242 auctore
430 2176 569 2259 capitum
590 2177 732 2259 priorum
754 2176 898 2260 profecta
920 2197 988 2240 esse
1018 2178 1108 2240 testis
1130 2182 1179 2241 est
1200 2177 1250 2241 lo·

77 2280 189 2362 cuples
235 2280 369 2345 Decimo
392 2280 476 2343 enim
499 2281 603 2363 capite
625 2280 716 2344 finito
738 2280 887 2345 lacunam
909 2280 1030 2357 habuit,
1055 2284 1086 2343 et
1109 2303 1179 2345 eum
1200 2304 1250 2345 res

76 2385 118 2447 ita
139 2408 173 2449 se
194 2386 346 2463 habeant,
371 2385 477 2469 capita
502 2384 540 2447 11
558 2389 589 2448 et
607 2386 646 2448 12
669 2385 839 2448 subditicia
861 2406 929 2448 esse
951 2406 1035 2448 nunc
1057 2406 1164 2449 omnes
1183 2385 1250 2450 fere

76 2491 283 2554 consentiunt.
331 2488 440 2553 Kihn³
465 2489 592 2572 quidem
613 2488 794 2572 nuperrime
817 2510 854 2551 ea
875 2492 1000 2571 partem
1023 2489 1177 2572 epistulae
1198 2491 1249 2554 in·

75 2597 196 2676 tagram
220 2617 288 2660 esse
312 2596 475 2659 ostendere
499 2598 631 2658 conatus
654 2598 711 2669 est,
735 2614 838 2677 neque
860 2614 934 2657 vero
957 2595 1193 2658 demonstravit.

157 2699 208 2764 De
231 2700 354 2783 origine
376 2699 550 2783 particulae
574 2698 728 2782 epistulae
753 2698 894 2762 adiectae
925 2698 1006 2762 nihil
1029 2698 1105 2762 certi
1129 2699 1249 2762 definiri

75 2808 186 2886 potest.
235 2803 407 2868 Hamach⁴
431 2804 574 2887 quaerit,
599 2827 674 2867 num
698 2803 830 2868 homilia
852 2801 1016 2867 Methodio
1038 2803 1088 2867 vel
1111 2804 1177 2867 eius
1200 2804 1248 2867 di·

75 2907 202 2992 scipulis
226 2909 428 2973 attribuenda
450 2909 500 2972 sit.
546 2907 867 2992 Lightfoot·Harmer
889 2906 956 2970 eius
980 2910 1140 2971 auctorem
1163 2907 1248 2989 Pan-

75 3014 200 3076 taenum
222 3011 474 3077 Alexandrinum
497 3014 604 3078 habet.

632 3236 687 3300 III.

159 3409 260 3495 'lypis
292 3410 462 3493 epistulam
489 3411 611 3494 primus
643 3409 797 3493 expressit
826 3409 982 3474 Henricus
1014 3409 1194 3493 Stephanus
1217 3432 1245 3473 a.

76 3514 156 3577 1592
167 3512 189 3590 ⁶,
214 3519 246 3578 et
263 3515 303 3579 ab
328 3515 394 3579 eius
409 3515 546 3579 editione
561 3536 619 3599 per
641 3514 773 3600 longum
789 3520 915 3599 tempus
931 3516 1065 3580 editores
1081 3520 1247 3598 sequentes

142 3721 154 3773 l
175 3718 217 3772 Cf.
237 3717 319 3778 Boni.
339 3717 483 3787 Opuscula
501 3722 576 3788 patr.
595 3717 737 3780 aelectal,
759 3718 816 3771 116.

141 3807 158 3859 2
178 3806 220 3860 cf.
241 3806 399 3873 Zeitectrist
414 3807 464 3874 fiir
481 3806 748 3874 Kirchengeacte'cbte
766 3806 792 3860 V
810 3805 907 3875 (1882),
928 3804 1073 3859 198-200.

140 3893 158 3947 3
176 3893 236 3947 Der
257 3892 400 3962 Ureprung
418 3895 466 3947 dee
484 3894 592 3960 Briesee
610 3909 648 3946 an
666 3892 703 3945 D.
722 3910 749 3961 p.
767 3891 879 3945 48-55.

139 3982 157 4032 4
180 3979 335 4034 Geacbicbtc
352 3981 400 4034 der
418 3980 558 4034 altcbriatl.
577 3979 729 4034 Ditteratur
746 3979 780 4043 Il,
799 3980 818 4043 l,
838 3980 897 4033 515.

139 4067 156 4118 5
174 4064 313 4119 Ἰουστῑνου
337 4073 384 4119 τοῦ
407 4069 550 4133 φιλοσόφου
568 4071 614 4118 καὶ
638 4070 766 4132 μάρτυρος
784 4067 924 4134 Ἐπιστολὴ
943 4070 1008 4132 πρὸς
1026 4068 1179 4132 Διόγνητον,
1199 4070 1246 4117 καὶ

73 4153 150 4219 λόγος
168 4157 235 4218 πρὸς
246 4154 388 4221 Ἕλληνας.
424 4152 525 4206 Iustini
542 4151 706 4222 philosophi
720 4156 749 4207 et
766 4154 898 4221 martyris
911 4152 1001 4222 Epist.
1022 4150 1059 4205 ad
1072 4151 1245 4220 Diognetum

73 4239 100 4290 et
118 4237 217 4293 Oratio
237 4237 275 4291 ad
293 4237 423 4300 Graecos,
442 4255 515 4291 nune
535 4240 657 4308 primurn
675 4238 737 4293 luca
756 4244 785 4293 et
797 4238 950 4293 Latinitate
970 4239 1092 4293 donatae
1112 4238 1147 4291 ab
1160 4238 1244 4292 Henr.

72 4324 223 4393 Stephano.
260 4323 394 4379 Eiusdem
416 4324 449 4377 H.
469 4326 608 4395 Stephani
627 4326 859 4381 annotationibus
883 4325 1011 4380 additum
1031 4327 1074 4379 est
1091 4324 1130 4379 Io.
1149 4323 1245 4379 Iacobi

71 4409 186 4466 Beureri
205 4411 241 4466 de
260 4413 436 4478 quorundam
463 4413 588 4467 locorum
606 4413 712 4482 partim
729 4414 964 4482 interpretatione
991 4413 1097 4481 partim
1116 4413 1244 4466 emenda·

70 4498 145 4554 tione
163 4499 310 4555 iudicium.
347 4498 469 4563 Tatiani,
489 4498 621 4569 discipuli
639 4500 746 4561 lustini‚
767 4501 914 4567 quaedam.
950 4498 1117 4553 Excudebat
1136 4500 1169 4553 H.
1184 4498 1244 4553 Ste-

69 4586 180 4655 phanus
199 4589 281 4641 Anno
300 4585 457 4642 abach.
476 4587 599 4642 Parisiis.
