2834 5018
419 691 469 746 AD
489 691 568 747 COR.
588 691 684 757 XLIII,
703 691 892 757 2-xL1v‚2.
1182 695 1243 759 155

65 867 122 931 illo
144 869 273 933 nomine
306 869 448 934 ornanda
479 874 577 941 esset.
609 870 702 933 iussit
729 871 892 936 duodecim
915 870 1055 934 tribuum
1085 868 1245 952 principes

67 974 179 1038 afferre
203 974 266 1039 sibi
287 974 403 1059 virgas,
430 997 510 1059 quae
533 975 780 1059 uniuscuiusque
802 975 903 1039 tribus
918 996 1034 1039 nomen
1056 973 1245 1056 inscriptum

66 1077 230 1143 haberent.
278 1077 363 1155 Quas
387 1101 458 1143 cum
481 1079 663 1163 accepisset,
687 1079 720 1142 in
743 1078 931 1144 fasciculum
949 1079 1064 1162 ligavit
1086 1082 1118 1142 et
1142 1100 1243 1141 annu·

64 1181 105 1245 lis
133 1182 313 1265 principum
343 1182 484 1246 tribuum
516 1182 672 1267 signavit,
706 1187 738 1259 et
768 1184 801 1247 in
835 1183 1039 1248 tabernaculo
1070 1182 1244 1247 testimonii

65 1307 161 1369 super
182 1308 324 1350 mensam
348 1286 398 1350 dei
420 1286 566 1370 deposuit
589 1308 650 1350 eas.
698 1289 727 1352 3.
753 1285 930 1372 Glaucoque
945 1286 1151 1352 tabernaculo
1175 1287 1269 1371 sig-⁵

64 1391 153 1454 navit
186 1392 289 1456 claves
324 1392 470 1456 similiter
503 1414 539 1457 ac
573 1392 698 1477 virgas,
734 1393 764 1455 4.
790 1397 821 1456 et
856 1392 935 1456 dixit
968 1393 1031 1456 eis:
1070 1391 1141 1456 Viri
1175 1391 1242 1454 fra·

65 1498 138 1572 tres,
173 1496 262 1560 ouius
284 1496 388 1560 tribus
419 1496 510 1580 virga
533 1496 775 1580 germinaverit,
809 1496 892 1561 hanc
924 1497 1021 1581 elegit
1043 1497 1137 1573 deus,
1162 1516 1243 1580 quaa

64 1599 127 1682 ipsi
149 1621 240 1664 sacra
262 1599 362 1664 faciat
384 1604 416 1664 et
439 1600 605 1664 ministret.
653 1602 681 1663 5.
706 1600 802 1664 Mane
825 1605 931 1665 autem
958 1600 1043 1665 facto
1066 1620 1243 1685 congrega·

65 1704 111 1767 vit
133 1704 315 1768 universum
336 1704 492 1789 populum
514 1703 628 1781 Israel,
663 1709 811 1768 sexcenta
833 1705 921 1768 milia
942 1706 1098 1782 virorum,
1129 1711 1162 1770 et
1183 1705 1242 1769 tri·

64 1808 165 1871 buum
193 1808 394 1892 principibus
423 1807 531 1891 sigilla
567 1808 705 1872 ostendit
735 1812 767 1872 et
797 1809 1036 1874 tabernaculum
1069 1808 1283 1874 testimonii1⁰

66 1913 190 1996 aperuit
222 1917 254 1976 et
285 1913 393 1996 virgas
427 1911 570 1996 protulit.
616 1913 661 1976 Et
694 1911 822 1977 inventa
855 1917 903 1976 est
936 1914 1026 1998 virga
1047 1913 1156 1978 Aaron
1178 1934 1242 1976 non

65 2021 190 2080 tantum
212 2016 418 2100 germinasse,
443 2016 497 2079 sed
520 2020 552 2079 et
574 2015 714 2079 fructum
735 2015 827 2080 ferre.
873 2018 902 2081 6.
928 2015 1020 2094 Quid,
1044 2018 1159 2095 dilecti,
1183 2038 1241 2081 vo·

64 2120 112 2184 bis
136 2121 284 2184 videtur?
307 2119 360 2184 An
381 2119 444 2184 hoc
468 2119 611 2184 futurum
633 2142 698 2184 non
721 2122 935 2205 praesciverat
949 2121 1079 2185 Moses?
1103 2121 1241 2185 Maxime

64 2229 209 2299 noverat;
241 2246 350 2289 verum
371 2246 411 2289 ne
439 2225 551 2289 seditio
574 2225 608 2289 in
635 2225 755 2308 populo
777 2224 876 2290 Israel
904 2226 1055 2302 oriretur,
1088 2224 1133 2289 ita
1154 2224 1239 2301 fecit,

64 2332 99 2391 ut
121 2350 237 2393 nomen
261 2330 324 2393 veri
348 2334 380 2394 et
403 2329 500 2394 solius
517 2330 566 2394 dei
590 2329 836 2412 glorificaretur3
861 2331 912 2395 cni
934 2330 976 2394 sit
992 2329 1095 2415 gloria
1117 2329 1150 2393 in
1169 2351 1241 2393 sae·
1255 2351 1281 2389 u

65 2433 135 2496 cula
157 2433 363 2498 saeculorum.
411 2433 529 2498 Amen!

151 2536 261 2602 XLIV.
287 2537 436 2622 Apostoli
465 2560 589 2623 quoque
611 2538 713 2603 nostri
742 2561 801 2623 per
822 2539 927 2604 Iesum
950 2538 1110 2604 Christum
1139 2538 1241 2602 domi·

63 2662 138 2704 num
161 2646 305 2705 nostrum
328 2647 553 2726 cognoverunt,
579 2643 814 2708 contentionem
837 2646 874 2709 de
890 2645 1016 2709 nomine
1040 2644 1241 2727 episcopatus

63 2744 273 2822 oborituram3
298 2748 328 2810 2.
355 2745 396 2810 ob
413 2769 483 2811 eam
507 2767 583 2830 ergo
599 2769 736 2825 causam,
759 2749 902 2832 perfecta
916 2749 1126 2833 praescientia
1148 2770 1241 2832 prae·

64 2848 130 2924 diti,
149 2851 381 2916 constituerunt
404 2852 583 2935 praedictos
607 2874 643 2915 ac
659 2852 806 2936 deinceps
829 2853 1058 2918 ordinationem
1080 2853 1240 2928 dederunt,
1255 2871 1281 2910 ao

63 2960 98 3018 ut
121 2976 193 3018 cum
215 2954 264 3017 illi
287 2955 502 3033 decessissent,
526 2956 735 3021 ministerium
752 2980 861 3023 eorum
884 2958 939 3022 alii
961 2959 1022 3023 viri
1036 2957 1162 3042 probati
1185 2980 1240 3021 er-

62 3167 162 3238 Knopf
186 3168 317 3222 Latinum
345 3186 464 3236 sequens
491 3171 579 3224 verba
605 3171 638 3228 τὸ
666 3169 720 3224 dex
744 3170 770 3226 Α
794 3173 869 3226 solus
895 3173 1008 3241 praesto
1027 3172 1102 3234 erat,
1131 3170 1240 3223 textum

62 3251 152 3323 ὄνομα
171 3263 222 3312 τοῦ
246 3254 381 3325 ἀληθινοῦ
398 3278 424 3313 κ.
441 3278 471 3326 μ.
489 3257 523 3310 de
549 3272 638 3309 sacer·
666 3259 854 3313 emendabant
873 3263 901 3313 et
914 3258 963 3312 alii
976 3258 1034 3312 alia
1046 3255 1239 3311 coniciebant:

62 3341 140 3395 dotio
168 3343 374 3411 interpret-atur
401 3346 430 3397 et
459 3343 638 3414 doxologiam
665 3341 800 3416 ἐπιμονήν
817 3345 869 3416 (sic
893 3347 1054 3399 etiamnunc
1072 3342 1238 3412 Lightfoot)‚

62 3423 255 3503 ᾠὴδόξακτλ.
266 3429 636 3500 interpolatamesseputat.
665 3428 803 3504 ἐπιλογὴν,
822 3431 982 3505 ἐπιτροπήν,
1001 3427 1041 3488 ἔτι
1059 3432 1160 3499 νόμον,
1184 3427 1240 3486 ἐπι-

96 3515 192 3577 XLIV,
213 3518 235 3570 1.
253 3513 309 3587 ἔρις
326 3517 396 3586 κτλ]
421 3517 553 3571 Hamack
573 3534 636 3571 con·
665 3524 752 3590 ταγὴν
771 3522 824 3572 etc.
843 3518 1007 3587 Hilgenfeld
1018 3517 1171 3572 lectionem
1183 3516 1238 3585 (vel

62 3602 128 3657 tulit
148 3603 222 3657 Tert.
248 3602 288 3658 De
307 3604 385 3673 bapt.
404 3620 426 3657 c.
448 3605 494 3658 17:
522 3604 636 3674 Episoo·
665 3607 832 3674 versionem)
860 3605 921 3673 Syri
947 3605 1062 3674 recepit.
1100 3604 1240 3670 Quoniam

61 3693 145 3759 patus
165 3691 318 3745 aemulatio
338 3691 521 3744 schismatum
546 3695 637 3746 mater
666 3696 760 3747 autem
788 3692 875 3746 etiam
901 3691 1019 3746 Latinus
1051 3691 1127 3744 haud
1154 3689 1239 3744 dubie

62 3782 112 3832 est.
150 3776 193 3831 ef.
212 3776 276 3831 Eue.
295 3778 330 3830 H.
348 3777 379 3831 E.
399 3777 449 3840 IV,
469 3778 511 3843 22,
530 3780 560 3839 5;
589 3779 636 3842 VI,
665 3777 799 3850 ἑπινομὴν
817 3778 903 3849 legit,
933 3780 1004 3831 haec
1022 3794 1076 3832 vox
1103 3778 1179 3830 recte
1197 3793 1238 3830 rc·

60 3863 101 3928 43,
112 3865 143 3926 5;
164 3864 246 3933 Cypr.
257 3863 307 3933 Ep.
324 3865 357 3917 59
376 3865 425 3918 c.5
439 3864 482 3918 ed.
495 3865 593 3920 Hartel
608 3884 635 3935 p.
664 3866 783 3920 tinenda
795 3868 845 3920 est.
882 3867 907 3918 A
919 3864 1005 3919 verbo
1023 3864 1099 3934 νέμω
1112 3863 1240 3916 derivata

60 3952 110 4006 671
124 3967 166 4016 sq.
179 3982 210 3990 -
221 3950 370 4019 ὀνόματος]
383 3950 400 4003 i.
415 3967 437 4004 e.
448 3950 482 4004 dc
496 3952 637 4021 dignitate
665 3953 741 4020 apud
765 3952 896 4019 antiquos
916 3950 950 4005 de
967 3951 1028 4004 iure
1053 3949 1188 4020 pascendi
1209 3949 1239 4002 in

60 4037 104 4091 vel
125 4037 297 4091 auctoritate
315 4037 438 4090 muneris
459 4038 636 4108 episcopalis,
665 4039 758 4093 alieno
777 4040 806 4092 et
825 4037 860 4091 de
879 4037 1045 4106 depastione
1068 4035 1142 4105 ignis
1161 4054 1238 4090 usur·

94 4126 119 4178 2.
138 4123 365 4198 προειρημένους]
386 4140 423 4178 sc.
442 4126 589 4196 episcopos
608 4128 637 4180 et
664 4127 755 4195 patui.
793 4125 847 4179 Sed
865 4124 988 4179 fortasse
1012 4124 1098 4178 etiam
1117 4140 1135 4175 a
1152 4125 1239 4192 νόμος

60 4211 196 4265 diaconos
216 4209 250 4263 of.
263 4211 305 4273 42,
317 4210 343 4262 4.
362 4241 396 4250 -
414 4213 528 4282 μεταξύ]
544 4235 578 4260 =
589 4234 636 4283 με·
665 4212 786 4267 derivari
803 4213 912 4281 potest,
938 4212 981 4266 ita
998 4213 1030 4264 ut
1046 4213 1238 4279 praeceptum,

60 4299 173 4356 τέπειτα
192 4298 227 4352 cf.
248 4299 311 4351 Act.
332 4298 370 4360 13,
390 4300 439 4357 42;
460 4299 635 4363 barn.13‚5;
665 4299 878 4362 ordinationem,
898 4296 1113 4367 dispositionem
1136 4296 1181 4350 vel
1200 4299 1238 4351 le·

59 4385 124 4440 Eua.
144 4386 178 4439 H.
200 4384 231 4438 Ε.
250 4383 282 4446 V,
304 4385 343 4449 16,
364 4387 403 4440 18.
431 4417 466 4425 -
492 4385 635 4458 ἐπινομήν]
665 4404 729 4457 gem
747 4383 894 4453 significet
927 4384 1080 4439 Contentus
1100 4383 1238 4438 eiusmodi

58 4470 121 4527 Vox
140 4472 262 4526 obscura
279 4473 323 4525 est
342 4489 374 4526 ac
402 4473 553 4527 multarum
572 4492 635 4529 con·
664 4474 808 4527 notionem
824 4471 957 4540 postulat,
978 4475 1006 4526 et
1024 4470 1081 4525 iam
1099 4471 1238 4542 interpres

58 4559 260 4613 troversiarum
270 4559 445 4612 occasionem
454 4558 636 4622 dedit;multi
662 4559 769 4614 latinus
786 4574 885 4613 vocem
902 4557 945 4611 ita
963 4557 1112 4614 intellexit
1130 4590 1165 4598 —
1182 4578 1238 4616 κοι-

58 4644 154 4709 etiam‚
168 4643 335 4714 praesertim
349 4645 423 4709 olim,
443 4645 578 4713 quamdiu
590 4661 635 4699 co·
662 4645 801 4717 μηθῶσιν]
821 4661 858 4699 so.
877 4645 1003 4715 episcopi
1022 4649 1051 4701 et
1064 4644 1187 4708 diaconi,
1204 4644 1240 4698 de
