2834 5018
180 331 244 394 240
600 325 740 382 IGNAI'II
759 325 935 382 EPISTULA

180 503 311 589 ἀληθῶς
335 506 387 567 καί
411 502 543 589 βεβαίως
566 503 626 566 ὑπὸ
650 501 754 587 Ἰησοῦ
778 501 932 584 Χριστοῦ,
963 512 1017 585 τῆς
1040 500 1163 577 ἐλπίδος
1185 499 1294 585 ἡμῶν,
1321 499 1357 586 ῆς

181 608 370 692 ἐκτραπῆναι
394 609 499 693 μηδενί
524 607 610 690 ὑμῶν
632 606 762 691 γίνοιτο.

265 714 337 779 XII.
363 711 513 796 Ὀναίμην
536 712 622 795 ὑμῶν
653 715 735 774 κατὰ
758 712 880 791 πάντα,
915 711 1028 792 ἐάνπερ
1058 710 1142 788 ἄξιος
1165 709 1200 776 ὦ.
1248 709 1275 774 εί
1297 713 1356 794 γὰρ

180 819 232 881 καί
256 817 400 901 δέδεμαι,
433 820 510 900 πρὸς
533 819 589 883 ἕνα
612 826 674 881 τῶν
698 815 876 900 λελυμένων
899 815 985 898 ὑμῶν
1009 817 1067 879 οὐκ
1090 814 1160 898 είμί.
1207 811 1286 894 οέδα,
1311 816 1356 878 ότι

154 925 216 987 τοῦ
240 926 432 1005 φυσιοῦσθε·
457 921 580 1009 Ἰησοῦν
603 925 663 1005 γὰρ
679 921 815 1004 Χριστόν
839 922 927 1003 ἔχετε
943 921 975 985 ἐν
992 921 1131 996 ἑαυτοῖς·
1155 921 1208 983 καί
1225 919 1354 1003 μᾶλλον,

179 1029 253 1092 όταν
277 1027 393 1092 ἐπαινῶ
417 1028 506 1112 ὑμᾶς,
531 1025 610 1108 οἰδα,
634 1029 680 1090 δτι
704 1026 903 1108 ἐντρίπεσθε,
927 1025 970 1101 ὡς
989 1024 1170 1109 γέγραπται,
1195 1027 1242 1088 ὅτι
1265 1026 1284 1088 ὁ
1307 1024 1356 1089 δί-

179 1155 273 1214 καιος
297 1134 419 1197 ἑαυτοῦ
442 1137 636 1218 κατήγορος.

266 1240 352 1305 XIII.
377 1236 576 1316 Σπουδάζετε
599 1239 712 1301 οὗνε
677 1237 712 1323 βε
714 1237 764 1323 βαι
767 1190 930 1321 ωθῆνάιέ
931 1246 1033 1312 νποῑς
1055 1236 1206 1318 δόγμασιν
1228 1244 1284 1299 τσῦ
1299 1256 1352 1298 κυ·

179 1341 245 1424 ρίου
262 1344 314 1404 καί
337 1351 399 1407 τῶν
416 1342 610 1420 ἀποστόλων,
634 1344 686 1406 ἵνα
709 1345 832 1422 πάντα,
857 1345 921 1407 ὅσα
937 1349 1072 1421 ποιεῖτε,
1095 1338 1354 1425 κατευοὸωθῆτε

141 1466 166 1503 ιο
180 1448 270 1528 σαρκί
295 1448 349 1509 καί
372 1447 538 1529 πνεύματι,
567 1447 667 1510 πίστει
689 1449 743 1510 καί
767 1448 891 1531 ἀγάπῃ,
921 1446 954 1510 ἐν
978 1446 1034 1528 υἱῷ
1057 1447 1109 1508 καί
1133 1446 1225 1527 πατρί
1246 1445 1300 1507 καί
1322 1443 1354 1507 ἐν

178 1550 344 1634 πνεύματι,
375 1550 407 1615 ἐν
431 1552 513 1635 ἀρχῆ
538 1553 590 1614 καί
614 1550 647 1615 ἐν
670 1551 768 1631 τέλει,
801 1555 879 1636 μετὰ
902 1562 956 1614 τοῦ
980 1550 1263 1633 ἀξιοπρεπεστάτου
1287 1547 1352 1612 ἐπι-

179 1655 299 1719 σκόπου
322 1657 407 1741 ὑμῶν
430 1659 484 1720 καί
501 1656 691 1733 ἀξιοπλόκου
714 1667 923 1742 πνευματικοῦ
939 1656 1095 1738 στεφάνου
1118 1663 1172 1719 τοῦ
1188 1652 1354 1739 πρεσβυτε-

178 1760 245 1842 ρίου
268 1760 354 1845 ὑμῶν
377 1764 430 1825 καί
453 1771 515 1825 τῶν
546 1764 628 1826 κατὰ
652 1765 728 1829 θεόν
756 1763 920 1827 διακόνων.
966 1767 996 1829 2.
1020 1761 1197 1846 ὑποτάγητε
1220 1767 1264 1844 τῷ
1288 1759 1353 1823 ἐπι-

178 1865 287 1948 σκόπῳ
311 1868 364 1929 καί
387 1866 553 1950 ἀλλήλοις,
584 1867 627 1943 ὡς
650 1865 772 1952 Ἰησοῦς
795 1866 930 1950 Χριστὸς
962 1875 1005 1950 τῷ
1029 1867 1120 1948 πατρί
1143 1866 1227 1928 κατὰ
1250 1863 1352 1946 σάρκα

140 1988 165 2026 ιι
179 1970 231 2031 καί
255 1969 283 2031 οἱ
306 1970 474 2034 ἀπόστολοι
498 1979 542 2055 τῷ
566 1970 693 2056 Χριστῷ
716 1974 769 2035 καί
793 1980 836 2056 τῷ
860 1975 950 2055 πατρί
973 1973 1025 2035 καί
1049 1980 1093 2055 τῷ
1117 1969 1282 2054 πνεύματι,
1305 1970 1354 2033 ἵνα

178 2075 287 2148 ἐνωσις
309 2073 329 2158 ᾖ
353 2076 486 2160 σαρκικῆ
510 2098 543 2140 τε
566 2079 618 2139 καί
643 2077 845 2162 πνευματική.

264 2180 351 2245 XIV.
375 2179 490 2260 Εἰδὼς,
520 2183 565 2244 ότι
589 2184 667 2247 θεοῦ
690 2181 818 2266 γέμετε,
843 2183 1002 2265 συντόμως
1025 2180 1242 2264 παρεκέλευσα
1264 2182 1352 2265 ὑμᾶς.

179 2284 385 2368 μνημονεύετέ
408 2306 467 2369 μου
491 2285 523 2348 ἐν
547 2295 613 2361 ταῖς
628 2297 815 2371 προσευχαῖς
839 2288 935 2370 ὑμῶν,
959 2288 1010 2351 ίνα
1033 2290 1111 2353 θεοῦ
1128 2286 1276 2370 ἐπιτύχω,
1299 2286 1351 2348 καί

177 2397 232 2471 τῆς
257 2388 289 2451 ἐν
311 2388 409 2473 Συρίᾳ
432 2390 616 2475 ἐκκλησίας,
649 2394 726 2457 ὅθεν
750 2393 808 2455 οὐκ
831 2391 915 2468 ἄξιός
945 2392 1005 2476 εἰμι
1028 2391 1218 2459 καλεῖσθαι·
1253 2387 1351 2454 ἐπιδέ-

140 2507 166 2545 20
180 2513 252 2575 ομαι
274 2495 335 2576 γάρ
357 2506 411 2578 τῆς
431 2494 593 2580 ἡνωμένης
616 2496 702 2580 ὑμῶν
725 2496 757 2560 ἐν
781 2500 849 2579 θεῷ
873 2508 1048 2580 προσευχῆς
1071 2497 1123 2559 καί
1146 2495 1284 2580 ἀγάπης,
1308 2494 1351 2568 εἰς

176 2598 212 2659 τό
235 2596 409 2682 ἀξιωθῆναι
440 2601 551 2682 τηνέν
583 2600 680 2685 Συρίᾳ
703 2600 834 2685 κκλησ
836 2624 873 2665 αν
905 2603 955 2666 δια
985 2612 1039 2686 τῆς
1070 2601 1239 2686 ἐκκλησίας
1267 2600 1352 2684 ὑμῶν

176 2700 262 2782 δροσι
265 2704 390 2786 σθῆναι.

262 2808 331 2873 XV.
359 2807 568 2887 Ἀσπάζονται
585 2810 664 2893 ὑμᾶς
681 2808 819 2892 Ἐφέσιοι
836 2811 898 2873 ἀπὸ
910 2809 1061 2894 Σμύρνης,
1078 2811 1155 2876 ὅθεν
1171 2811 1224 2872 καί
1240 2808 1350 2893 γράφω

176 2910 255 2994 ὑμῖν,
279 2914 428 2995 παρόντες
460 2915 503 2990 εἰς
526 2914 619 2992 δόξαν
647 2919 726 2982 θεοῦ
750 2915 853 2996 ὥσπερ
876 2917 929 2977 καί
952 2915 1053 2997 ὑμεῖς,
1088 2915 1118 2977 οἳ
1140 2916 1223 2977 κατά
1252 2914 1353 2976 πάντα

139 3030 164 3068 2⁶
178 3035 216 3098 με
248 3015 428 3082 ἀνέπαυσαν
460 3021 525 3101 άμα
558 3017 774 3101 Πολυκάρπῳ,
809 3017 969 3101 ἐπισκόπῳ
1001 3016 1194 3102 Σμυρναίων.
1240 3019 1293 3080 καί
1322 3015 1353 3078 αί

176 3120 281 3183 λοιπαί
316 3121 350 3184 δὲ
385 3122 548 3207 ἐκκλησίαι
584 3123 616 3186 ἐν
650 3131 722 3206 τιμῆ
746 3120 849 3206 Ἰησοῦ
872 3120 1009 3204 Χριστοῦ
1041 3122 1234 3200 ἀσπάζονται
1264 3121 1353 3205 ὑμάς.

244 3329 261 3383 9
280 3339 384 3387 ποιεῖτε
403 3330 453 3400 gL
469 3332 623 3401 ιποιῆτείά
639 3334 644 3397 Ι
661 3333 693 3386 14
711 3332 783 3388 κατὰ
801 3332 891 3404 σάρκα
901 3330 972 3398 >A
988 3332 992 3401 l
1010 3331 1085 3394 l4ll5
1104 3331 1175 3388 κατὰ
1187 3351 1213 3388 σ.
1225 3362 1261 3371 -
1272 3330 1353 3388 πνεύ-

175 3420 323 3487 ματι>ς
347 3418 351 3487 Ι
378 3419 410 3472 15
427 3422 473 3474 καί
491 3421 531 3492 τῷ
555 3419 734 3486 πνεύματι>
752 3421 777 3473 Α
796 3419 900 3489 Lightf.
926 3420 930 3489 Ι
958 3420 988 3472 11
1012 3420 1204 3492 παρεκάλευσα
1225 3418 1269 3473 G:
1285 3440 1353 3493 παρ·

177 3504 294 3561 εκιίλεσα
313 3522 333 3574 g

177 3677 196 3740 Ι,
218 3679 256 3734 13.
276 3680 324 3741 61;
346 3679 418 3735 Dial
433 3698 455 3735 c.
469 3683 516 3745 30;
537 3684 606 3737 Iren
621 3685 653 3741 II
668 3682 867 3746 32.4;41111ιιιιι
886 3684 951 3736 ante
969 3684 1080 3752 patrem
1107 3681 1243 3735 nominat
1273 3681 1355 3736 Simi-

176 3763 223 3826 ΠΙ,
241 3767 266 3829 4,
285 3769 315 3828 2;
346 3768 392 3825 lv.
412 3768 503 3831 22,2;
532 3770 606 3823 Tert
634 3770 675 3824 De
699 3770 844 3824 veIhter
862 3770 966 3824 Paulus
984 3769 1010 3822 II
1029 3769 1091 3823 Cor.
1112 3769 1356 3832 13,13εί’1“εεῦε·

177 3850 246 3920 virg
267 3869 290 3906 ο.
311 3855 332 3907 1
779 3863 904 3912 mentum
929 3856 960 3910 D.
980 3855 1013 3910 N.
1033 3856 1058 3919 Ι,
1079 3856 1112 3910 23
1139 3855 1181 3910 ed.
1210 3855 1352 3909 Rahmani

212 3938 272 3993 XII
291 3941 411 4012 δέδεμαι]
425 3959 462 3996 sc.
476 3942 579 3997 Christ
560 3948 582 3997 Ιι
596 3959 689 3997 eausa
709 3944 891 4013 0421.899p
912 3944 953 3998 43.
991 3945 1108 3999 Locutio
1127 3943 1201 3998 eIcuI
1219 3947 1300 3998 extra
1312 3962 1354 3998 or

177 4022 247 4094 Eph.
267 4030 299 4089 3,
321 4031 349 4090 1;
381 4031 472 4091 12,1.
510 4029 594 4083 Trall.
613 4031 645 4093 5,
665 4032 689 4083 2.
717 4030 914 4103 —,dinem't
892 4050 901 4084 1
917 4048 934 4084 a
951 4048 1094 4085 rar1ss1ma
1107 4034 1157 4094 est,
1179 4031 1307 4085 mde
1258 4034 1307 4085 ευ
1309 4046 1353 4084 em

178 4116 342 4185 φυσιοῦσθε]
362 4134 398 4170 sc.
418 4116 500 4171 laude
519 4117 634 4170 tributa.
764 4118 915 4187 *explicari
931 4123 1041 4188 potest,
1062 4117 1138 4184 quod
1157 4117 1233 4171 filius
1251 4118 1299 4172 via
1317 4116 1354 4171 nd

212 4196 284 4260 XIII,
306 4205 327 4255 1.
354 4204 578 4273 κατευοδωθῆτε]
610 4203 652 4257 CI.
676 4202 887 4273 Test.!patre1n
917 4210 960 4260 est
987 4205 1092 4275 (Ισιιιιιι
1114 4206 1154 4265 14,
1173 4204 1201 4269 6)
1229 4205 1275 4258 vel
1303 4220 1354 4274 per

177 4282 230 4337 XII
247 4292 319 4355 patr.
337 4287 384 4351 IV,
406 4291 499 4353 1;ΙΧ,
519 4276 867 4365 7.-υίρ1181111ωω
886 4293 980 4363 gratia
997 4291 1051 4345 Dei
1078 4290 1115 4344 ad
1142 4292 1271 4346 homines
1289 4308 1353 4362 per·
