2834 5018
331 526 519 583 DOCTRINA
538 526 733 584 DUODEGIM
752 528 1032 584 APOSTOLORUM.
1224 535 1270 599 [X
1303 548 1310 564 ·

180 706 243 771 dlii
264 711 388 772 veteres
419 707 523 771 minus
547 708 694 772 distincte
718 709 853 792 quidem,
879 708 934 772 sed
955 709 1002 772 ita
1025 730 1096 772 cum
1117 708 1270 772 Doctrina

100 813 288 890 conveniunt,
313 816 350 877 nt
372 832 425 875 eos
448 812 639 895 scripturam
662 813 824 896 cognitam
847 812 995 877 habuisse
1011 813 1149 877 conicere
1165 813 1269 886 liceat,

98 917 242 992 lustinus,
276 916 442 993 Tatianus,
476 915 685 1000 Theophilus,
711 919 749 982 de
772 916 887 1001 quibus
908 915 1059 982 lectorem
1078 917 1206 981 remitto
1230 918 1270 982 ad

96 1023 258 1086 editionem
272 1022 448 1087 Doctrinae
471 1044 499 1086 a.
515 1022 598 1086 1887
623 1044 706 1086 ame
721 1026 877 1106 paratam,
893 1022 926 1086 in
943 1044 1006 1104 qua
1020 1044 1050 1104 p.
1068 1019 1270 1086 lV-XXIII

96 1128 217 1191 uberius
241 1128 279 1190 de
301 1127 491 1191 testimoniis
514 1127 574 1210 egi.
605 1125 760 1192 Addenda
782 1132 856 1192 sunt
872 1126 955 1191 Acta
969 1127 1099 1191 Philcae
1116 1125 1269 1191 etPhilo·

94 1233 177 1307 romi,
208 1254 281 1296 cum
307 1232 405 1297 verba
426 1230 574 1296 Phileas:
609 1232 696 1297 Dicit
719 1254 808 1298 sacra
831 1237 863 1297 et
885 1231 991 1296 divina
1013 1231 1184 1314 scriptura:
1209 1230 1268 1294 Di·

94 1336 169 1420 liges
193 1336 365 1400 Dominum
387 1336 492 1401 Deum
514 1341 606 1401 tuum
629 1337 683 1421 qui
706 1341 738 1402 te
761 1337 838 1402 fecit
870 1336 909 1420 (c.
936 1338 964 1413 1,
989 1336 1073 1401 Acta
1094 1339 1269 1419 martyrum

94 1442 135 1504 ed
160 1439 435 1505 Ruinart-Galura
459 1442 543 1506 1803
566 1440 623 1518 ΠΙ,
643 1440 728 1523 160),
753 1443 792 1506 ad
809 1441 995 1506 Doctrinam
1018 1440 1082 1519 1,2
1105 1439 1270 1504 referenda

93 1565 154 1608 esse
177 1544 355 1609 videantur.

175 1648 335 1714 Paulatim
357 1650 515 1732 scriptura
537 1671 576 1714 ex
598 1672 658 1714 usn
673 1650 768 1714 venit.
800 1648 895 1714 Anno
912 1651 995 1715 1056
1020 1651 1146 1735 quidem
1162 1647 1269 1713 codice

93 1776 158 1818 11111
181 1754 327 1818 madente
358 1777 377 1817 a
399 1753 502 1818 Leone
526 1756 662 1838 quodam
684 1755 808 1819 notario
831 1755 990 1839 descripta
1012 1758 1077 1831 est3
1109 1753 1269 1839 plerisque

92 1879 161 1921 vero
191 1859 256 1922 iam
284 1859 450 1944 incognita
477 1858 576 1923 fuisse
598 1859 731 1923 videtur.
778 1857 857 1922 Cum
879 1859 962 1923 enim
984 1859 1112 1924 saeculo
1135 1857 1196 1922 XII
1217 1858 1268 1921 in·

93 1968 181 2026 eunte
201 1961 348 2028 Zonaras
370 1963 404 2027 in
426 1961 659 2028 Commentario
682 1964 723 2027 ad
741 1961 909 2028 Athanasii
931 1962 1101 2046 epistulam
1123 1962 1269 2027 festalem

92 2065 227 2131 XXXIX
257 2068 388 2147 scribat,
421 2068 607 2133 Doctrinam
639 2069 855 2152 apostolorum
885 2070 1038 2153 quosdam
1061 2068 1162 2132 dicere
1186 2065 1268 2131 Gon·

93 2171 270 2237 alitationes
293 2195 361 2238 esse
383 2195 440 2258 per
463 2173 656 2238 Clementem
679 2173 882 2256 conscriptas,
910 2194 988 2256 quas
1011 2172 1148 2256 synodos
1171 2171 1268 2236 Trul-

92 2275 162 2340 lana
184 2299 212 2340 a.
231 2277 294 2340 692
318 2275 406 2342 velut
429 2279 469 2343 ab
492 2279 660 2343 haereticis
683 2278 876 2343 adulteratas
900 2301 936 2343 ac
952 2281 1118 2364 corruptas
1133 2276 1199 2362 legi
1214 2298 1268 2341 ve·

91 2382 185 2445 tucn't
207 2380 277 2463 (Pa
294 2382 367 2458 138,
385 2383 472 2463 863),
496 2388 528 2448 et
543 2383 705 2449 Blastares
728 2383 855 2448 saeculo
870 2382 946 2448 XIV
964 2384 1057 2459 dicat,
1080 2382 1269 2448 Doctrinam

92 2487 308 2569 apostolorum
331 2508 350 2550 a
372 2488 492 2570 synodo
515 2492 605 2551 sexta
633 2485 696 2568 (vel
718 2486 884 2567 Trullana)
907 2488 1149 2552 condemnatam
1171 2485 1268 2550 fuisse

93 2589 158 2668 (PG
181 2592 256 2669 144,
283 2590 393 2674 1142),
416 2592 535 2656 librum
557 2593 678 2656 seiam
699 2614 763 2656 non
784 2592 899 2656 vidisse
921 2592 1071 2656 indicant.

658 2765 699 2830 Π.

174 2901 214 2967 Α.
245 2900 448 2987 Ohiappelli¹
481 2926 553 2969 cum
586 2905 775 2989 scripturam
812 2905 846 2968 in
880 2908 1005 2988 partem
1043 2902 1269 2968 catecheticam

92 3005 221 3090 (l—Vl]
252 3011 285 3070 et
306 3011 430 3090 partem
458 3008 624 3094 liturgiam
653 3031 689 3074 ac
712 3009 912 3094 disciplinam
935 3008 1085 3073 ecclesiae
1107 3028 1268 3092 exponen·

91 3115 153 3175 tem
175 3109 387 3193 (VII-XVI)
412 3112 552 3177 dividens
582 3114 762 3199 perspicere
789 3114 851 3179 sibi
879 3114 1053 3192 videretur,
1084 3113 1175 3177 illam
1197 3135 1268 3177 sae·

92 3214 190 3280 culoI
212 3221 348 3280 exeunte
370 3215 584 3282 aGhriatiano
608 3240 647 3284 ex
668 3218 793 3284 Iudaeis
816 3218 1036 3295 Alexandriae,
1060 3219 1143 3283 hanc
1159 3218 1268 3283 eodem

92 3318 155 3384 fere
176 3324 320 3404 tempore
353 3319 575 3386 aChn'stianc
606 3323 819 3407 egentilibus
842 3323 876 3387 in
898 3322 991 3406 Syria
1013 3323 1064 3387 vel
1086 3323 1270 3388 Palaestina

91 3424 266 3490 confectam
289 3447 367 3503 esse,
391 3425 554 3504 conclusit,
579 3426 705 3493 libellos
727 3427 805 3492 istos
828 3432 949 3512 postea,
972 3431 1114 3511 tempore
1136 3449 1200 3492 non
1216 3447 1268 3490 ac-

91 3530 227 3594 curatius
244 3530 429 3610 definiendo,
451 3530 587 3596 fortasse
603 3537 710 3596 autem
725 3532 852 3597 saeculo
866 3532 923 3611 III,
940 3533 1022 3597 inter
1037 3554 1070 3597 se
1086 3532 1268 3597 coniunctos

91 3635 121 3695 et
134 3632 181 3697 ita
194 3632 384 3698 Doctrinam
399 3632 615 3717 apostolorum
634 3640 775 3700 exortam
790 3658 867 3701 esse.
902 3635 970 3702 Alii
985 3641 1108 3721 partem
1123 3637 1268 3702 cateche-

91 3736 184 3802 ticam
208 3735 424 3801 aGhristiano
447 3740 656 3823 compositam
679 3761 747 3805 esse
773 3741 943 3825 negabant.
985 3740 1064 3806 Cum
1086 3741 1169 3806 enim
1190 3741 1269 3804 haec

90 3862 162 3923 pars
185 3862 241 3906 seu
264 3841 422 3925 expositio
444 3843 570 3908 viarum
593 3845 726 3911 duarum
741 3851 868 3930 praeter
882 3846 1071 3929 particulam
1095 3844 1267 3923 1,3-2,1

91 3946 173 4029 apud
201 3944 312 4029 plures
342 3948 440 4010 testes
467 3947 664 4013 deficientem
685 3971 788 4034 pauca
811 3951 979 4026 contineat,
1011 3971 1092 4035 quae
1114 3950 1269 4033 originem

91 4051 295 4115 christianam
322 4052 469 4134 prodant,
502 4053 620 4138 Taylor
651 4078 721 4120 eam
749 4055 875 4121 saeculo
904 4056 1007 4141 primo
1029 4059 1102 4119 ante
1123 4052 1174 4118 rel
1196 4058 1269 4138 post

92 4152 252 4220 Christum
272 4159 386 4218 natum
408 4157 493 4241 apud
514 4157 648 4223 Iudaeos
671 4160 710 4224 ad
734 4160 919 4234 erudiendos
941 4157 1119 4242 proselytos
1141 4158 1267 4223 confec·

91 4262 163 4337 tam,
195 4263 309 4344 postea
331 4263 439 4324 autem
461 4283 480 4325 a
503 4259 683 4328 Christiano
715 4264 879 4328 sententiis
902 4262 1100 4347 evangelicis,
1124 4262 1269 4347 inprimis

93 4392 301 4406 ⁸——

160 4480 173 4532 l
192 4479 275 4535 studi
293 4480 324 4534 di
342 4481 436 4535 antica
453 4482 611 4538 lcttcratura
627 4484 761 4538 crtetana
780 4483 847 4538 1887
865 4501 892 4552 p.
913 4483 1041 4537 21-148.
