2834 5018
157 344 221 411 506
591 333 905 391 ποουουνιοτυιι

156 519 210 580 καί
232 517 323 591 κενός
346 515 409 577 ἀπό
432 524 487 598 τῆς
510 512 664 597 ἀληθείας
687 513 741 575 καί
758 513 875 593 ἄφρων.
921 515 951 576 5.
975 520 1040 574 πᾶν
1055 512 1121 595 γὰρ
1144 520 1282 594 πνεῦμα
1297 511 1357 573 ἀπὸ

157 625 236 689 θεοῦ
260 621 357 687 δοθὲν
381 621 440 683 ούκ
463 619 665 701 ἐπερωτᾱται,
691 614 774 679 ἀλλὰ
797 616 870 698 ἐχον
886 618 941 698 τὴν
964 615 1097 698 δύναμιν
1113 625 1175 700 της
1201 615 1357 700 θεότητος

157 726 213 809 ἀφ’
236 725 348 790 ἑαυτοῦ
372 723 462 788 λαλεῖ
484 723 596 801 πάντα,
620 724 667 785 ότι
691 721 817 788 ἄνωθέν
840 720 922 784 ἐστιν
945 723 1009 784 ἀπὸ
1031 731 1089 805 της
1104 721 1282 805 δυνάμεως
1306 731 1357 784 τού

157 831 248 897 θείου
270 827 455 911 πνεύματος.
502 830 531 893 6.
556 828 592 889 τό
614 825 648 889 δὲ
672 835 793 908 πνεῦμα
816 827 851 889 τό
874 824 1119 909 ἐπερωτώμενον
1151 827 1213 889 καί
1237 825 1356 889 λαλοῦν

131 937 241 1001 ικατά
272 936 328 1008 τὰς
351 931 519 1014 ἐπιθυμίας
549 939 611 994 τῶν
634 927 813 1010 ἀνθρώπων
845 929 979 1013 ἐπίγειόν
1011 929 1078 993 ἐστι
1108 932 1169 993 καί
1204 928 1355 1012 ἐλαφρόν,

157 1040 287 1123 δύναμιν
309 1040 351 1122 μὴ
367 1037 463 1119 ἐχον·
487 1037 541 1099 καί
564 1034 645 1110 ὅλως
661 1035 697 1097 ού
721 1033 820 1112 λαλεῖ,
837 1033 891 1097 ἐὰν
914 1036 956 1117 μή
972 1034 1182 1119 ἐπερωτηθῇ.
1233 1037 1265 1102 7.
1284 1033 1354 1107 Πῶς

157 1145 221 1222 σύν,
247 1141 334 1227 φημί,
357 1141 454 1223 κύριε,
478 1143 646 1223 ἄνθρωπος
668 1137 831 1223 γνώσεται,
854 1139 899 1214 τίς
921 1141 1026 1203 αὐτῶν
1041 1139 1216 1225 προφήτης
1240 1143 1298 1204 καὶ
1314 1138 1354 1214 τίς

157 1247 414 1332 ψευδοπροφήτης
439 1246 538 1324 ἐστίν;
572 1245 701 1324 Ἀκουε,
727 1243 812 1329 φησί,
835 1245 902 1326 περί
925 1243 1115 1326 ἀμφοτέρων
1139 1254 1210 1309 τῶν
1234 1266 1354 1328 προφη

157 1362 235 1417 τῶν·
267 1354 321 1415 καί
345 1353 387 1426 ὥς
416 1372 464 1415 σοι
494 1348 599 1434 μέλλω
629 1348 741 1433 λέγειν,
771 1351 853 1412 ούτω
885 1349 1065 1432 δοκιμάσεις
1095 1350 1154 1413 τδν
1188 1350 1352 1434 προφήτην

118 1486 143 1523 ιι
156 1460 210 1521 καί
233 1459 286 1521 τόν
316 1455 584 1540 ψευδοπροφήτην.
631 1455 693 1517 ἀπό
716 1463 770 1537 τῆς
797 1453 880 1537 ζωῆς
908 1452 1058 1536 δοκίμαζε
1087 1455 1143 1517 τόν
1178 1457 1353 1538 ἄνθρωπον

156 1564 209 1625 τόν
224 1562 339 1644 ἔχοντα
362 1563 398 1623 τδ
413 1570 535 1643 πνεῦμα
557 1561 593 1622 τδ
609 1560 708 1624 θεῖον.
755 1561 784 1624 8.
808 1567 930 1640 πρῶτον
945 1558 1002 1640 μὲν
1026 1557 1043 1619 ό
1059 1557 1148 1641 ἔχων
1175 1560 1215 1622 τό
1231 1570 1353 1642 πνεῦμα

156 1667 207 1753 [τό
231 1667 336 1752 θεῖον]
360 1668 396 1730 τό
428 1667 554 1731 ἄνωθεν
577 1665 676 1745 πραύς
708 1661 773 1725 ἐστι
794 1662 848 1723 καί
878 1660 1007 1744 ἡσύχιος
1038 1663 1094 1724 καί
1125 1665 1352 1746 ταπεινόφρων

155 1774 208 1835 καί
232 1770 426 1854 ἀπεχόμενος
456 1770 519 1831 ἀπὸ
542 1767 644 1852 ποίσης
676 1765 824 1851 πονηρίας
850 1768 903 1828 καί
926 1765 1099 1849 ἐπιθυμίας
1130 1768 1280 1850 ματαίας
1302 1777 1351 1832 τοῦ

156 1877 268 1951 αἰῶνος
291 1875 402 1938 τούτου
424 1875 477 1936 καί
502 1872 612 1936 ἑαυτὸν
642 1869 838 1952 ἐνδεέστερον
861 1879 942 1932 ποιεί
970 1870 1100 1934 πάντων
1130 1881 1202 1936 τῶν
1228 1872 1351 1957 ἀνθρύ

118 2007 142 2046 ιι
156 2002 225 2044 πων
247 1982 300 2044 καί
324 1978 425 2042 οὐδενί
441 1977 531 2041 οὐδὲν
555 1975 754 2057 ἀποκρίνεται
771 1973 1020 2057 ἐπερωτώμενος,
1044 1976 1120 2039 ούδὲ
1143 1979 1351 2077 Qu

156 2085 246 2149 λαλεῖ
280 2084 353 2148 οὐδὲ
383 2085 458 2146 ὅταν
490 2080 572 2165 θέλη
605 2082 774 2161 ἄνθρωπος
805 2077 929 2156 λαλεῖν,
959 2078 1051 2143 λαλεῖ
1082 2082 1121 2143 τό
1156 2092 1290 2167 πνεῦμα
1318 2083 1350 2145 τό

155 2191 261 2273 ἅγιον,
295 2187 378 2250 ἀλλὰ
409 2187 479 2249 τότε
510 2184 620 2262 λαλεῖ,
652 2185 727 2246 όταν
760 2182 884 2267 θελήση
914 2184 1007 2246 αύτόν
1037 2183 1055 2246 ό
1085 2187 1170 2262 θεὸς
1202 2187 1348 2273 λαλῆσαι

156 2297 185 2359 9.
211 2295 285 2355 όταν
309 2294 362 2354 ούν
385 2290 468 2375 ἔλθη
500 2289 709 2370 όᾶνθρωπος
744 2286 867 2370 όέχων
899 2289 934 2350 τδ
956 2296 1080 2371 πνεῦμα
1111 2292 1151 2353 τό
1187 2296 1285 2359 θεῖον
1310 2293 1349 2367 είς

155 2398 341 2481 συναγωγὴν
369 2395 490 2476 ἀνδρῶν
512 2392 642 2457 δικαίων
665 2400 727 2454 τῶν
751 2391 887 2475 ἐχόντων
910 2390 1011 2456 πίστιν
1042 2392 1138 2459 θείου
1169 2397 1348 2480 πνεύματος

116 2528 141 2566 οο
155 2503 209 2566 καί
232 2498 365 2577 ἔντευξις
387 2499 514 2584 γένηται
542 2498 617 2580 πρὸς
640 2497 694 2559 τόν
725 2496 802 2561 θεόν
832 2505 885 2580 της
908 2506 1096 2580 συναγωγῆς
1127 2507 1197 2565 τῶν
1228 2502 1347 2585 ἀνδρῶν

155 2604 300 2683 ἐκείνων,
332 2603 442 2667 τότεδ
475 2601 609 2686 ἅγγελος
637 2610 691 2663 τοῦ
721 2609 915 2684 προφητικοῦ
947 2600 1171 2684 πνεύματοςό
1206 2606 1347 2690 κείμενος

154 2712 230 2793 πρὸς
253 2711 348 2773 αὐτόν
370 2708 483 2792 πληροῖ
505 2709 558 2770 τὸν
582 2708 761 2788 ἄνθρωπον,
786 2706 839 2767 καί
862 2704 1042 2790 πληρωθεὶς
1066 2705 1083 2769 ό
1108 2709 1291 2793 ἄνθρωπος
1305 2717 1345 2792 τῷ

154 2815 305 2899 πνεύματι
328 2822 372 2898 τῷ
397 2813 477 2898 ἁγίῳ
501 2809 591 2873 λαλεῖ
607 2810 651 2884 εἰς
665 2811 701 2873 τό
717 2809 852 2894 πλῆθος,
875 2811 988 2885 καθὼς
1011 2810 1028 2872 ό
1053 2811 1164 2894 κύριος
1190 2814 1345 2900 βούλεται

156 2924 206 2988 10.
231 2923 330 2996 ούτως
355 2917 409 2984 σύν
433 2917 567 3001 φανερόν
591 2916 678 2978 ἐσται
701 2917 736 2977 τό
758 2923 881 2998 πνεῦμα
903 2924 957 2998 της
980 2914 1146 3000 θεότητος.
1205 2921 1266 3005 ὅση
1296 2920 1345 2982 ούν

116 3056 141 3094 ιι
155 3027 302 3108 περὶτοῦ
325 3021 500 3106 πνεύματος
534 3029 588 3104 τῆς
622 3019 774 3103 θεότητος
808 3030 863 3082 του
894 3017 1002 3101 κυρίου
1034 3018 1234 3106 ἡδύναμις,
1258 3028 1344 3108 αύτη.

223 3200 240 3251 4
259 3200 339 3254 θεῶν
358 3191 540 3250 GL13san0ti
558 3191 684 3259 L²‚>A
709 3190 714 3261 1
738 3191 782 3255 5ίὸ
810 3209 836 3261 p.
855 3191 907 3245 508
935 3197 991 3247 τῶν
1020 3190 1193 3264 ἀνθρώπων
1218 3229 1253 3237 -
1279 3204 1344 3255 θεοῦ

152 3289 300 3356 προφήτην
318 3300 342 3335 ν.
364 3282 412 3334 12ι
432 3278 544 3333 codices
562 3278 698 3332 versionis
718 3277 826 3332 latinae
844 3277 947 3348 prioris
966 3277 1027 3332 fere
1042 3296 1142 3336 omnes
1162 3282 1240 3340 haec
1251 3284 1343 3339 Mand

154 3370 213 3432 XII,
233 3372 257 3432 2,
278 3371 290 3422 l
311 3371 377 3437 post
395 3367 509 3423 πάντων
532 3364 690 3438 προέχουσα
716 3366 862 3428 exhibent,
890 3366 976 3420 codex
1002 3365 1225 3426 Lambethanus
1243 3374 1290 3444 (ut
1308 3372 1343 3425 vi·

154 3458 238 3511 detur
255 3455 342 3523 solus)
360 3453 454 3508 Mand.
474 3452 520 3515 XI,
542 3454 574 3506 15
591 3452 637 3505 fin.
658 3456 724 3522 post
743 3450 923 3526 εὑρίσκονται.
944 3457 972 3506 et
992 3451 1086 3509 Wake
1107 3472 1174 3510 cum
1195 3475 1232 3513 ex
1250 3459 1342 3514 codiee

153 3543 202 3597 illo
221 3545 282 3595 tum
302 3559 316 3596 e
335 3557 436 3612 graeco
455 3539 676 3602 Ps.·Athanasii,
701 3540 730 3593 in
752 3540 854 3606 quibus
873 3539 924 3593 illa
942 3540 1038 3594 omnia
1055 3541 1087 3595 in
1107 3543 1207 3600 Hand,
1229 3546 1284 3601 XII
1300 3547 1343 3600 (1ο

153 3628 326 3690 uideantur,
353 3643 387 3680 ea
405 3626 445 3680 ibi
471 3623 623 3678 inserenda
640 3640 702 3678 esse
720 3625 852 3694 collegit,
879 3626 914 3679 ef.
935 3625 1076 3691 Gallanffi,
1098 3629 1174 3684 Bibl.
1195 3639 1254 3688 vet.
1273 3637 1343 3703 patr.

153 3715 172 3779 1,
192 3716 226 3770 ου
244 3718 301 3770 σοι
322 3714 358 3783 οι
377 3715 408 3769 12
427 3715 459 3770 τι
480 3719 560 3770 οσον
577 3712 748 3781 LA:>(}1
766 3715 797 3767 ιι
816 3712 903 3771 αιτον
921 3713 1099 3783 amma
1119 3716 1166 3770 12‘?
1183 3720 1189 3790 Ι
1206 3721 1240 3774 21
1259 3741 1342 3793 πων

153 3802 310 3870 πνεύματος
338 3800 399 3854 ῙιἈ
422 3819 428 3852 :
449 3804 597 3873 προφήτου
616 3799 656 3862 G,
686 3800 846 3854 divinitatis
864 3800 896 3854 L¹
923 3803 927 3872 Ι
952 3802 987 3856 22
1014 3798 1176 3875 ἄνθρωπον
1205 3806 1267 3862 GL'
1286 3807 1343 3878 :†

153 3884 231 3938 illum
250 3887 309 3940 L¹A

153 4027 231 4087 δυῖαι,
251 4022 292 4081 ὅτι
312 4025 497 4097 προφητεύειν
515 4022 565 4096 οὐχ
583 4022 637 4081 ὑπὸ
652 4025 729 4098 Μὰρ·
757 4027 956 4083 θεόσδοτον
974 4021 1067 4098 ἔχουσι
1087 4034 1141 4100 τήν
1158 4037 1345 4106 προφητείαν,

153 4126 205 4163 κον
223 4118 272 4165 τοῦ
289 4112 382 4183 μάγον
393 4110 531 4183 ἐγγίνεται
549 4119 608 4177 τοῖς
619 4108 728 4184 ἀνθρώ·
755 4117 802 4169 καί
836 4117 917 4170 τότε
950 4120 1125 4174 λαλοῦσιν
1152 4114 1229 4177 ἔνθα
1247 4126 1294 4178 καί
1318 4118 1343 4178 ό

154 4210 230 4258 ποις·
257 4194 315 4251 ἀλλ’
344 4193 437 4264 οίςᾶν
462 4197 564 4265 όθεὸς
590 4193 846 4256 ἄνωθενιπύτε
873 4202 960 4268 θεὸς
986 4203 1169 4275 βούλεται.
1214 4208 1259 4263 Of.
1278 4207 1344 4261 κδ

155 4275 296 4351 ἐπιπέμφρ
328 4288 378 4353 τὴν
403 4284 484 4356 χάριν
514 4282 617 4347 αὐτοῦ,
652 4265 744 4341 οὗτοιί
792 4288 815 4340 6.
835 4283 907 4355 ίίλως
926 4287 960 4345 ού
978 4294 1060 4347 λαλεῖ
1072 4294 1148 4365 κτλ]
1168 4293 1215 4351 cf.
1235 4314 1262 4351 ν.
1283 4296 1322 4351 12
