2834 5018
182 331 244 398 194
568 338 573 343 ·
638 328 665 382 11
683 327 886 385 cnnnnnrrs

178 503 298 586 κόσμου
328 502 431 566 οὐκέτι
463 503 627 585 δυνάμεθα
658 501 722 565 ἐκεῖ
752 501 1046 587 ἐξομολογήσασθαι
1073 505 1093 588 ή
1116 513 1278 589 μετανοεῖν
1301 505 1356 567 ἔτι.

179 611 209 673 4.
234 607 324 686 ὥστε,
341 605 480 689 ἀδελφοί,
504 605 687 689 ποιήσαντες
703 607 738 668 τδ
755 604 882 689 θέλημα
896 617 950 670 τοῦ
974 610 1089 690 πατρὸς
1104 611 1158 672 καί
1181 611 1236 691 τήν
1254 609 1356 690 σάρκα

179 710 276 795 ἁγνὴν
298 710 485 795 τηρήσαντες
516 711 569 773 καί
593 710 648 783 τὰς
672 708 799 785 ἐντολὰς
828 719 883 773 τοῦ
906 711 1013 793 κυρίου
1043 711 1235 794 φυλάξαντες
1258 710 1356 795 ληψό·

179 818 266 898 μεθα
287 816 371 898 ζωήν
395 814 528 878 αἰώνιον.
576 818 606 880 5.
630 812 714 897 λέγει
736 816 796 898 γὰρ
820 814 955 897 ὁκὺριος
978 815 1011 878 ἐν
1033 823 1077 899 τῷ
1098 816 1289 901 εὐαγγελίῳ·
1313 816 1356 880 Εἰ

153 920 218 984 στδ
239 922 363 1006 μικρὸν
386 922 448 984 οὐκ
471 920 666 1005 ἐτηρήσατε,
689 920 727 983 τό
749 920 836 1002 μέγα
858 921 907 1001 τίς
934 925 1015 1001 ὑμῖν
1039 921 1158 998 (totam
1181 921 1270 1005 λέγω
1293 922 1355 1006 γὰρ

178 1028 269 1105 ὑμῖν,
292 1027 384 1089 ὅτιὸ
414 1025 532 1104 πιστός
556 1025 594 1088 ἐν
617 1023 782 1107 ἐλαχίστῳ
813 1025 869 1087 καί
893 1025 932 1088 ἐν
955 1025 1075 1110 πολλῷ
1108 1029 1226 1106 πιστός
1252 1026 1353 1090 ἐστιν.

179 1130 208 1193 6.
233 1127 294 1210 ἆρα
309 1125 363 1192 οὖν
385 1139 476 1191 τοῦτο
491 1125 591 1211 λέγει·
615 1125 769 1211 τηρήσατε
792 1129 847 1210 τήν
863 1128 966 1210 σάρκα
990 1128 1087 1212 ἁγνήν
1103 1130 1156 1192 καί
1180 1131 1235 1211 τήν
1258 1148 1356 1210 σφρα-

178 1233 250 1316 γῖδα
272 1232 412 1312 ἄσπιλον,
436 1234 487 1296 ἵνα
509 1234 565 1315 τήν
588 1230 711 1295 αἰώνιον
734 1232 818 1315 ζωήν
841 1231 1061 1317 ἀπολάβωμεν.

266 1339 320 1403 IX.
345 1335 408 1399 Καί
431 1339 473 1420 μή
496 1335 614 1419 λεγέτω
637 1358 682 1413 τις
705 1337 812 1419 ὑμῶν,
846 1339 891 1399 ὅτι
915 1339 994 1420 αὕτη
1017 1336 1038 1419 η
1060 1336 1137 1419 σάρξ
1160 1339 1196 1400 οὐ
1219 1337 1358 1419 κρίνεται

140 1462 165 1500 ω
179 1441 251 1504 οὐδὲ
275 1440 444 1504 ἀνίσταται.
491 1444 520 1505 2.
544 1449 659 1525 γνῶτε·
690 1440 723 1504 ἐν
745 1440 802 1504 τίνι
827 1438 987 1523 ἐσώθητε,
1012 1440 1045 1503 ἑν
1068 1440 1125 1504 τίνι
1151 1440 1358 1526 άνεβλέψατε,

179 1546 206 1609 εί
229 1548 270 1628 μή
301 1544 333 1608 ἐν
356 1555 394 1629 τη
421 1547 512 1628 σαρκί
543 1545 641 1629 ταότη
664 1547 768 1623 ὂντες;
802 1548 831 1611 3.
856 1545 902 1607 δεῖ
924 1541 979 1608 οὖν
1001 1545 1083 1628 ημᾶς
1105 1546 1147 1621 ῶς
1178 1548 1253 1609 ναὸν
1277 1549 1358 1612 θεοῦ

68 1724 70 1728 .
179 1649 350 1733 φυλάσσειν
372 1652 428 1732 τήν
452 1651 564 1732 σάρκα.
610 1654 640 1716 4.
666 1650 700 1713 δν
724 1649 837 1731 τρόπον
859 1650 919 1732 γάρ
944 1648 975 1712 ἐν
998 1659 1037 1733 τη
1060 1651 1150 1731 σαρκί
1184 1649 1358 1734 ἐκλήθητε,

177 1755 231 1817 καί
260 1753 292 1817 ἐν
325 1763 363 1837 τη
392 1755 483 1836 σαρκί
514 1753 697 1819 ἐλεύσεσθε.
745 1758 774 1819 5.
799 1754 825 1815 εἰ
856 1751 991 1835 Χριστὸς
1021 1754 1037 1816 δ
1068 1754 1173 1836 κύριος
1202 1754 1219 1816 ό
1251 1752 1360 1829 σώσας

177 1858 275 1943 ἡμᾶς,
303 1859 346 1922 ὢν
369 1859 424 1942 μὲν
447 1861 482 1921 τδ
510 1867 631 1941 πρῶτον
654 1867 791 1941 πνεῦμα,
827 1857 949 1941 ἐγένετο
973 1857 1050 1939 σάρξ
1071 1860 1124 1920 καί
1152 1861 1252 1933 οὕτως
1275 1857 1360 1942 ήμᾱς

139 1985 165 2024 ιτ
179 1962 345 2026 ἐκάλεσεν·
379 1964 477 2036 οὕτως
499 1964 553 2025 καί
575 1961 662 2045 ἡμεῖς
688 1961 720 2024 ἐν
744 1962 841 2044 ταύτῃ
863 1971 901 2044 τη
915 1962 1015 2042 ,σαρκί
1043 1961 1280 2046 άποληψόμεθα
1303 1965 1359 2026 τόν

177 2068 303 2152 μισθόν.
350 2071 378 2134 6.
405 2069 575 2151 ἀγαπῶμεν
608 2064 662 2130 οὖν
685 2065 860 2149 ἀλλήλους,
891 2068 977 2141 ὅπως
1000 2066 1146 2149 ἔλθωμεν
1175 2067 1291 2142 πάντες
1314 2067 1360 2142 εἰς

178 2175 233 2255 τήν
257 2171 415 2257 βασιλείαν
439 2182 493 2235 τοῦ
517 2175 605 2237 θεοῦ.
653 2176 681 2238 7.
706 2172 748 2247 ὡς
772 2172 884 2255 ἔχομεν
907 2173 1015 2253 καιρόν
1048 2182 1101 2234 τοῦ
1125 2171 1266 2255 ίαθήναι,
1291 2173 1359 2235 ἐπι-

178 2277 279 2360 δῶμεν
303 2276 430 2352 ἑαυτοὺς
452 2284 496 2358 τῷ
520 2275 725 2358 θεραπεύοντι
749 2278 835 2358 θεῷ,
870 2275 1068 2358 ἀντιμισθίαν
1091 2277 1176 2358 αὐτῷ
1209 2276 1358 2352 διδόντες.

179 2385 208 2447 8.
233 2380 341 2458 ποίανς
372 2382 407 2443 τό
435 2389 622 2463 μετανοῆσαι
653 2378 685 2456 ἐξ
709 2378 890 2460 εἰλικρινοῦς
913 2378 1051 2461 καρδίας.
1097 2382 1127 2444 9.
1152 2378 1359 2466 προγνῶστης

140 2485 239 2569 ωγάρ
263 2484 344 2547 ἐστιν
366 2495 427 2548 τῶν
451 2484 575 2546 πάντων
598 2484 652 2545 καί
675 2482 765 2557 εἰδὼς
786 2480 874 2565 ήμῶν
897 2484 936 2545 τά
960 2482 992 2545 ἐν
1007 2482 1128 2566 καρδίᾳ.
1178 2488 1228 2551 10.
1253 2484 1359 2568 δῶμεν

179 2585 233 2651 οὖν
256 2589 340 2670 αὐτῷ
364 2585 459 2664 αίνον,
482 2588 524 2670 μή
548 2587 610 2649 ἀπὸ
633 2586 786 2669 στόματος
808 2586 923 2669 μόνον,
946 2585 1029 2649 άλλὰ
1051 2589 1104 2650 καί
1128 2588 1191 2650 ἀπὸ
1215 2588 1358 2671 καρδίας,

177 2694 229 2756 ίνα
240 2692 321 2776 ἡμᾶς
332 2691 536 2775 προσδέξηται
548 2690 590 2765 ὡς
604 2690 696 2766 υίοὺς.
723 2696 772 2757 11.
790 2692 915 2775 καὶγὰρ
929 2689 1012 2754 είπεν
1025 2692 1041 2754 ό
1054 2691 1175 2773 κύριος·
1192 2691 1360 2777 Ἀδελφοί

176 2819 244 2880 μου
274 2798 367 2861 οὗτοί
395 2799 481 2860 εἰσιν
510 2799 541 2859 ol
574 2803 750 2876 ποιοῦντες
782 2797 820 2859 τὸ
854 2794 990 2879 θέλημα
1022 2803 1081 2860 τοῦ
1113 2798 1241 2881 πατρός
1277 2819 1357 2878 μου.

247 2936 262 2988 7
281 2956 388 3010 σαρκαν
405 2939 430 2989 A
454 2937 458 3005 Ι
482 2935 628 2992 8αίώνιον
645 2934 697 2989 ΑΗ
718 2935 753 2989 cf.
772 2935 796 3000 8,
817 2937 854 2986 4:
874 2935 939 3002 >S
959 2935 993 2987 ef.
1016 2936 1053 2996 14,
1074 2936 1104 2995 53
1131 2935 1171 2997 17,
1190 2934 1228 3003 31
1251 2932 1359 2992 ἀπολεί-

177 3028 271 3096 βωμεν
288 3022 502 3096 Αιάπολάβητε
521 3021 566 3075 HS
591 3024 594 3088 ί
622 3023 653 3076 10
672 3021 734 3078 οὐδὲ
753 3023 800 3075 A:
821 3018 884 3079 οάτε
904 3023 930 3076 Η
956 3022 959 3091 t
987 3021 1017 3077 13
1036 3021 1062 3077 εἰ
1088 3021 1197 3091 Fragm.
1228 3018 1360 3090 σγαιείς

178 3110 249 3164 AHS
273 3110 334 3164 Tim
360 3112 363 3180 ή
390 3111 422 3165 14
439 3119 547 3179 πνεῦμα
565 3109 609 3163 As
631 3128 637 3162 z
659 3111 743 3181 λόγος
762 3109 788 3162 H
814 3111 818 3178 Ι
844 3106 934 3177 οὕτως
954 3110 987 3181 -Ι-
1009 3113 1054 3165 καί
1074 3108 1099 3160 Η
1116 3109 1119 3178 t
1138 3110 1169 3162 16
1188 3103 1283 3172 oto>
1303 3108 1330 3162 Η
1353 3166 1356 3176 ,

177 3198 211 3252 20
229 3196 259 3254 ἐν
275 3201 373 3274 καρδίη
386 3215 392 3248 :
405 3194 534 3269 ἐγκάρδια
553 3196 647 3266 11121
667 3196 747 3253 αίνον
765 3196 810 3249 HS
827 3214 958 3254 εαιωνιον
976 3199 1000 3249 Α

211 3322 235 3373 4.
255 3340 280 3376 o.
299 3316 385 3391 ἁγνήν
403 3318 472 3389 τηρ]
493 3318 534 3372 Of.
544 3320 616 3371 Acta
625 3316 708 3371 Pauli
722 3320 751 3372 et
777 3317 892 3387 Hippol.
919 3319 1023 3373 Philon.
1042 3318 1075 3382 X,
1094 3319 1129 3373 33
1156 3320 1199 3372 ed.
1219 3319 1360 3374 Dunclrer

178 3405 300 3460 Theclae
320 3423 341 3459 α
361 3408 377 3460 2
395 3424 422 3458 n.
442 3407 471 3458 5:
499 3405 631 3477 μακάριοι
657 3403 684 3461 ολ
702 3403 751 3477 ἀγ·
763 3464 765 3473 ,
777 3422 804 3474 p.
823 3406 881 3468 540,
900 3407 944 3475 57)
964 3406 1058 3472 quoad
1076 3423 1189 3459 sensum
1208 3412 1238 3460 et
1257 3407 1359 3463 verbo·

177 3499 227 3565 νήν
245 3500 294 3565 τήν
312 3494 401 3566 σάρκα
414 3497 580 3565 τηρήσαντες
598 3532 604 3544 .
620 3531 646 3545 ..
667 3490 693 3549 ολ
706 3490 751 3565 ἐγ·
778 3511 839 3545 rum
856 3494 1027 3562 positionem
1040 3509 1104 3546 cum
1116 3493 1182 3546 Luo.
1198 3494 1237 3553 16,
1253 3494 1360 3551 10-12

177 3590 287 3654 κρατεῖς
371 3578 397 3636 ot
423 3575 534 3650 ἔχοντες
558 3587 688 3650 γυναῖκας
712 3575 752 3647 ῶς
779 3581 943 3643 concordet,
973 3580 1080 3635 dictum
1098 3580 1207 3633 adhoc
1235 3597 1360 3654 evange

176 3672 215 3738 μὴ
233 3662 409 3738 ἔχοντεςκτλ.
429 3666 496 3719 υ.6;
514 3665 635 3738 μακάρια
654 3665 750 3723 τάσὼ-
778 3667 848 3720 lium
865 3666 1041 3722 referendum
1067 3683 1127 3720 esee
1151 3665 1273 3720 videtur.
1314 3670 1361 3725 (θ’.

176 3774 253 3821 ματα
270 3759 327 3810 τῶν
344 3752 503 3828 παρθένων.
528 3752 621 3805 Herm.
641 3752 706 3811 sim.
717 3753 750 3817 V,
778 3754 888 3822 Βοροο,
909 3755 1027 3824 Sprir'ohe
1047 3754 1114 3808 1896
1132 3772 1159 3823 p.
1181 3755 1220 3808 16.

178 3843 201 3903 7.
224 3843 247 3897 l.
813 3843 837 3895 6.
855 3843 962 3896 Auctor
988 3856 1044 3894 non
1072 3841 1156 3894 aliam
1183 3843 1361 3897 sententiam

212 3929 235 3981 5.
257 3926 340 3981 Multi
366 3927 534 3996 interpretes
561 3928 635 3980 huno
658 3926 750 3980 locum
778 3927 888 3992 laudnt,
913 3928 962 3982 sed
980 3927 1197 3997 praecedentem
1216 3928 1360 4000 interpre-

178 4015 369 4084 exerengelio
381 4014 543 4083 apocrypho
554 4015 751 4084 depromptum
778 4018 864 4069 tatur.
891 4047 926 4055 -
956 4018 1136 4087 τηρήσατε..
1156 4014 1359 4087 ἀπολάβωμεν]

178 4115 240 4153 esee
259 4103 436 4169 putaverunt.
473 4100 529 4154 Sed
541 4117 605 4154 oum
622 4118 688 4170 pore
700 4119 750 4170 po·
762 4148 765 4175 ,
779 4102 820 4155 ef.
841 4102 918 4157 Rom.
937 4103 960 4166 ί,
981 4104 1012 4165 4;
1030 4103 1116 4166 8,15;
1136 4102 1161 4155 II
1179 4101 1277 4154 Ioann.
1295 4104 1318 4165 1,
1332 4102 1359 4158 8.

178 4187 279 4241 eterior
297 4189 334 4241 ad
353 4188 475 4251 verbum,
494 4205 561 4257 pars
573 4189 658 4258 prior,
678 4205 751 4255 quae
813 4187 858 4251 IX,
880 4192 954 4244 1-5.
983 4191 1093 4260 Frngnn
1112 4207 1166 4257 syr.
1195 4189 1238 4243 Of.
1258 4186 1358 4258 tight-

178 4274 316 4343 repetitur
342 4273 377 4326 ab
405 4273 520 4329 Irenaeo
539 4274 572 4339 Π,
591 4275 675 4337 34,3
702 4276 751 4344 (cf.
778 4275 942 4340 foot1‚185.
962 4308 997 4316 -
1016 4275 1194 4331 Resurrectio
1213 4276 1309 4329 cernis
1329 4281 1359 4331 et
