2834 5018
204 310 266 373 174
671 305 683 358 1
701 302 907 358 CLEMENTIS

201 480 336 564 Χριστὸς
366 481 477 543 καὶτὸ
507 489 628 563 πνεῦμα
651 480 685 542 τὸ
715 482 820 563 ἅγιον,
852 482 872 563 ἣ
894 502 929 544 τε
951 480 1051 556 πίστις
1082 481 1135 542 καί
1163 476 1295 561 ηέλπίς
1317 485 1377 540 τῶν

202 586 372 666 ἐκλεκτῶν,
395 588 441 649 ότι
457 585 475 648 ό
489 584 623 667 ποιήσας
638 583 672 649 ἐν
687 585 954 669 ταπεινοφροσύνῃ
970 583 1037 668 μετ’
1054 583 1196 658 ἐκτενοῦς
1212 581 1376 655 ἐπιεικείας

202 689 443 775 ἀμεταμελήτως
466 691 505 752 τὰ
520 689 580 753 ύπό
603 698 657 752 τοῦ
674 692 753 755 θεοῦ
769 689 919 773 δεδομένα
935 688 1131 772 δικαιώματα
1152 690 1206 751 καί
1223 686 1377 770 προστάγ-

200 817 300 880 ματα,
333 793 422 871 ούτος
452 793 671 879 ἐντεταγμένος
699 796 753 857 καί
783 794 947 878 ἐλλόγιμος
977 795 1063 858 ἔσται
1094 793 1137 869 εἰς
1159 794 1213 856 τὸν
1242 791 1376 874 ἀριθμόν

174 909 262 964 ττῶν
285 897 471 983 σωζομένων
493 898 545 962 διὰ
567 897 670 983 Ἰησοῦ
693 896 841 981 Χριστοῦ,
865 898 906 962 δι’
928 897 964 962 ού
987 897 1070 962 ἐστίν
1093 899 1178 980 αύτῷ
1200 895 1221 979 ἡ
1244 894 1321 973 δόξα
1336 894 1376 970 εἰς

200 1008 272 1080 τοὺς
295 1004 410 1078 αἰῶνας
433 1011 495 1067 τῶν
518 1001 650 1067 αἰώνων.
696 1003 787 1086 ἀμήν.

286 1110 367 1175 LIX.
391 1106 468 1171 Ἐὰν
498 1106 533 1170 δέ
564 1129 643 1183 τινες
674 1107 890 1192 ἀπειθησωσιν
922 1117 985 1184 τοῖς
1017 1107 1070 1170 ὑπ’
1102 1108 1197 1170 αὐτοῦ
1227 1103 1268 1168 δι’
1290 1103 1375 1188 ἡμῶν

200 1210 378 1298 εἰρημένοις,
401 1211 659 1297 γινωσκέτωσαν,
690 1215 736 1276 ότι
759 1211 961 1295 παραπτῶσει
984 1214 1037 1275 καί
1060 1209 1192 1293 κινδύνῳ
1216 1210 1252 1272 ού
1276 1215 1375 1291 μικρῷ

200 1317 330 1392 ἑαυτοὺς
353 1316 550 1400 ἐνδήσουσιν·
583 1321 612 1384 2.
636 1316 723 1401 ἡμεῖς
746 1318 781 1382 δέ
803 1319 906 1401 ἀθῷοι
936 1317 1079 1400 ἐσόμεθα
1101 1317 1164 1378 ἀπὸ
1186 1314 1302 1397 ταύτης
1323 1321 1375 1396 τῆς

162 1447 187 1484 ιο
201 1421 352 1504 ἁμαρτίας
375 1423 427 1485 καί
451 1421 648 1506 αἰτησόμεθα
671 1421 781 1507 ἐκτενῆ
803 1425 858 1505 την
882 1421 987 1507 δέησιν
1010 1423 1064 1485 καί
1088 1419 1207 1483 ἱκεσίαν
1230 1417 1376 1500 ποιούμε-

199 1547 264 1605 νοι,
294 1529 379 1601 όπως
401 1527 455 1590 τὸν
478 1526 613 1609 ἀριθμόν
636 1528 689 1590 τόν
711 1525 986 1612 κατηριθμημένον
1013 1533 1075 1588 τῶν
1099 1523 1258 1587 ἐκλεκτῶν
1282 1523 1374 1585 αύτοῦ

199 1629 231 1693 ἐν
254 1628 319 1713 ὅλῳ
342 1637 386 1712 τῷ
409 1630 518 1713 κόσμῳ
542 1628 717 1713 διαφυλαξη
739 1632 920 1712 ἄθραυστον
945 1629 962 1692 ό
985 1629 1170 1714 δημιουργὸς
1193 1635 1256 1691 τῶν
1279 1626 1375 1689 ἀποίν-

197 1755 260 1797 των
282 1734 333 1797 διὰ
356 1743 411 1797 τοῦ
433 1733 635 1818 ἐγγαττημένου
650 1734 760 1810 παιδὸς
783 1736 878 1798 αὐτοῦ
896 1734 999 1819 Ἰησοῦ
1015 1732 1163 1817 Χριστοῦ,
1188 1731 1229 1795 δι’
1252 1729 1290 1795 ού
1304 1730 1375 1793 ἐκοί-

198 1839 288 1903 λεσεν
316 1839 398 1925 ἡμᾶς
430 1842 493 1904 ἀπὸ
525 1839 656 1914 σκότους
679 1840 721 1914 είς
745 1850 825 1921 φῶς,
858 1840 920 1902 ἀπὸ
955 1839 1111 1923 ἀγνωσίας
1134 1837 1177 1913 εἰς
1211 1835 1375 1920 ἐπίγνωσιν

160 1969 184 2006 1s
198 1943 288 2028 δόξης
304 1944 455 2027 ὀνόματος
471 1945 576 2024 αὐτοῦ,
600 1948 630 2010 3.
655 1943 790 2023 ἐλπίζειν
807 1945 856 2007 ἐπί
879 1945 914 2006 τὸ
932 1944 1102 2028 ἀρχεγόνον
1126 1941 1229 2025 πάσης
1245 1940 1375 2013 κτίσεως

198 2049 296 2132 όνομοί
319 2070 386 2129 σου,
410 2048 533 2126 ἀνοίξας
555 2052 626 2124 τοὺς
648 2048 835 2132 ὀφθαλμοὺς
859 2058 913 2131 της
936 2048 1065 2131 καρδίας
1092 2046 1180 2129 ἡμῶν
1204 2045 1247 2120 εἰς
1270 2045 1306 2106 τό
1328 2064 1375 2126 γι-

197 2153 328 2217 νώσκειν
352 2174 388 2216 σε
402 2155 455 2216 τόν
479 2153 573 2236 μόνον
588 2157 736 2235 ὕψιστον
759 2155 797 2218 ἐν
812 2157 979 2234 ὑψίστοις,
1003 2154 1100 2236 ἅγιον
1115 2152 1154 2215 ἐν
1170 2153 1278 2233 ἁγίοις
1293 2150 1375 2214 ἀνα-

198 2259 410 2339 παυόμενον·
435 2258 489 2321 τὸν
504 2265 730 2323 ταπεινοῦντα
745 2261 844 2344 ὕβριν
861 2259 1105 2343 ὑπερηφάνων,
1121 2256 1175 2317 τὸν
1192 2253 1375 2319 διαλύοντα

267 2440 312 2503 314
328 2444 375 2496 καί
392 2441 639 2513 προστάγματα)
657 2442 675 2496 S
691 2441 727 2511 15
747 2441 883 2512 Ἰησοῦ>
903 2442 925 2495 L
946 2442 950 2510 Ι
973 2440 1180 2510 tarsaticum
1198 2437 1232 2499 Η,
1253 2435 1374 2490 adhibeo

198 2527 283 2580 etium
296 2527 325 2579 in
338 2527 391 2580 hoc
404 2528 529 2582 sectione
548 2528 781 2598 orthographiam
795 2529 901 2583 codicis
913 2531 938 2583 A
953 2529 959 2600 Ι
974 2528 990 2581 9
1007 2528 1167 2598 ἐνδησουσιν
1179 2525 1225 2579 Hs
1239 2543 1246 2576 ι
1259 2522 1375 2578 tradent

196 2613 384 2684 (ἐνδώσουσιν)
401 2616 423 2668 L
439 2618 443 2686 Ι
466 2618 496 2670 ll
516 2615 646 2683 αύτοῦ>
664 2615 685 2668 L
709 2616 714 2686 Ι
742 2616 773 2670 12
791 2611 954 2688 ἄθραυστον
969 2634 974 2667 :
989 2616 1022 2686 I·
1037 2614 1104 2669 deus
1123 2613 1144 2666 L
1169 2615 1173 2680 Ι
1200 2613 1232 2667 13
1251 2616 1377 2685 Χριστοῦ

196 2703 222 2756 Η
237 2722 243 2755 :
258 2704 290 2765 ÷
304 2712 354 2760 τοῦ
371 2707 469 2775 κυρίου
486 2705 565 2774 ἡμῶν
582 2703 623 2757 Ls
639 2704 643 2773 ]
661 2703 693 2757 16
712 2723 763 2760 σου
781 2703 807 2756 Η
819 2722 825 2755 :
838 2703 923 2760 αἰτοῦ
941 2702 990 2764 Ls,
1010 2698 1167 2774 -1-όίγιονθ
1184 2702 1188 2768 Ι
1205 2699 1238 2754 17
1257 2695 1377 2771 ύιμιστυν

197 2789 227 2848 ἐν
243 2789 290 2863 ύιμ.
305 2809 311 2844 :
326 2790 467 2845 excelsum
484 2791 514 2844 in
533 2790 651 2845 excelsis
670 2790 692 2844 L

196 2956 319 3009 formula
346 2955 511 3018 adhibetur,
539 2971 597 3022 quo
624 2972 680 3008 uno
707 2970 770 3007 cum
797 2953 973 3027 -ἀριθμόν
989 2953 1060 3023 κτλ]
1097 2952 1138 3006 01.
1158 2952 1186 3014 2,
1205 2952 1231 3004 4.
1269 2951 1376 3003 Auctor

194 3048 277 3114 patre
290 3043 363 3097 filius
383 3046 411 3096 et
423 3043 538 3112 spiritus
557 3046 672 3096 sanctus
683 3042 769 3095 testes
798 3042 1039 3097 constitutionum
1060 3056 1104 3109 op.
1124 3037 1245 3099 111Π,22
1264 3036 1374 3090 dicens:

195 3133 378 3195 invocantur,
407 3133 436 3184 et
455 3130 634 3185 sanctissimo
655 3130 769 3184 trinitas
796 3129 881 3201 ύτην
898 3138 949 3186 τοῦ
965 3131 1073 3196 κόσμου
1095 3127 1228 3184 σύστασιν
1252 3122 1296 3180 διὰ
1319 3129 1377 3179 τῶν

195 3221 311 3288 insuper
328 3217 545 3272 tundamentum
563 3218 629 3270 fidei
649 3218 695 3283 (cf.
708 3216 768 3287 Igu.
797 3215 1004 3289 ἐνεργουμένων
1021 3218 1245 3288 μαυερυποιὴσας
1260 3215 1309 3269 καί
1324 3211 1376 3267 τόν

196 3309 303 3376 Smyrn
324 3306 363 3369 10,
382 3307 410 3373 2)
429 3322 462 3359 oc
487 3307 548 3375 spei
565 3311 679 3361 nostroe
697 3307 768 3376 (Ign.
797 3304 920 3378 ἀριθμόν
938 3313 995 3360 τῶν
1007 3301 1144 3360 ἐκλεκτῶν
1162 3321 1215 3358 σου
1227 3298 1376 3371 διαφυλάτ-

195 3396 289 3466 Mogn.
310 3394 353 3463 11)
371 3393 538 3448 declaratur.
575 3391 710 3447 Similiter
729 3390 768 3443 di·
797 3412 861 3455 των,
879 3392 920 3455 60,
942 3395 954 3446 l
975 3408 1037 3444 cum
1062 3389 1197 3443 hocloco
1220 3385 1376 3442 coniunxit

196 3483 235 3537 cit
253 3479 385 3535 Ascensio
403 3480 512 3533 Iesoioc
532 3497 554 3533 c.
568 3483 591 3542 3,
607 3481 653 3535 13:
672 3482 704 3549 ζῇ
716 3478 769 3551 γὰρ
797 3509 830 3517 -
842 3482 924 3550 ηγιιπ.
935 3478 1041 3546 παιδός]
1052 3476 1094 3530 Cf.
1106 3476 1157 3529 Ies.
1168 3476 1209 3535 42,
1224 3477 1252 3535 1;
1271 3472 1375 3527 Mutth.

194 3568 322 3642 κύριοςύ
346 3570 415 3636 θεός
437 3589 494 3637 μου
517 3572 563 3624 καί
586 3566 602 3624 ό
628 3566 770 3638 ἀγαπητός
798 3565 838 3628 12,
862 3565 906 3623 18ς
926 3563 1007 3617 Mart.
1027 3562 1120 3630 Polyc.
1135 3562 1174 3624 14,
1190 3561 1212 3613 1.
1227 3562 1257 3622 3;
1278 3561 1374 3615 Const

194 3655 280 3713 αύτυῦ
298 3656 356 3722 voc
372 3659 419 3712 καί
443 3655 477 3711 τό
500 3663 608 3724 πνεῦμα
632 3652 769 3709 αὐτοῦτὸ
797 3667 839 3719 ap.
857 3650 929 3711 VIII,
942 3651 965 3703 5.
985 3650 1026 3704 39.
1045 3650 1086 3703 41.
1110 3681 1139 3690 -
1160 3647 1293 3706 ἐκάλεσεν
1303 3644 1375 3716 κτλ]

193 3748 296 3800 λαλοῦν
314 3741 344 3799 ἐν
362 3741 438 3812 ἐμοί,
463 3738 506 3797 ὅτι
523 3746 582 3797 κτλ.
601 3739 770 3806 (Zeitochrist
797 3738 838 3793 cf.
858 3737 872 3789 I
889 3736 962 3790 Petr.
982 3737 1005 3798 2,
1025 3738 1049 3790 9.

192 3831 241 3896 fit-r
263 3830 465 3896 ιυίεευιεαόσίίλ
493 3828 631 3896 Ίλεοίορίε
656 3824 723 3880 1818
740 3843 768 3895 p.
831 3826 854 3879 3.
875 3822 1003 3895 ἐλπίζειν]
1016 3822 1124 3892 pendet
1136 3822 1173 3875 ab
1185 3820 1324 3881 ἐκάλεσεν.
1346 3822 1377 3875 et

195 3917 265 3982 350).
293 3948 326 3955 —
353 3921 444 3985 πίστις
465 3917 535 3987 κτλ]
563 3913 713 3983 Appositio
733 3914 769 3967 od
797 3912 896 3964 auctor
914 3911 950 3964 ob
972 3909 1101 3964 oratione
1121 3907 1238 3977 obliquo
1255 3908 1294 3962 od
1312 3923 1375 3962 oro

195 4002 281 4054 verbo
298 4003 503 4071 praecedentia.
796 3998 904 4050 tionem
923 3999 1029 4050 rectum
1055 3995 1165 4050 transit
1204 3995 1246 4048 ef.
1266 3997 1329 4049 Act.
1352 3997 1374 4059 1,

230 4088 297 4149 LIX,
321 4087 525 4160 1.ύπάύτοῦ]
545 4107 582 4143 sc.
603 4097 652 4145 τοῦ
671 4094 749 4144 θεοῦ.
795 4088 828 4149 4;
849 4088 888 4148 11,
908 4085 938 4146 3ς
957 4084 998 4146 23,
1020 4086 1067 4145 22;
1086 4085 1150 4138 Luc.
1169 4085 1193 4147 5,
1214 4085 1262 4143 14;
1286 4081 1374 4135 (λειω.

230 4178 253 4229 2.
290 4176 391 4252 ἀθῷοι]
430 4177 471 4231 cf.
495 4178 545 4239 46,
570 4177 594 4229 3.
618 4177 650 4238 4;
686 4174 766 4227 Num.
795 4174 917 4242 Recogm
931 4172 978 4235 ΙΙΙ,
991 4173 1038 4234 32;
1057 4171 1117 4236 VII,
1130 4173 1178 4233 21;
1197 4170 1374 4237 Ps.·Dionyo.

195 4265 219 4326 5,
242 4263 282 4318 31.
795 4260 899 4314 Eccles.
918 4259 1056 4313 hierarch
1076 4257 1108 4322 V,
1127 4258 1151 4322 3,
1170 4260 1194 4312 5.
1214 4256 1376 4326 Bryennius
