2834 5018
414 653 464 707 AD
483 652 563 708 COR.
582 652 664 716 LVII,
685 653 831 717 l-LVIIL
850 654 875 706 2.
1170 661 1231 726 173

58 834 213 899 oedientia
237 833 357 899 subditi
379 837 480 896 estote
502 833 696 916 presbyteris
718 838 751 898 et
773 833 998 897 correctionem
1027 832 1177 917 suscipite
1199 835 1232 898 in

57 938 302 1023 paenitentiam,
336 958 440 1022 genua
462 937 603 1000 cordium
635 941 812 1002 vestrorum
840 937 1011 1002 flectentes.
1058 939 1087 1002 2.
1111 937 1232 1003 Discite

57 1044 170 1120 subici,
206 1044 399 1126 deponentes
421 1042 593 1125 gloriosam
625 1048 657 1106 et
678 1043 848 1125 superbam
869 1041 997 1126 linguae
1029 1047 1152 1107 vestrae
1175 1043 1231 1106 ad·

56 1148 253 1233 rogantium
286 1145 398 1210 melius
429 1147 513 1210 enim
543 1147 631 1211 vobis
662 1151 710 1210 est
736 1148 770 1210 in
793 1168 891 1232 grege
915 1146 1032 1212 Christi
1063 1170 1177 1231 parvos
1201 1153 1233 1212 et

57 1254 156 1317 bonae
181 1252 287 1316 famae
317 1251 463 1334 reperiri,
495 1274 591 1334 qnam
613 1251 706 1314 nimis
738 1251 939 1334 splendentes
968 1273 1024 1335 spe
1054 1251 1140 1316 illius
1163 1252 1258 1316 eicio

57 1358 84 1420 3.
111 1355 163 1420 Sic
189 1356 273 1419 enim
297 1356 374 1419 dicit
397 1356 553 1438 sapientia
576 1377 700 1418 omnem
723 1356 872 1419 virtutem
889 1354 1114 1439 complectens:
1139 1359 1233 1436 Ecce,

53 1464 231 1543 poserem
265 1463 356 1524 robis
389 1467 454 1524 mei
485 1467 625 1542 spiritus
657 1463 851 1540 titutionem,
883 1463 1004 1524 docebo
1035 1469 1145 1524 aretem
1176 1480 1234 1524 aas

58 1585 164 1629 merim
181 1584 377 1628 sermonem.
423 1565 452 1627 t.
481 1567 641 1641 Orientem
657 1568 824 1645 uocabam3
847 1574 880 1629 et
902 1585 967 1629 non
988 1568 1179 1645 obsedistis,
1202 1575 1234 1629 et

58 1671 276 1734 extendebam
299 1672 410 1748 rerba,
434 1678 466 1732 et
488 1690 553 1734 reon
577 1672 781 1749 attendistis,
802 1673 865 1733 setl
885 1676 986 1734 irrita
1006 1672 1141 1748 fecistis
1161 1690 1234 1734 mea

56 1778 218 1852 consilto,
248 1782 281 1837 et
308 1779 391 1836 areis
420 1778 702 1856 increpationibus
733 1777 876 1839 rebelles
903 1777 1040 1853 feristis·
1068 1781 1180 1856 itaque
1202 1784 1273 1839 et1o

59 1899 116 1957 epo
141 1886 255 1941 restra
273 1879 465 1958 perditione
486 1881 612 1958 ridebo,
632 1883 783 1958 paradebo
801 1889 921 1959 aretem,
943 1901 1016 1944 curn
1032 1886 1159 1944 uenerit
1181 1900 1233 1944 ro·

57 1985 107 2045 bis
123 1988 283 2045 interitus
307 1990 339 2045 et
355 1988 483 2062 quaties
498 1985 670 2047 arlaenerit
685 1987 776 2047 robis
790 1986 899 2048 sabito
917 1988 1087 2063 tunmltus,
1107 1991 1233 2048 erersto

57 2095 168 2150 orateur
191 2073 322 2150 sinrilis
334 2090 506 2167 procellae
529 2090 691 2168 adfuerit,
714 2093 767 2152 ael
787 2109 860 2152 curn
876 2095 1002 2152 verterit
1024 2091 1115 2152 robis
1131 2091 1233 2152 triba·

58 2195 139 2255 tutia
166 2200 199 2253 et
221 2197 403 2272 oppressio.
450 2192 478 2254 5.
505 2194 635 2256 Etenim
667 2213 739 2256 crim
769 2196 964 2257 invocabitis
986 2213 1054 2272 me,
1087 2213 1145 2272 epo
1168 2213 1234 2257 raon

59 2299 240 2361 exaudiam.
264 2316 339 2375 ros;
361 2306 521 2376 quaerent
543 2317 595 2360 me
617 2302 710 2376 rnali,
733 2307 766 2361 et
788 2318 853 2361 non
877 2304 1051 2362 invenient.
1089 2298 1235 2362 Oderunt
1249 2318 1274 2354 ιδ

60 2407 147 2465 enirn
171 2407 393 2482 saprientianr,
425 2408 576 2465 timorem
600 2411 710 2466 autern
740 2405 866 2466 doniini
894 2422 959 2466 nan
991 2404 1235 2480 adsarnserurrt,

58 2526 164 2586 neque
188 2508 341 2568 calebant
363 2512 446 2569 erreis
469 2509 642 2570 attendere
663 2509 815 2570 consiliis
821 2529 835 2587 ‚·
856 2509 1106 2570 subsannabant
1125 2514 1235 2568 autera

59 2631 153 2674 meas
177 2612 441 2689 reclarputiones.
488 2611 516 2673 6.
541 2613 630 2690 Erpa
654 2614 824 2675 comedent
846 2618 919 2675 riae
933 2631 1015 2675 suae
1035 2614 1180 2690 fruetus,
1204 2620 1236 2674 et

58 2735 120 2779 crea
145 2721 294 2796 ipsorum
311 2720 480 2795 impietate
495 2718 745 2779 saturabuntur.
793 2716 821 2779 7.
845 2719 1028 2798 Propterea
1048 2721 1134 2779 eninr
1151 2718 1239 2796 quoti

58 2825 186 2883 iniuria
211 2822 408 2899 [adiciebant
425 2823 604 2901 parrulos,
636 2823 843 2900 occidentur,
867 2829 899 2885 et
922 2827 1093 2902 inquisitio
1116 2827 1237 2903 impios
1251 2843 1275 2878 a

56 2927 196 3006 perelet;
220 2931 275 3005 qai
298 2934 408 2988 aratern
432 2944 484 2987 rne
499 2927 655 3004 audierit,
678 2931 862 3005 requiescet
884 2931 919 2989 ia
941 2945 1000 3007 spe
1022 2929 1187 3006 confidens
1205 2934 1237 2989 et

60 3033 244 3109 tranquille
266 3036 350 3093 siret
371 3032 498 3092 revellunt
522 3032 645 3092 rrralnnr
670 3036 799 3093 timens.

147 3132 260 3198 LVIII.
287 3133 498 3198 Oboediamus
522 3134 620 3218 igitur
648 3134 768 3197 nomini
791 3133 857 3196 eius
887 3135 1085 3199 sanctissimo
1109 3138 1141 3197 et
1163 3134 1235 3218 glo·

57 3238 143 3301 rioso
168 3238 327 3323 fugientes
350 3238 460 3311 minae,
486 3260 564 3321 equas
587 3237 745 3320 sapientia
766 3237 1041 3303 inoboedientibus
1068 3237 1234 3321 praedixit,

56 3348 94 3406 ut
116 3343 298 3406 habitemus
310 3343 501 3407 confidentes
523 3343 666 3427 piissimo
683 3342 857 3406 maiestatis
874 3341 941 3406 eius
956 3341 1090 3405 nomine
1115 3343 1144 3404 2.
1169 3342 1234 3406 Ac·
1249 3364 1274 3400 a

58 3447 155 3530 cipite
179 3446 344 3510 consilium
366 3451 525 3525 nostrum,
555 3469 613 3511 nec
635 3447 811 3531 paenitebit
831 3467 896 3510 voe.
944 3445 1032 3510 Sicut
1055 3446 1138 3509 enim
1160 3446 1236 3509 deus

127 3598 244 3652 6Prov.
266 3600 287 3661 1,
307 3599 417 3654 23-33.

57 3738 245 3794 dominicam:
274 3745 319 3798 ool
347 3739 492 3810 ἐκλίναμεν
516 3743 567 3798 τὸν
590 3741 650 3831 abel
698 3738 797 3801 LVIII,
825 3739 846 3793 1.
883 3738 1152 3810 κατασκηνώσωμεν]
1194 3738 1235 3791 of.

54 3827 124 3900 χένα
149 3835 207 3883 τῶν
229 3835 327 3899 ψυχῶν
347 3831 393 3883 καὶ
419 3835 476 3884 τῶν
497 3828 636 3897 σωμάτων
662 3828 742 3881 Prov.
763 3828 786 3890 1,
806 3827 853 3888 33;
872 3828 916 3881 Ps.
939 3828 977 3889 15,
997 3827 1026 3887 9;
1045 3826 1087 3890 90,
1109 3828 1130 3880 1.

58 3917 146 3985 ἡμῶν.
696 3916 720 3968 2.
740 3914 825 3968 Basil
850 3914 887 3967 M.
912 3915 954 3969 De
980 3914 1070 3983 spirit.
1096 3916 1194 3967 sancto
1215 3930 1236 3966 c.

93 4002 117 4056 3.
138 4002 296 4073 πανάρετος
307 4000 404 4071 eopia]
424 4000 466 4055 cf.
479 4000 542 4055 Eue.
558 4002 590 4055 H.
603 4000 634 4055 E.
662 3996 1235 4074 29θά.Βθηε(1.ΙΠ,61(ζῇγάρ-ἅγιον1.

57 4088 105 4149 IV,
125 4089 167 4145 22,
188 4090 218 4149 8;
247 4088 332 4142 Clcm.
352 4089 395 4140 Al.
421 4088 523 4142 Strom.
542 4089 573 4152 Π,
593 4090 634 4152 22,
662 4120 697 4127 -
713 4092 746 4159 ζῇ
763 4089 834 4159 ert]
855 4089 981 4143 Clemens
1007 4089 1052 4142 hic
1076 4088 1161 4142 etiam
1179 4104 1236 4140 rna·

60 4177 109 4231 136
119 4193 147 4245 p.
159 4176 224 4237 501;
236 4174 358 4245 Paedag.
369 4176 401 4236 Π,
410 4177 433 4238 2,
442 4178 475 4231 27
485 4194 511 4245 p.
523 4176 634 4231 tenete.
663 4176 705 4246 gis
724 4176 873 4245 perspicue
893 4192 978 4243 quam
996 4177 1038 4239 46,
1057 4177 1074 4231 6
1092 4174 1176 4229 fidem
1187 4175 1236 4229 tri·

93 4266 117 4317 7.
138 4261 295 4331 πεποιθώς]
314 4261 635 4316 Hoeverbuminlibris
663 4263 762 4317 nitatis
780 4263 934 4332 profitetur.
973 4261 1034 4316 Duo
1058 4262 1236 4332 potissimum

57 4350 172 4405 biblieis
191 4348 445 4418 praestantioribus
465 4349 544 4403 Prot.
566 4353 587 4412 1,
602 4350 635 4405 33
663 4349 867 4405 consideranda
886 4354 961 4404 sunt.
999 4351 1072 4403 Loco
1085 4348 1237 4403 iuramenti

58 4437 140 4492 deest
159 4441 189 4491 et
216 4454 233 4489 a
251 4437 395 4491 Clemente
419 4435 557 4490 insertum
575 4454 635 4491 esee
662 4437 695 4491 V.
715 4437 762 4493 T.:
781 4441 814 4508 ζῇ
831 4436 926 4508 κύριος
943 4432 987 4493 ὅτι
1005 4436 1028 4505 (Ι
1047 4436 1116 4504 Reg.
1139 4436 1177 4493 14,
1189 4434 1236 4495 39;

56 4524 179 4579 videtur.
218 4523 259 4578 Cf.
279 4524 327 4588 58,
349 4527 376 4585 13
414 4523 512 4576 Sirach
530 4526 562 4587 4,
590 4526 635 4586 15;
663 4525 704 4589 20,
723 4524 754 4585 3;
781 4525 822 4586 26,
845 4524 890 4584 16;
917 4524 959 4587 29,
978 4523 994 4577 6
1013 4523 1048 4577 cl.
1070 4523 1109 4584 14,
1128 4523 1176 4585 45;
1198 4523 1236 4585 19,

57 4612 145 4668 Clem.
166 4610 210 4665 ΑΙ.
230 4611 332 4665 Strom.
348 4610 382 4673 Il,
402 4611 442 4673 22,
464 4610 513 4665 136
530 4628 556 4680 p.
576 4611 635 4668 501.
663 4612 693 4674 6;
712 4609 792 4664 Num
814 4612 852 4673 14,
872 4611 913 4665 21.
932 4610 980 4673 28;
999 4609 1237 4678 sathanae.)
