2834 5018
181 309 244 373 352
582 299 961 356 PAPIAEFRAGMENTA

268 481 339 553 τοὺς
368 485 430 540 τῶν
462 476 679 562 πρεσβυτέρων
711 475 871 558 ἀνέκρινον
900 475 1032 559 λόγους·
1067 475 1095 538 τί
1119 474 1268 557 Ἀνδρέας
1294 477 1315 558 ἡ
1338 475 1368 538 τί

269 580 384 664 Πέτρος
419 579 504 645 εἶπεν
528 583 548 665 ἢ
571 580 599 645 τέ
632 581 832 664 Φίλιπποςη
861 581 890 645 τέ
920 580 1080 665 Θωμᾶςῆ
1110 580 1262 667 Ἰάκωβος
1294 581 1367 664 itti

269 686 416 772 Ἰωάννης
440 685 648 770 ηΜατδαῐος
669 686 689 768 ἠ
712 707 757 761 τις
780 686 882 767 ἕτερος
905 694 967 749 τῶν
990 695 1045 748 τοῦ
1068 684 1175 767 κυρίου
1199 688 1364 770 μαθητῶν,

269 793 346 854 άτε
369 789 532 873 Ἀριστίων
570 792 624 854 καὶ
647 791 664 854 δ
687 789 892 875 πρεσβύτερος
914 787 1080 873 Ἰωάννης,
1113 789 1142 852 οἱ
1170 798 1225 852 τοῦ
1257 788 1365 871 κυρίου

215 949 241 1001 4.
260 948 324 1014 τοὺς
345 968 368 1003 τ.
387 966 433 1018 πρ.
460 944 550 1019 άνέκρ.
570 947 681 1019 λόγους]
707 946 758 999 Lo·
787 945 885 999 eadem
904 961 972 1007 esse,
992 961 1065 1011 quae
1078 942 1205 997 Andreas
1224 947 1254 997 et
1264 943 1364 998 Petnis

182 1052 246 1088 cum
264 1034 397 1103 opinione
412 1051 468 1088 non
484 1032 683 1102 praeiudicata
695 1050 758 1086 oon·
787 1031 925 1086 dixerunt.
964 1031 1070 1085 Locum
1089 1030 1364 1099 itaintellegendum

182 1122 354 1175 siderantsm
378 1119 456 1173 haud
478 1124 508 1174 te
535 1121 640 1190 fugiet,
665 1120 759 1174 verbis
786 1134 847 1172 esse
873 1119 960 1172 etiam
977 1117 1115 1172 Eusebius
1140 1116 1260 1186 probat,
1288 1117 1365 1171 infra

182 1212 209 1264 τέ
226 1204 360 1279 Ἀνδρέας
377 1213 435 1264 κτλ,
453 1209 539 1262 verba
557 1207 623 1274 τοὺς
635 1228 658 1263 τ.
676 1227 758 1281 πρεσ-
786 1225 811 1259 v.
826 1210 840 1261 7
860 1206 994 1261 distincte
1007 1205 1110 1268 dicens,
1124 1203 1245 1273 Papiam
1257 1209 1363 1272 aposto

181 1293 305 1367 βντέρων
323 1296 424 1366 λόγους
441 1294 602 1349 accuratius
615 1294 758 1364 explicari,
786 1295 874 1348 lorum
892 1293 969 1346 dicta
988 1293 1024 1346 ab
1043 1292 1085 1355 iis,
1105 1291 1155 1359 qui
1174 1308 1238 1344 cum
1251 1293 1363 1359 aposto

182 1381 225 1434 ita
242 1384 273 1434 ut
291 1396 359 1434 voce
374 1382 556 1455 πρεσβύτεροι
569 1381 692 1450 apostoli
705 1381 758 1452 sig·
785 1377 821 1432 lis
839 1380 945 1433 versati
963 1380 1077 1443 fuerint,
1097 1395 1126 1432 se
1140 1378 1283 1446 accepisse
1301 1394 1364 1446 pro·

182 1467 339 1531 nificentur,
359 1484 451 1535 neque
469 1484 535 1522 vero
555 1468 679 1537 apostoli
697 1471 759 1522 tan-
786 1464 871 1528 fiteri,
891 1471 919 1520 et
929 1466 1052 1528 Rufinus,
1063 1480 1144 1518 versu
1154 1465 1272 1518 ineunte
1281 1463 1311 1532 (l.
1324 1465 1363 1527 14)

182 1556 258 1617 tum,
287 1554 337 1608 sed
365 1572 460 1609 omnes
487 1554 620 1624 discipuli
637 1554 758 1618 Domini,
786 1570 884 1606 vocem
910 1552 1107 1626 πρεσβυτέροις
1133 1567 1202 1605 voce
1229 1552 1363 1620 apostolos

182 1639 260 1693 velut
284 1641 422 1704 Aristion,
452 1646 589 1709 tanquam
616 1641 759 1696 veterrimi
786 1640 913 1693 reddens.
963 1640 1114 1693 Praeterea
1142 1637 1257 1707 patroni
1289 1637 1362 1691 illius

182 1725 326 1796 religionis
340 1728 511 1783 christianae
526 1732 622 1784 testes.
659 1729 758 1797 ltaque
786 1726 1029 1797 interpretationis
1049 1727 1157 1788 dicant,
1183 1741 1234 1778 cur
1252 1725 1362 1793 Papias,

182 1832 236 1868 vox
262 1814 450 1888 πρεσβύτερος
476 1815 523 1868 hic
550 1832 608 1869 non
635 1815 759 1869 officium
787 1814 929 1883 cumipse
956 1814 1043 1867 fuerit
1068 1813 1215 1882 presbyter
1243 1812 1290 1866 vel
1309 1811 1363 1881 epi·

182 1902 229 1954 vel
242 1901 419 1970 dignitatem,
433 1900 483 1954 sed
497 1903 619 1956 aetatem
632 1901 757 1955 denotat.
787 1917 902 1969 scopus,
930 1903 1041 1954 tantam
1060 1915 1176 1969 operam
1196 1898 1315 1962 dederit,
1334 1901 1362 1951 ut

183 1987 319 2042 Similiter
339 1986 469 2042 Irenaeus
483 1986 528 2050 IV,
541 1989 582 2051 32,
597 1992 625 2050 1;
646 1987 678 2051 V,
692 1990 715 2052 5,
731 1992 758 2050 1;
787 1992 940 2058 cognoscat
973 2004 1021 2050 ea,
1057 2003 1129 2054 quae
1164 1984 1364 2056 discipuli

183 2077 225 2137 33,
238 2078 268 2137 3;
287 2075 327 2138 36,
342 2075 364 2126 1.
378 2076 394 2127 2
414 2092 481 2128 voce
493 2075 591 2137 utitur,
605 2074 661 2128 nisi
674 2075 757 2142 quod,
786 2075 1013 2144 presbyterorum
1037 2075 1072 2128 de
1092 2073 1231 2144 apostolis
1255 2089 1363 2142 compe

184 2179 247 2215 cum
266 2162 302 2215 sit
321 2162 502 2232 generatione
514 2162 655 2231 posterior
674 2178 759 2229 quam
786 2162 906 2215 rerant‘?
926 2192 958 2201 -
973 2162 1104 2234 Ἀνδρέας
1115 2161 1186 2231 κτλ]
1202 2161 1246 2215 De
1259 2161 1362 2219 ordine,

184 2248 304 2317 Papias,
330 2252 465 2302 nontam
484 2249 645 2318 apostolos,
674 2266 758 2316 quam
787 2266 870 2316 quern
889 2247 993 2319 singuli
1013 2249 1136 2318 apostoli
1160 2248 1207 2302 bic
1227 2249 1363 2310 obtinent,

184 2336 376 2404 apostolorum
403 2334 555 2404 discipulos
580 2335 625 2390 vel
644 2352 758 2405 genera-
788 2336 836 2390 alii
855 2337 938 2391 aliter
955 2335 1156 2389 iudicaverunt.
1195 2336 1267 2390 Cum
1286 2340 1363 2403 quat

183 2423 291 2476 tionem
304 2421 528 2476 Christianorum
541 2422 659 2476 alteram
676 2443 758 2496 apso·
787 2427 851 2478 tuor
868 2424 976 2492 priores
996 2421 1094 2477 eodem
1114 2423 1213 2476 ordine
1232 2421 1263 2475 in
1275 2421 1363 2477 Eran-

183 2508 316 2582 βυτέρους
333 2524 383 2562 seu
401 2508 526 2562 seniores
548 2511 684 2578 appellat.
717 2511 758 2565 Cf.
788 2510 861 2580 gelio
880 2510 993 2563 loannis
1013 2513 1179 2579 appareant,
1201 2511 1224 2575 1,
1243 2511 1363 2564 40-45:

185 2595 272 2649 etiam
289 2595 452 2664 Philosoph.
472 2594 517 2659 Vl,
538 2598 579 2651 42.
599 2599 633 2651 55
658 2596 686 2666 (δ
709 2619 759 2666 μα·
787 2597 928 2660 Andreas,
948 2598 1062 2659 Petrus,
1081 2595 1244 2665 Philippus;
1266 2600 1306 2660 ll,
1321 2598 1365 2651 16:

183 2682 280 2754 κάρτος
297 2684 484 2756 πρεσβύτερος
504 2683 672 2756 alsaciam
696 2682 758 2737 llus.
788 2684 925 2743 Thomas,
943 2682 1073 2751 Papiam,
1100 2683 1123 2735 si
1142 2686 1251 2737 certum
1277 2683 1365 2739 eonsi-

184 2767 218 2823 Η.
238 2768 268 2822 Ε.
286 2769 333 2833 ΙΙΙ,
353 2772 376 2833 3,
397 2770 426 2831 1;
452 2770 484 2832 V,
504 2770 528 2832 8,
550 2773 576 2832 1;
604 2771 650 2834 VI,
671 2773 710 2834 13,
730 2772 759 2834 6;
787 2769 856 2822 lium
875 2774 988 2824 secutus
1010 2772 1065 2832 est,
1090 2769 1168 2823 illam
1194 2771 1365 2840 scripturam

187 2857 226 2909 14.
271 2857 363 2911 Aliter
387 2858 480 2911 locum
514 2857 621 2926 primus
651 2858 760 2913 Llltzel-
787 2858 943 2925 respexisse
971 2856 1097 2910 conicere
1125 2857 1200 2910 licet.
1228 2889 1264 2897 -
1292 2853 1367 2915 εἶπεν

185 2943 285 3012 berger
316 2944 382 3011 (Die
409 2945 501 2998 la‘rcbl.
530 2946 673 2999 tradition
696 2947 761 3000 iiber
854 2943 991 3015 λέγουσιν]
1010 2942 1211 2998 Animadverte
1237 2944 1366 2998 differen-

185 3031 655 3101 derrApostelJoboaacsetc.1840)
675 3032 759 3086 inter·
786 3030 857 3084 tiam
875 3033 1042 3099 temporum.
1079 3030 1239 3101 Distinguit
1264 3030 1366 3101 Papias

185 3118 314 3185 pretatus
333 3133 393 3171 esse
412 3117 534 3181 videtur,
561 3134 644 3184 quem
666 3134 760 3172 recen·
787 3118 857 3170 duas
885 3117 1089 3186 discipulorum
1112 3117 1228 3172 Domini
1253 3117 1365 3173 classes.

185 3204 295 3258 tissime
313 3206 442 3272 tempore
460 3205 555 3272 plures
575 3205 666 3259 secuti
686 3209 758 3259 sunt.
787 3204 859 3269 Alii,
889 3221 952 3257 cum
976 3221 1073 3258 eorum
1093 3204 1170 3258 dicta
1198 3207 1366 3274 exquireret,

185 3290 382 3344 Weiffenbach
400 3290 419 3353 Ι,
440 3291 472 3344 27
491 3307 551 3358 sqq.
578 3291 612 3344 65
630 3307 707 3358 sqq.;
726 3292 758 3354 ΙΙ,
787 3291 844 3344 iam
862 3291 983 3353 mortui,
1012 3291 1062 3344 alii
1080 3292 1173 3346 adhuc
1191 3292 1270 3347 inter
1288 3294 1365 3347 vivos

185 3377 236 3431 345
250 3394 311 3445 sqq.
330 3376 460 3445 inprimis
473 3378 538 3445 τοὺς
555 3378 760 3452 πρεσβυτέρους
788 3382 876 3432 erant.
895 3377 1012 3431 Rufinus
1032 3377 1146 3444 quidem
1159 3379 1291 3452 λέγουσιν
1310 3396 1366 3434 rer·

186 3462 615 3535 interpretatorestpresbytcros
625 3482 760 3534 seuprae-
786 3465 836 3519 tit:
851 3465 991 3529 dicebant,
1002 3465 1191 3534 Hieronymus
1201 3465 1248 3530 (cf.
1257 3468 1366 3536 Fragor

185 3549 260 3603 sides
278 3550 457 3604 ecelesiarum
478 3555 506 3606 et
525 3551 590 3617 τοὺς
608 3560 665 3607 τῶν
678 3572 761 3625 πρεο-
787 3551 863 3620 XV):
881 3550 1077 3618 loquebantur.
1114 3554 1153 3606 At
1170 3554 1265 3606 minus
1285 3555 1367 3614 recte,

185 3636 308 3708 βυτέρων
326 3640 427 3710 λόγους
448 3640 523 3692 dicto
542 3640 761 3707 presbyterorum
787 3640 819 3691 ut
836 3639 956 3693 videtur.
968 3670 1003 3678 —
1016 3639 1160 3712 Ἰάκωβος]
1180 3639 1243 3693 Hoc
1255 3640 1367 3695 nomine

186 3723 218 3776 de
235 3725 280 3786 iis,
300 3741 372 3790 quae
391 3725 545 3778 docuerunt
558 3724 687 3793 apostoli.
723 3727 761 3779 At
787 3726 967 3780 hauddubie
992 3744 1047 3781 non
1066 3726 1184 3780 Iacobus
1211 3728 1304 3782 maior
1325 3726 1368 3781 rel

187 3809 211 3862 si
224 3810 328 3879 Papias
339 3811 409 3865 haec
428 3811 520 3864 dicere
533 3810 631 3871 voluit,
651 3811 677 3865 ei
696 3811 760 3865 scri·
788 3814 862 3867 filius
876 3813 1011 3867 Zebedaei
1025 3829 1058 3866 ac
1071 3812 1161 3866 frater
1173 3814 1299 3875 Ioannis,
1312 3816 1368 3868 ium

187 3896 310 3950 bendum
346 3902 421 3951 erat:
457 3898 522 3964 τοὺς
557 3897 762 3971 πρεσβυτέρους
789 3916 862 3953 anno
881 3900 915 3954 43
933 3901 1026 3953 ve144
1043 3904 1177 3962 mortuus,
1192 3901 1367 3972 designatur,

187 3981 343 4053 ἀνέκρινονΙ
358 3989 384 4040 τί
393 3984 526 4057 Ἀνδρέας
537 3991 596 4041 κτλ.
616 3984 761 4039 Scribens:
789 4003 880 4054 neque
890 3988 1009 4041 Iacobus
1021 3987 1120 4047 minor,
1135 3985 1240 4055 dequo
1254 3991 1369 4057 praeter

187 4069 251 4137 τοὺς
269 4078 326 4126 τῶν
343 4072 539 4145 πρεσβυτέρων
557 4071 701 4144 ἀνέκρινον
718 4076 761 4130 λό-
789 4091 892 4128 nomen
919 4073 989 4127 nihil
1017 4078 1192 4142 compertum
1221 4073 1368 4131 habemus.

187 4175 265 4226 γους·
285 4160 312 4213 τί
330 4156 461 4230 Ἀνδρέας
479 4160 495 4229 ἢ
514 4163 541 4215 τί
560 4158 666 4230 Πέτρος
678 4155 762 4224 εἶπεν,
789 4162 813 4213 si
832 4161 904 4214 alius
923 4165 966 4215 est
991 4178 1024 4214 ac
1043 4159 1160 4214 lacobus
1187 4160 1295 4225 ,frater
1314 4160 1368 4214 Do-

188 4244 261 4295 clare
280 4242 403 4307 indicat,
432 4245 509 4300 dicta
535 4247 763 4316 presbyterorum
789 4247 874 4300 mini“
895 4252 923 4301 et
936 4247 1084 4316 episcopus
1097 4244 1367 4315 Hierosolymorum,
