2834 5018
114 281 279 349 LXXXIV
564 272 848 330 esonseousus.

117 455 374 540 Cantabrigiensi
402 458 562 538 repererat
583 457 615 518 et
637 454 727 519 annis
755 454 877 518 duobus
910 458 984 518 ante
1004 454 1124 538 publici
1145 455 1224 518 iuris
1246 455 1294 518 fe·

119 562 213 627 cerat.
260 559 341 624 Vide
363 581 460 643 supra
474 582 505 642 p.
522 557 648 622 LXVII.
681 558 828 632 Textum,
854 579 949 643 quem
965 558 1118 637 exhibuit,
1142 561 1294 624 recuden-

116 668 192 731 dum
222 668 410 731 curavenmt
440 662 465 727 Ι.
489 662 611 728 Ussher
633 686 660 727 a.
688 664 805 741 1647¹‚
835 662 860 726 I.
886 661 923 726 B.
948 661 1122 727 Cotelerius
1147 685 1174 727 a.
1202 665 1293 743 1672,

115 770 139 835 I.
165 769 304 835 Clericus
327 792 354 832 a.
381 768 474 845 1698,
500 766 558 832 Th.
583 766 827 853 1111311699.
874 767 1056 851 Epistulam
1079 769 1119 832 ad
1133 768 1295 834 Romanos

115 877 198 941 Voss
214 897 231 939 e
245 875 425 939 recensione
439 872 583 957 longiore
599 873 827 957 desumpserat.
875 872 1014 937 Textum
1031 874 1296 956 praestantiorem

116 981 176 1044 Tb.
201 980 338 1044 Ruinart
367 979 401 1042 in
431 978 537 1042 codice
569 976 750 1042 Golbertino
780 978 845 1042 460
880 976 977 1059 (nunc
1004 977 1038 1041 in
1068 1000 1187 1064 magna
1217 978 1293 1044 bibl.

116 1085 287 1150 Parisiensi
311 1084 408 1166 1451)
431 1083 548 1167 reperit
570 1086 602 1146 et
625 1105 653 1146 1.
679 1082 764 1147 1689
785 1079 997 1166 publicavit’.

204 1187 284 1252 Cum
307 1189 419 1266 editio,
453 1209 549 1272 quam
570 1186 653 1251 Voss
676 1187 816 1270 paravit,
848 1186 993 1271 pluribus
1022 1187 1181 1252 erroribus
1204 1188 1295 1254 labo·

116 1298 210 1371 raret,
235 1293 323 1358 brevi
353 1293 408 1357 alii
430 1293 490 1356 viri
521 1292 606 1356 docti
637 1292 776 1357 codicem
799 1292 976 1356 Mediceum
1006 1295 1061 1355 aut
1084 1291 1294 1371 contulerunt,

117 1404 153 1463 ut
173 1397 199 1462 l.
222 1397 375 1482 Ledgard,
401 1401 457 1461 aut
480 1398 720 1481 descripserunt,
744 1403 780 1462 ut
803 1396 842 1460 A.
867 1397 910 1461 M.
929 1395 1085 1461 Salvinus.
1132 1396 1194 1461 Hic
1216 1419 1295 1481 apo·

117 1503 263 1588 graphon
295 1525 323 1566 a.
350 1503 433 1565 1707
463 1506 628 1566 exaratum
657 1503 691 1567 in
714 1501 867 1587 Angliam
897 1501 1073 1566 transmisit
1103 1506 1134 1566 et
1164 1500 1295 1567 Carolus

117 1606 250 1672 Aldrich
273 1630 301 1670 a.
327 1607 411 1670 1708
440 1608 526 1690 typis
556 1607 711 1690 expressit
720 1605 743 1670 ³.
789 1606 848 1670 Ille
872 1608 999 1691 quidem
1022 1629 1055 1671 se
1079 1607 1217 1671 codicem
1241 1630 1295 1671 ex·

118 1715 187 1775 acte
208 1709 407 1795 fideliterque
430 1711 632 1794 descripsisse
655 1711 825 1776 contendit.
872 1711 981 1775 Editio
1003 1710 1210 1775 nihilominus
1232 1734 1296 1776 non

119 1816 186 1880 sine
217 1815 303 1880 vitiis
333 1819 390 1879 est.
436 1815 549 1880 Denuo
581 1816 736 1899 epistulas
768 1837 851 1880 anno
879 1816 1023 1900 sequenti
1051 1815 1110 1880 Th.
1136 1816 1241 1882 Smith
1263 1818 1296 1882 in

117 1922 282 2005 publicum
313 1920 427 1997 emisit,
460 1921 597 1985 adiciens
626 1920 861 1997 adnotationes,
895 1942 974 2003 quas
1005 1919 1030 1984 l.
1056 1920 1197 1986 Pearson
1219 1923 1295 1987 reli·

118 2030 239 2109 querat,
264 2029 296 2089 et
317 2025 448 2089 schedas
470 2026 650 2109 complexas
672 2026 842 2090 ranetates
864 2025 1024 2102 lectionis,
1050 2047 1130 2109 quas
1152 2026 1296 2113 Ledgard

117 2129 204 2193 illius
234 2134 348 2212 rogatu
378 2151 394 2193 e
425 2129 594 2193 collatione
625 2127 771 2192 editionis
801 2126 976 2192 Vossianae
1006 2126 1084 2192 olim
1114 2127 1296 2196 Florentiae

118 2237 373 2317 comparaverat,
403 2238 435 2296 et
464 2232 683 2297 adnotationes
712 2231 839 2295 criticas
871 2235 902 2295 11
933 2232 1112 2315 exegeticus
1147 2255 1166 2297 a
1198 2239 1296 2299 semet

117 2338 187 2421 ipso
210 2337 342 2402 1111114.
389 2336 525 2401 Textum
556 2358 594 2400 ex
617 2335 758 2399 omnium
789 2336 964 2399 editionum
987 2335 1155 2400 collatione
1188 2359 1295 2403 emen·

117 2443 227 2506 datum
251 2465 278 2506 1.
298 2441 381 2505 1746
404 2442 547 2527 vulgavit
562 2441 599 2504 R.
618 2439 741 2504 Russel.
788 2439 854 2503 Alii
876 2438 960 2502 hunc
974 2439 1025 2503 vel
1046 2439 1138 2504 illum
1153 2443 1296 2525 priorum

117 2551 263 2611 textuum
284 2547 390 2610 recudi
411 2546 584 2610 iusserunt:
608 2544 680 2609 Gul.
697 2544 849 2608 Whiston
873 2567 900 2607 a.
920 2544 1002 2608 1711
1020 2544 1295 2627 Aldrichianum⁶,

118 2649 158 2713 A.
183 2648 330 2714 Gallandi
353 2673 380 2713 a.
407 2650 491 2714 1765
515 2648 742 2725 Smithianum,
775 2646 799 2711 I.
824 2645 856 2711 6.
882 2646 976 2711 Thilo
1000 2671 1027 2712 1.
1054 2651 1136 2714 1821
1162 2650 1296 2718 Vossia-

117 2754 224 2819 nnm⁶.
274 2753 299 2818 Ι.
329 2754 362 2818 L.
393 2753 475 2836 Frey
506 2753 675 2817 editionem
708 2751 918 2816 Smithianam
947 2752 1108 2838 integram
1139 2756 1243 2821 denuo
1267 2781 1295 2822 a.

119 2860 203 2923 1741
227 2859 483 2942 repraesentavit.
531 2857 734 2921 Homemann
757 2878 784 2919 a.
811 2856 894 2919 1829
927 2857 1097 2940 epistulam
1127 2860 1168 2924 ad
1198 2861 1295 2946 Poly·

119 2986 250 3047 carpum
272 2985 310 3026 ex
332 2963 512 3027 recensione
534 2961 678 3045 longiore
701 2960 799 3025 edidit
822 2966 854 3024 et
877 2961 1031 3046 epistulas
1055 2966 1095 3028 ad
1111 2964 1297 3050 Magnesios

119 3073 151 3133 11
173 3067 455 3150 Philadelphenses
477 3066 604 3148 penitus
627 3063 764 3128 omisit⁷.

120 3174 374 3271 *iffae
391 3201 548 3272 ignatiana.
585 3200 713 3255 consini.

189 3292 205 3344 2
224 3290 297 3343 Acta
313 3288 467 3358 primorum
485 3291 640 3356 martyrum
658 3288 776 3341 sincera.

190 3378 206 3432 3
224 3377 250 3431 S.
270 3376 399 3445 martyris
418 3375 523 3447 Ignatii
540 3374 740 3430 Antiochensis
759 3374 899 3443 epistolae
919 3377 1027 3442 septem
1047 3376 1200 3444 genuinae,
1227 3395 1297 3445 quas

119 3464 250 3518 nimirum
274 3463 389 3532 collegit
408 3463 434 3518 S.
453 3462 626 3532 Polycarpus
652 3477 775 3529 suaeque
795 3460 833 3514 ad
850 3460 1048 3530 Philippenses
1074 3463 1213 3531 epistolae
1235 3467 1296 3520 sub·

121 3551 195 3607 iecit.
233 3550 343 3606 Oxonii.

189 3638 250 3693 48.
269 3636 375 3708 ignatii
394 3653 456 3707 epp.
477 3637 633 3706 genuinae,
656 3636 735 3690 iuxta
754 3636 896 3705 exemplar
917 3635 1074 3691 Mediceum
1092 3638 1184 3692 denuo
1203 3655 1297 3694 recen·

120 3727 198 3791 sitae,
219 3742 356 3779 unacum
373 3725 463 3778 veteri
480 3725 572 3778 latina
590 3725 719 3778 versione
738 3728 790 3778 etc.
829 3723 930 3778 Osonii
951 3725 1027 3779 1709.

191 3814 367 3868 tremisce
398 3812 578 3882 Christianity
604 3813 711 3866 rccio’d.
748 3812 1147 3880 Londini.t.1p.102-39l
1177 3815 1297 3883 utraque

120 3900 245 3954 recensio
264 3899 376 3969 legitur.

191 3987 333 4056 6Ignatii
352 3987 497 4056 epistolae.
534 3986 630 4040 Halae.

192 4073 374 4128 ‘lNonnullis
402 4072 572 4127 editionibus
590 4073 621 4126 in
647 4073 701 4126 hac
727 4073 851 4127 sectione
878 4073 1049 4127 enumeratis
1078 4072 1232 4128 destitutus
1252 4091 1296 4128 ex·

120 4160 290 4230 positionem
317 4164 430 4215 secutus
450 4177 527 4224 sum,
556 4176 641 4227 quam
669 4158 738 4213 fecit
761 4160 915 4224 Iacobson,
943 4160 1017 4215 Patr.
1038 4163 1129 4228 apost.
1152 4161 1219 4216 1838
1238 4161 1250 4214 I
1269 4179 1295 4230 p.

121 4246 221 4303 LXVII
242 4264 301 4316 sqq.
