2834 5018
191 355 255 419 374
458 347 589 405 ΡΔΡΙΑΕ
607 347 833 404 FRAGMENTA
852 347 951 412 XVIII,
970 347 1095 403 a-xlx.

193 528 330 593 dictante
352 527 493 592 Iohanne
515 532 610 592 recte.
655 528 775 592 Verum
799 528 938 592 Martion
961 527 1145 604 haereticuS,
1170 548 1243 590 cum
1269 526 1376 591 abeo

192 633 305 698 fuisset
325 632 539 716 improbatus,
570 654 607 696 eo
630 633 714 715 quod
737 632 894 696 contraria
916 631 1089 707 sentiebat,
1114 631 1258 696 abiectus
1283 635 1334 695 est
1357 653 1378 694 a

191 738 340 802 Iohanne.
386 736 417 800 ls
440 758 513 801 vero
537 737 655 821 scripta
678 737 728 801 vel
743 737 894 821 epistolas
918 739 958 803 ad
981 760 1052 803 enm
1067 736 1246 820 pertulerat
1271 759 1292 801 a
1307 736 1375 800 lra-

192 843 303 919 tribus,
328 842 438 925 quiin
462 842 566 906 Ponto
589 839 745 925 fueruntl.

385 960 464 1031 [θοὰ.
492 960 584 1014 Vatic.
612 960 690 1014 Alex,
711 961 744 1017 14
770 976 841 1014 saec.
860 960 898 1015 IX
926 962 968 1014 ed.
988 962 1013 1014 J.
1035 961 1071 1014 Μ.
1090 959 1263 1013 Thomasius
1292 959 1375 1014 Card.

349 1046 420 1117 Opp.
440 1046 460 1109 l,
480 1047 531 1101 344
549 1048 655 1102 Romae
677 1048 755 1110 1747;
775 1047 860 1110 Pit-ra,
880 1048 1017 1102 Analecta
1035 1063 1115 1100 sacra
1133 1047 1166 1108 II,
1190 1046 1261 1117 160]

167 1223 179 1260 ⁶
736 1209 823 1273 XIX.

235 1343 386 1421 Ὗστατος
401 1348 461 1430 γὰρ
484 1346 601 1411 τούτων
618 1346 766 1433 Ἰωάννης
847 1351 1029 1414 Postremus
1064 1349 1148 1412 enim
1182 1348 1269 1411 inter
1303 1346 1377 1411 illos

193 1449 209 1512 t
232 1459 286 1533 τῆς
309 1449 437 1535 βροντῆς
459 1451 524 1526 υἱὸς
545 1451 766 1536 μετακληθείς,
793 1455 927 1519 Ioannes
950 1459 1016 1532 est,
1049 1452 1182 1517 tonitrui
1205 1451 1294 1515 filius
1318 1473 1376 1534 ap·

192 1554 274 1616 ποὶνυ
296 1553 453 1639 γηραλέον
477 1557 573 1619 αὐτοῦ
588 1555 766 1639 γενομένου,
794 1559 948 1642 pellatus,
973 1560 1044 1644 qui,
1069 1580 1141 1621 cum
1160 1555 1256 1619 valde
1281 1576 1376 1619 senex

192 1658 234 1734 ὡς
263 1658 439 1743 παρέδοσαν
470 1658 542 1742 ἡμῖν
573 1661 646 1722 ὅτε
676 1658 768 1744 Εἰρη-
795 1669 887 1740 esset,
911 1664 959 1728 uti
977 1663 1069 1728 nobis
1083 1661 1236 1725 Irenaeus
1261 1663 1294 1724 et
1308 1659 1376 1724 Eu·

154 1776 180 1814 ¹⁰
193 1773 278 1839 ναῖος
311 1765 364 1826 καὶ
400 1763 550 1849 Εὐσέβιος
586 1765 640 1827 καὶ
678 1763 769 1828 ἄλλοι
795 1769 900 1833 sebius
915 1769 1032 1849 aliique
1046 1770 1120 1850 post
1136 1786 1191 1829 eos
1207 1765 1274 1830 fide
1290 1764 1376 1848 digni

193 1870 295 1930 πιστοὶ
326 1870 409 1931 κατὰ
431 1869 580 1951 διαδοχὴν
605 1869 769 1952 γεγονότες
794 1872 937 1937 historici
970 1872 1183 1946 tradiderunt,
1224 1870 1376 1953 gravibus

193 2038 296 2093 Omnes
323 2041 382 2094 fere
400 2040 492 2095 locum
520 2044 684 2110 corruptum
703 2057 765 2095 esse
792 2046 876 2097 tasse.
896 2042 937 2097 Cf.
957 2043 1066 2112 Fragm.
1085 2040 1159 2094 XIX.
1185 2072 1221 2080 -
1248 2040 1374 2095 Marcion

193 2127 380 2182 consentiunt.
398 2131 506 2182 Auctor
523 2126 600 2180 haud
618 2127 702 2181 dubie
715 2144 765 2197 pro
793 2130 850 2199 etc]
871 2129 971 2184 Aberlc
990 2130 1007 2182 l.
1028 2146 1050 2182 c.
1077 2128 1201 2182 coniecit
1219 2127 1374 2198 legendum

192 2216 332 2269 exotericis
350 2214 464 2284 scripsit
475 2215 622 2284 exegeticis,
642 2216 671 2267 et
688 2218 766 2283 post·
794 2232 868 2269 esse:
888 2217 1045 2270 Merinthus
1066 2216 1110 2269 vel
1122 2215 1286 2270 Cerinthus.
1307 2213 1375 2266 Cum

193 2315 279 2367 qnam
288 2299 417 2354 librarius
429 2300 526 2369 posuit
537 2302 684 2362 οποίενίοίν,
695 2300 767 2354 alius
794 2304 830 2357 cle
847 2303 983 2357 fratribus
1011 2304 1041 2356 in
1058 2304 1188 2357 Ponto
1217 2315 1314 2354 sermo
1332 2297 1378 2359 sit,

193 2387 266 2440 hanc
292 2402 390 2441 vocem
417 2388 561 2457 explicans
588 2387 711 2441 addidit:
738 2387 767 2441 id
793 2391 879 2445 lectio
893 2392 1017 2445 Marcion
1029 2389 1106 2442 haud
1125 2387 1212 2441 dubie
1226 2386 1376 2441 retinenda

193 2475 237 2528 est
254 2474 285 2527 in
302 2475 442 2528 extremis.
795 2480 846 2531 est.
883 2477 931 2530 Sin
950 2480 1046 2530 nutem
1062 2477 1105 2529 ita
1122 2472 1262 2544 legimus,
1283 2487 1376 2527 narra

228 2564 253 2615 2.
272 2560 422 2631 descripsit
440 2562 502 2631 etc]
526 2561 600 2615 Num
620 2562 692 2615 haec
713 2561 768 2616 fide
793 2565 900 2621 tionem
919 2563 1022 2616 falsam
1039 2562 1235 2616 existimemus
1255 2560 1375 2630 oportet.

194 2648 280 2720 digna
299 2646 371 2712 sint,
399 2649 429 2702 in
445 2649 538 2702 medio
563 2648 700 2715 relinquo.
737 2648 768 2702 Id
795 2651 913 2721 Scripsit
940 2648 1055 2717 quidem
1086 2647 1173 2701 etiam
1204 2647 1375 2701 Philastrius

193 2739 305 2791 tantum
319 2735 520 2797 animadverto,
541 2735 686 2790 alibrario
705 2736 767 2805 ipso
795 2738 828 2791 Η.
847 2739 889 2801 45,
918 2736 1127 2790 Marcionema
1153 2735 1245 2789 beato
1275 2735 1377 2789 Ioanne

194 2840 421 2890 eauequaquam
440 2822 604 2890 adPapiam
622 2822 721 2876 referri
741 2825 770 2876 et
796 2823 971 2895 evangelista
983 2822 1124 2876 devictum
1143 2826 1234 2889 atque
1246 2820 1375 2893 fugatum

193 2912 269 2966 haud
296 2910 381 2963 dubie
409 2910 445 2963 ad
471 2908 546 2963 huna
572 2912 683 2978 patrem
712 2926 769 2963 non
796 2927 865 2965 esse.
903 2910 1010 2963 Tacent
1023 2912 1118 2962 autem
1130 2907 1270 2963 Irenaeus
1283 2912 1314 2962 et
1325 2907 1377 2962 llu-

194 3015 256 3053 esse
274 2998 428 3061 referenda,
458 3014 521 3050 oum
541 3013 588 3059 ea,
614 3013 688 3063 quae
705 3012 768 3065 pro·
796 2999 890 3053 sebius
922 2997 1028 3064 aliique
1062 2999 1160 3065 patres
1196 2995 1376 3050 saeculorum

194 3087 268 3139 xime
288 3085 451 3151 sequuntur,
469 3084 581 3151 tempus
601 3082 688 3135 serius
706 3099 769 3150 pro·
795 3085 928 3155 priorum.
964 3082 1115 3136 Praeterea
1135 3086 1263 3146 constat,
1284 3082 1377 3136 haere

195 3172 273 3227 dant.
309 3172 409 3239 Itaque
436 3169 524 3223 verba
549 3169 629 3222 uncis
659 3169 768 3225 inclusi
796 3172 884 3225 ticum
903 3170 984 3224 illum
1003 3167 1133 3238 apostolo
1152 3185 1213 3222 non
1226 3169 1317 3223 fuisse
1336 3184 1377 3220 ae

194 3258 343 3329 Lightfoot
367 3255 386 3309 1.
414 3272 436 3309 a
472 3255 605 3309 coniecit:
652 3257 769 3324 Papiam
798 3260 918 3326 qualem.
957 3256 1084 3325 Scriptor
1101 3254 1174 3308 mihi
1187 3256 1378 3325 Polycarpum

194 3345 379 3415 Evangelinm
397 3343 501 3396 citasse
514 3346 651 3410 tanquam
671 3343 770 3397 datum
798 3344 962 3397 loannis
1012 3342 1269 3411 discipulum
1319 3358 1377 3396 cum

193 3450 245 3503 per
257 3434 391 3486 loannem
404 3428 538 3493 ecclesiis,
552 3428 629 3495 quod
641 3430 770 3483 describe·
797 3432 809 3483 1
821 3447 837 3484 o
848 3448 892 3484 an
902 3446 946 3483 ne
965 3429 1125 3483 confudisse
1149 3429 1274 3484 videtur.
1312 3428 1376 3483 Har·

194 3523 260 3576 bant
278 3519 314 3571 ab
337 3517 428 3586 ipsius
447 3515 530 3570 labiis
555 3515 583 3585 (ὃ
607 3515 772 3589 ἀπέγραφον
797 3517 871 3570 nack
894 3515 1021 3569 fabulam
1040 3532 1073 3570 ex
1092 3517 1163 3569 Iren.
1183 3516 1234 3580 ΙΙΙ,
1254 3518 1279 3579 3,
1299 3519 1317 3570 4
1335 3516 1376 3569 lic·

194 3606 251 3663 ἀπὸ
270 3614 321 3662 τοῦ
338 3606 480 3674 στόματος
496 3602 601 3672 aoros),
622 3602 770 3657 librarium
797 3606 856 3656 tam
876 3618 936 3656 esse
954 3602 1051 3671 putat,
1071 3601 1120 3655 ubi
1135 3602 1261 3659 loannes
1281 3610 1311 3658 et
1330 3604 1375 3658 Ge·

196 3696 291 3746 autem
310 3707 408 3745 vocem
425 3689 587 3760 ambiguam
606 3689 772 3762 ἀπέγραφον
798 3690 908 3744 rinthus
922 3693 1008 3755 atque
1020 3687 1193 3758 Polycarpus
1208 3692 1239 3745 et
1251 3690 1375 3744 Marcion

196 3778 269 3833 male
302 3777 515 3847 intellegentem
551 3776 770 3845 interpretatum
799 3776 883 3830 simul
902 3777 1165 3829 commemorantur.

196 3881 257 3919 esse
274 3865 460 3931 describebant,
480 3864 522 3918 ita
538 3866 571 3917 ut
582 3862 687 3932 Papias
706 3880 771 3932 apo·
833 3861 904 3916 XIX.
925 3862 1034 3916 catena
1050 3862 1124 3915 hanc
1142 3861 1318 3932 particulam
1336 3878 1375 3917 ex·

196 3951 262 4005 stoli
281 3949 460 4004 amanuensis
478 3950 564 4004 fieret.
602 3949 771 4015 Ceteroquin
799 3949 899 4002 bibens
917 3948 1025 4002 tradita
1050 3951 1094 4002 est
1113 3949 1213 4003 codice
1239 3967 1316 4004 nunc
1334 3950 1376 4002 de

197 4036 394 4100 considerans,
425 4039 559 4091 Ioannem
588 4035 772 4106 Evangelium
798 4036 918 4106 perdito,
930 4035 979 4102 qui
998 4035 1106 4088 olimin
1124 4034 1307 4091 bibliotheca
1316 4038 1375 4092 Car·

196 4126 265 4175 natu
282 4123 487 4193 praegrandem
507 4123 706 4192 composuisse,
724 4123 772 4176 vix
800 4122 902 4176 dinulis
922 4122 1024 4177 (lusani
1043 4123 1252 4187 asservabatur,
1273 4128 1304 4179 et
1316 4141 1376 4178 eou-

196 4210 344 4274 negaveris
354 4209 506 4264 verisimile
516 4226 585 4274 esse,
596 4226 659 4265 cum
668 4207 772 4262 librum
799 4208 906 4277 scripta
931 4211 1051 4263 estnon
1075 4212 1143 4263 ante
1168 4208 1376 4269 saeculule

197 4308 254 4346 non
271 4293 364 4362 ipsum
377 4295 531 4364 scripsisse,
551 4296 601 4350 sed
620 4294 705 4349 alicui
714 4295 771 4349 dic·
783 4272 786 4339 l
799 4310 863 4348 cum
880 4293 999 4349 Photins
1023 4295 1118 4350 locum
1135 4295 1166 4349 in
1184 4313 1221 4350 ea
1238 4296 1377 4352 obtineat.
