2834 5018
167 307 191 373 G
613 303 896 359 PROLEGOMFNA.

166 485 271 549 mont¹
298 489 331 548 et
353 478 504 547 Masson²
529 482 568 545 ad
599 503 627 544 a.
653 482 732 558 166,
764 480 932 546 Valesius³
957 484 997 547 ad
1020 506 1047 547 a.
1074 486 1152 560 167,
1186 485 1344 551 Batonius

167 588 264 671 (Arm.
289 589 361 664 169,
378 586 411 668 2)
434 591 467 651 et
490 585 632 652 Ussher⁴
656 587 696 650 ad
719 610 746 651 a.
774 588 845 651 169.
892 587 1036 673 Longum
1059 596 1116 666 est,
1140 591 1277 655 rationes
1295 593 1343 656 di·

165 716 271 758 versas
294 682 475 758 enumerare
498 713 623 769 omnes,
658 692 773 776 quibus
796 692 915 775 singuli
945 693 978 756 in
1009 695 1228 760 constituendo
1257 719 1342 761 mar·

164 799 241 883 tyrii
262 804 405 882 tempore
434 797 484 861 usi
506 802 588 861 sunt.
636 796 762 861 Sufficit
793 797 830 859 de
853 797 905 860 via
932 798 1085 862 nonnulla
1108 799 1226 877 dicere,
1263 823 1343 884 quae

165 905 233 969 sola
256 926 313 968 nos
336 904 376 968 ad
397 925 505 967 verum
528 902 697 985 perducere
720 903 830 984 possit.

251 1007 476 1071 proconsulem
499 1006 634 1071 Statium
657 1005 854 1081 Quadratum
875 1006 908 1069 in
930 1006 1084 1090 Martyria
1115 1031 1341 1074 commemora-

164 1118 234 1177 tum
256 1113 389 1176 eundem
412 1133 480 1175 esse
504 1116 600 1193 atque
622 1132 702 1188 eum,
728 1110 817 1174 cuius
832 1109 990 1174 Aristides
1012 1111 1120 1176 rhetor
1134 1114 1166 1177 in
1189 1116 1342 1178 orationi·

164 1220 224 1283 bus
247 1216 344 1280 sacris
367 1216 557 1279 mentionem
573 1215 660 1290 facit,
684 1215 749 1278 iam
764 1212 912 1278 Valesius
937 1215 1066 1292 censuit,
1092 1222 1176 1281 etex
1200 1219 1343 1282 oratione

164 1322 210 1386 IV
240 1320 356 1385 collata
387 1342 458 1383 cum
487 1319 618 1384 Eusebii
648 1317 803 1382 Chronico
833 1340 905 1382 eum
929 1342 956 1382 a.
983 1320 1043 1383 167
1067 1319 1178 1385 Asiam
1206 1324 1342 1387 admini-

164 1431 281 1490 strasse
298 1425 460 1489 conclusit.
506 1424 636 1488 Messon
652 1423 908 1506 proconsulatum
930 1423 1021 1487 illum
1044 1426 1085 1489 ad
1108 1448 1206 1490 annos
1223 1425 1342 1491 Christi

168 1531 230 1595 165
254 1552 290 1594 ac
316 1531 377 1594 166
399 1530 556 1615 pertinere
579 1533 611 1592 et
625 1527 846 1611 Polycarpum,
871 1550 942 1592 cum
965 1530 1169 1612 proconsules
1192 1554 1210 1595 a
1233 1554 1341 1597 mense

165 1636 251 1700 Maio
274 1656 373 1719 usque
396 1635 437 1698 ad
458 1633 541 1697 idem
562 1637 688 1716 tempus
712 1633 787 1697 anni
809 1634 945 1717 proximi
971 1657 1099 1699 munere
1123 1635 1341 1720 fungerentur,

164 1740 215 1803 23.
240 1739 288 1802 die
311 1737 474 1802 Februarii
498 1760 525 1800 a.
552 1737 613 1800 166
636 1740 796 1800 mortuum
819 1759 886 1801 esse
909 1738 1051 1814 statuit⁶,
1081 1744 1114 1803 et
1135 1740 1278 1824 plerique
1303 1744 1343 1807 ad

164 1846 230 1909 eius
254 1842 443 1908 sententiam
466 1845 673 1905 accesserunt.
720 1840 833 1923 Nuper
855 1863 928 1905 vero
952 1842 1023 1907 Gul.
1041 1844 1081 1907 H.
1100 1843 1340 1930 Waddingran⁶

164 1949 290 2012 adiutus
319 1947 408 2010 novis
437 1944 696 2027 inscriptionibus
719 1948 752 2007 et
782 1945 961 2027 cognitione
991 1946 1273 2014 administrationis
1296 1952 1342 2016 rei

162 2053 309 2136 publicae
326 2052 488 2115 Romanae
511 2048 664 2132 ampliore
688 2049 921 2126 demonstravit,
945 2073 1016 2115 eum
1038 2052 1071 2116 in
1095 2074 1234 2119 errorem
1256 2056 1342 2120 baud

162 2179 295 2241 parvum
318 2156 444 2239 lapsum
467 2158 499 2216 et
514 2151 652 2217 Statium
668 2151 864 2228 Quadratum
886 2155 1030 2219 undecim
1052 2159 1142 2222 annis
1165 2165 1247 2236 ante,
1272 2161 1338 2225 soil.

164 2283 191 2324 1.
218 2261 404 2334 154-155,
435 2257 616 2342 provinciae
639 2257 735 2322 Asiae
764 2257 960 2341 praefectum
983 2261 1098 2340 fuisse,
1127 2263 1340 2349 Polycarpum

163 2370 320 2429 autema.
347 2365 408 2427 155
431 2368 565 2427 mortem
588 2363 713 2439 obiisse,
738 2386 800 2447 quo
824 2385 905 2427 anno
921 2365 972 2428 23.
997 2366 1062 2430 dies
1078 2367 1244 2433 Februarii
1264 2393 1339 2453 pro-

162 2469 258 2545 fecto,
282 2469 364 2532 sicut
386 2467 480 2531 Mart.
505 2468 588 2543 8,1;
612 2467 654 2530 20
677 2466 868 2543 traderetur,
902 2468 1072 2534 sabbatum
1094 2472 1217 2537 fuisset.
1265 2473 1341 2537 Non

164 2574 332 2639 defuerunt
348 2574 483 2657 quidem,
508 2571 562 2656 qui
585 2571 614 2634 ei
640 2572 889 2636 contradicerent
916 2575 948 2635 et
964 2576 1234 2657 computationem
1250 2577 1340 2641 Mas·

162 2678 326 2742 sonianam
342 2678 553 2741 defenderent.
600 2674 734 2739 Plurimi
756 2679 861 2739 autem
877 2676 906 2739 ci
929 2676 1115 2760 adstipulati
1129 2685 1219 2756 sunt,
1244 2683 1340 2747 modo

161 2784 306 2849 nonnulli
321 2785 564 2858 considerantes,
582 2780 778 2857 Quadratum
800 2782 995 2864 provinciam
1009 2782 1121 2848 Asiam
1144 2786 1240 2849 etiam
1257 2810 1340 2851 anno

164 2889 334 2954 155-156
358 2887 578 2953 administrare
608 2886 767 2968 potuisse,
801 2885 1014 2969 Polycarpum
1037 2910 1065 2952 a.
1093 2892 1154 2955 156
1178 2896 1341 2957 mortuum

162 3014 230 3056 esse
253 2995 440 3056 censuerunt
463 2995 518 3053 aut
539 2989 623 3052 inter
644 3011 743 3053 annos
768 2991 829 3053 155
853 2995 885 3053 et
911 2991 971 3054 156
995 2991 1247 3071 haesitaverunt;
1282 3020 1339 3062 ne·

163 3118 223 3180 que
242 3117 317 3159 vero
350 3094 427 3158 satis
457 3098 681 3177 respexerunt,
718 3094 801 3158 diem
823 3094 874 3157 23.
899 3096 1016 3159 mensis
1039 3097 1222 3178 Februarii,
1255 3104 1340 3167 diem

161 3200 309 3282 martyris
330 3198 478 3272 natalem,
502 3221 529 3261 a.
556 3198 633 3273 155,
666 3219 730 3261 non
759 3202 864 3261 autem
886 3222 915 3262 a.
944 3201 1005 3264 156
1029 3204 1197 3268 sabbatum
1229 3207 1338 3272 fuisse.

233 3388 246 3439 1
267 3386 411 3440 Mdnwires
428 3392 473 3440 eto.
493 3386 532 3439 st.
552 3387 701 3456 Polycarpe
719 3390 772 3440 art.
791 3388 807 3441 6
826 3404 887 3455 sqq.

231 3473 248 3525 2
269 3471 448 3528 Collectanea
471 3472 608 3526 historica
625 3473 661 3526 ad
679 3473 811 3528 Aristidis
830 3474 934 3539 vitam,
961 3477 1118 3546 praemissa
1137 3479 1258 3534 editioni
1277 3485 1338 3539 Ari-

162 3560 243 3615 stidis
261 3560 413 3615 Iebbianae
434 3562 508 3624 1722,
527 3561 650 3630 repetita
668 3561 697 3614 in
716 3560 840 3616 editione
860 3561 1043 3618 Dindorfiana
1063 3566 1130 3620 1829
1149 3568 1169 3619 t.
1189 3567 1236 3621 III.

230 3650 246 3703 3
264 3647 328 3702 Not.
348 3647 385 3701 ad
403 3647 465 3703 Fur.
486 3648 519 3701 H.
539 3647 570 3702 Ε.
590 3648 636 3711 IV,
658 3650 689 3702 15
709 3649 751 3701 ed
771 3650 896 3720 Mogunt.
917 3652 985 3705 1672
1004 3669 1031 3720 p.
1052 3656 1093 3711 71.

229 3737 247 3787 4
266 3737 324 3805 lgm
343 3740 372 3790 et
389 3734 537 3805 Polycarpi
556 3737 692 3804 Martyria
712 3737 778 3790 1647
798 3754 825 3806 p.
845 3738 878 3793 70
896 3741 953 3792 not.
976 3738 1034 3791 105.

231 3824 247 3874 5
266 3820 331 3876 Dios
350 3839 407 3877 non
426 3825 470 3875 est
488 3822 596 3886 dubius,
617 3824 729 3877 etiamsi
747 3824 857 3891 aliquot
877 3824 1080 3894 Martyrologia
1098 3829 1139 3882 26.
1159 3830 1234 3884 diam
1257 3831 1339 3885 Ianu-

163 3907 216 3960 arii
234 3909 358 3964 tradunt.
394 3910 435 3965 cf.
455 3909 519 3980 Egli
538 3911 567 3964 in
586 3912 741 3978 Zeitactn'st
763 3914 812 3978 fiir
835 3913 1037 3980 wisamscbuftl.
1060 3915 1198 3986 llrcoloyic
1218 3917 1338 3974 XXXIV

161 3993 259 4063 (1891),
278 3995 407 4050 96-102.

230 4081 247 4133 6
271 4081 318 4136 Vie
345 4084 383 4136 ‹lu
409 4084 514 4137 rtdteur
531 4085 627 4138 Aelius
645 4084 784 4138 Aristide:
810 4083 954 4139 Me'nroircs
982 4087 1014 4139 de
1037 4088 1170 4142 t'Iastitut
1196 4092 1339 4159 impr'riule

160 4166 193 4221 de
209 4167 333 4235 France,·
359 4170 503 4224 Acade'mie
524 4170 571 4225 dea
594 4171 718 4237 imeript.
736 4176 760 4224 11
778 4171 954 4226 belles-lettres
975 4173 1049 4235 1867,
1069 4173 1166 4235 XXVI,
1186 4177 1337 4233 203-268.

161 4252 258 4308 Foster
276 4254 322 4308 des
335 4256 478 4322 procinces
496 4257 644 4325 catuliquea
665 4254 739 4310 1872.
776 4256 796 4317 Ι,
815 4256 866 4311 219
885 4276 926 4326 sq.
