2834 5018
408 657 456 712 AI)
477 657 697 713 SMYRNAEOS
714 657 747 722 V,
766 659 878 721 a-vll,
900 659 923 712 1.
1195 664 1257 728 281

84 837 176 901 nohis
198 837 282 901 idem
305 838 454 902 sentiunt.
502 836 585 913 Quid
608 839 690 902 enim
714 837 793 901 mihi
807 838 946 921 prodest,
971 837 998 901 si
1021 837 1091 922 quis
1114 860 1165 902 me
1188 838 1257 901 lau·

83 942 144 1013 det,
169 942 331 1006 dominum
355 947 461 1006 autem
488 964 593 1007 meum
615 943 829 1026 blasphemet,
863 963 935 1006 eum
959 964 1083 1006 carnem
1113 964 1258 1027 assump-

82 1049 160 1112 sisse
183 1050 327 1130 negans?
351 1046 412 1122 Qui
434 1069 507 1111 vero
530 1047 562 1111 id
586 1069 649 1112 non
663 1048 840 1131 profitetur,
863 1047 890 1110 is
913 1068 1043 1131 prorsus
1065 1068 1136 1110 eum
1159 1067 1259 1130 nega·

81 1153 136 1229 vit,
161 1154 229 1236 ipse
251 1152 347 1216 funus
370 1155 511 1234 portans.
557 1152 586 1216 3.
612 1151 751 1216 Nomina
773 1173 846 1216 vero
871 1173 995 1228 eorum,
1028 1173 1099 1215 oum
1121 1151 1185 1214 sint
1207 1151 1257 1215 in-

82 1257 196 1334 fidelia,
220 1278 283 1321 non
306 1257 408 1320 visum
432 1256 509 1319 mihi
533 1260 581 1319 est
603 1257 748 1320 scribere.
767 1322 773 1333 ‚
795 1256 838 1320 Et
861 1256 945 1320 absit
967 1278 986 1319 a
1008 1276 1066 1330 me,
1090 1260 1127 1318 ut
1150 1277 1284 1319 eorums

81 1363 274 1426 mentionem
305 1361 436 1438 faciam,
469 1361 568 1425 donec
599 1362 787 1445 resipiscant
809 1362 849 1426 ad
879 1360 1074 1444 passionem,
1108 1365 1260 1443 quaeest

81 1473 192 1531 nostra
213 1467 409 1531 resurrectio.

169 1571 223 1635 Vl.
248 1571 352 1636 Nemo
383 1576 483 1636 erret:
516 1575 547 1634 et
576 1571 603 1634 si
635 1570 786 1635 caelestes
818 1574 850 1633 et
882 1569 987 1653 gloria
1018 1569 1204 1654 angelorum
1227 1575 1259 1634 et

81 1678 242 1762 principes
265 1676 406 1741 visibiles
424 1682 455 1741 et
478 1675 653 1740 invisibiles
676 1697 739 1739 non
759 1676 887 1740 credant
908 1675 942 1738 in
965 1675 1150 1759 sanguinem
1167 1672 1258 1738 Chri·

81 1783 137 1853 sti,
172 1787 203 1845 et
231 1782 294 1866 ipsi
323 1782 555 1847 iudicabuntur.
607 1783 668 1857 Oui
696 1801 816 1862 capere
832 1789 964 1862 potest,
993 1786 1113 1861 capiat.
1159 1780 1258 1844 Locus
1273 1803 1297 1838 ιο

81 1887 239 1951 neminem
262 1886 392 1957 efferat;
425 1890 529 1949 totum
552 1885 638 1948 enim
660 1889 709 1948 est
730 1884 808 1949 fides
831 1889 863 1948 et
884 1885 1015 1961 caritas,
1041 1885 1155 1967 quibus
1177 1883 1259 1946 nihil

80 1992 303 2075 praestantius.
350 1993 379 2054 2.
405 1990 607 2054 Considerate
636 2011 711 2054 vero
744 2010 816 2065 eos,
846 1989 901 2072 qui
924 1988 1028 2052 aliena
1057 1988 1198 2051 sentiunt
1221 1989 1259 2051 de

81 2096 187 2179 gratia
210 2095 282 2159 lesu
305 2095 439 2171 Christi,
474 2118 555 2180 quae
579 2096 619 2159 ad
641 2116 699 2159 nos
730 2094 889 2178 pervenit,
922 2093 1079 2175 quomodo
1110 2091 1259 2157 contrarii

80 2201 146 2263 sint
169 2200 292 2264 divinae
321 2201 488 2265 voluntati.
536 2199 609 2264 Non
642 2199 757 2263 caritas
779 2199 819 2263 iis
848 2220 941 2263 curae
965 2203 1028 2274 est,
1059 2219 1123 2261 non
1154 2197 1257 2275 vidua,

80 2327 145 2367 nou
160 2304 294 2387 pupilla,
319 2326 382 2368 non
398 2327 577 2389 oppressus,
602 2327 665 2370 non
681 2306 803 2369 vinctus
818 2304 868 2368 vel
883 2303 1016 2380 solutus,
1040 2325 1103 2367 non
1119 2302 1259 2367 esuriens
1273 2323 1298 2361 1⁵

80 2408 131 2472 vel
156 2409 277 2472 sitiens.

168 2513 240 2576 Vll.
265 2512 317 2578 Ab
349 2515 539 2579 eucharistia
573 2521 605 2579 et
636 2517 778 2582 oratione
809 2517 988 2593 abstinent,
1020 2517 1166 2600 eoquod
1195 2537 1259 2579 non

80 2618 279 2695 confitentur,
305 2619 528 2683 eucharistiam
544 2642 671 2685 carnem
694 2643 762 2686 esse
777 2621 944 2686 salvatoris
964 2621 1064 2687 nostri
1079 2621 1152 2685 lesu
1168 2620 1259 2685 Chri·

80 2723 132 2796 sti,
165 2745 246 2804 quae
268 2745 327 2806 pro
351 2725 489 2806 peccatis
513 2725 628 2789 nostris
651 2748 746 2809 passa
769 2732 816 2791 est
847 2749 1006 2811 quamque
1029 2732 1122 2810 pater
1143 2727 1258 2811 benig·

78 2829 181 2891 nitate
204 2849 262 2891 sua
284 2829 493 2893 resuscitavit.
541 2828 602 2905 Qui
626 2851 701 2913 ergo
725 2831 945 2896 contradicunt
972 2832 1054 2895 dono
1077 2831 1137 2908 dei,
1162 2831 1258 2895 alter-
1272 2848 1298 2886 2⁰

80 2937 187 2997 cantes
204 2934 389 2997 moriuntur.
436 2934 552 2998 Melius
576 2939 680 2999 autem
697 2940 780 3000 esset
801 2934 867 3000 illis
883 2934 1023 3019 diligere,
1048 2939 1084 2999 ut
1106 2940 1138 2999 et
1154 2957 1259 3000 resur·

148 3087 164 3139 9
183 3087 285 3141 Matth.
306 3086 345 3150 19,
367 3089 405 3142 12.

82 3207 125 3261 Cf.
146 3207 232 3260 Trall.
253 3210 277 3271 5,
298 3209 320 3261 1.
335 3209 358 3262 2.
378 3240 412 3248 —
430 3213 521 3277 πίστις
539 3240 574 3248 -
591 3230 658 3283 προ·
685 3227 730 3264 res
750 3226 779 3263 se
798 3209 901 3264 habere
914 3208 1033 3264 videtur.
1054 3240 1086 3248 -
1107 3213 1140 3280 τῇ
1158 3211 1258 3287 δωρεᾷ]

78 3293 212 3365 κέκριται]
234 3295 275 3348 Cf.
295 3296 391 3364 Magn.
412 3296 433 3357 l,
453 3297 476 3349 2.
686 3314 721 3350 sc
743 3296 937 3351 eucharistiae.
963 3327 998 3334 -
1022 3294 1258 3367 ἀποθνήσκουσιν]

115 3381 139 3432 2.
160 3379 289 3453 ἐναντίοι]
309 3399 346 3436 sc.
368 3384 444 3450 quod
463 3385 610 3438 caritatem
630 3387 658 3437 et
686 3385 727 3438 cf.
746 3382 816 3453 Eph.
836 3385 878 3448 20,
889 3385 914 3448 2,
933 3383 982 3437 uhi
1001 3381 1172 3436 eucharistia
1190 3383 1259 3455 φάρ·

80 3469 163 3522 δίδου]
192 3471 309 3525 adtinet.
337 3503 371 3510 -
398 3471 559 3541 λελυμένου]
586 3471 657 3525 Voci
684 3491 775 3540 μακον
793 3469 962 3536 ἀθανασίας,
988 3469 1135 3527 ἀντίδοτον
1155 3478 1204 3525 τοῦ
1222 3474 1260 3541 ro>

79 3557 228 3626 δεδεμένου
247 3560 378 3628 opposita
403 3560 472 3612 haec
497 3575 552 3612 vox
569 3558 657 3611 homi·
685 3555 1259 3629 ιῗποδανεῖννοοοῒιοτ.-ἀγαπᾶν]Νἰοοοίι1

81 3662 145 3697 nem
165 3645 289 3706 denotat,
311 3645 358 3712 qui
378 3664 434 3699 non
454 3645 545 3700 estin
562 3645 657 3697 vincu-
686 3644 820 3699 subaudit
833 3645 983 3698 Christum.
1022 3644 1259 3713 Smithinterpre·

79 3731 122 3783 lis.
161 3733 305 3795 Quomodo
332 3735 427 3786 autem
451 3733 475 3786 is
498 3733 591 3785 locum
610 3733 657 3786 ob·
684 3737 776 3787 tatur:
796 3750 858 3787 cmn
876 3748 971 3786 amore
990 3732 1134 3801 amplecti,
1154 3749 1191 3785 sc.
1211 3731 1259 3785 do·

81 3819 173 3872 tineat
185 3818 310 3871 medium
324 3820 398 3873 inter
415 3819 544 3873 homines
559 3818 657 3872 auxilii
684 3838 751 3873 num
770 3821 830 3875 Dei.
867 3820 921 3874 Vix
939 3824 1023 3874 recte.
1047 3819 1178 3887 Plerique
1198 3835 1258 3873 cen·

80 3906 257 3974 indigentes,
290 3921 373 3975 aegre
408 3905 518 3959 definiri
553 3910 656 3974 potest.
686 3910 815 3969 suerunt,
841 3924 938 3962 vocem
956 3906 1029 3960 idem
1050 3906 1208 3977 significare
1226 3922 1259 3958 ac

80 3991 230 4060 Lightfoot
259 3992 345 4045 verba
363 3993 379 4062 ἢ
397 3992 547 4062 λελυμένου
574 3992 657 4047 inter·
685 3995 792 4067 ἀγάπην
809 4003 899 4052 ποιεῖν
925 3993 1000 4046 infra
1019 3993 1042 4057 8,
1062 3995 1092 4056 2,
1122 3996 1151 4047 et
1173 3993 1259 4061 respi-

79 4080 179 4148 polata
198 4095 258 4131 esse
278 4083 381 4132 censet.
686 4081 762 4135 ciens
780 4081 867 4135 verba
884 4081 1045 4148 sequentia,
1067 4077 1115 4136 ἵνα
1132 4084 1178 4136 καὶ
1196 4078 1259 4135 ἀνα-

114 4163 174 4228 Vll,
196 4168 217 4220 1.
239 4164 407 4218 Theodorei.
427 4165 499 4219 Dial.
513 4165 552 4219 1ss
562 4165 657 4236 hligne
685 4176 804 4233 στῶσιν,
835 4168 910 4222 Zahn
937 4173 1083 4237 praeterea
1113 4167 1259 4230 conclusit,

78 4251 124 4311 IV,
145 4252 196 4307 283
215 4254 260 4321 (-
279 4251 406 4324 ἤγειρεν).
434 4284 468 4291 -
497 4251 657 4324 ἀπέχονται]
686 4271 795 4325 agapen
808 4256 1022 4324 tunctemporis
1036 4271 1143 4308 sacram
1161 4271 1260 4308 cenam

79 4338 121 4392 Ex
140 4357 162 4393 c.
184 4341 208 4401 8,
231 4340 243 4393 1
264 4343 391 4407 apparet,
412 4338 568 4393 haereticos
586 4339 657 4394 istos
685 4341 798 4411 proprie
832 4342 936 4396 dictam
973 4360 1023 4396 seu
1059 4342 1260 4397 eucharistiam

78 4443 135 4479 non
149 4425 184 4478 ab
198 4425 275 4478 omni
288 4425 461 4478 eucharistia
481 4424 657 4491 abstinuisse,
670 4386 673 4489 i
687 4429 938 4498 comprehendisse.
959 4429 1010 4484 Cui
1030 4429 1260 4500 interpretationi

79 4513 128 4566 sed
149 4512 185 4565 ab
212 4515 392 4568 ecclesiastiea
422 4516 542 4567 tantum.
579 4515 658 4570 aimi-
671 4516 673 4525 '
687 4515 798 4587 Ignatio
811 4517 938 4570 versibus
951 4516 1078 4585 proxime
1091 4519 1259 4586 praeceden-

79 4599 145 4654 liter
174 4601 268 4667 quoad
297 4602 454 4655 orationem
482 4617 531 4655 seu
561 4619 659 4671 preces
686 4602 763 4657 tibus
783 4602 818 4657 de
845 4602 1017 4658 eucharistia
1043 4592 1177 4671 loquente
1196 4622 1260 4659 con-
