2834 5018
433 644 611 699 nersrorn
629 644 688 709 xn
709 644 849 709 1o-rnn
868 646 891 698 5.
1207 652 1247 714 79

69 823 305 887 manifestatus.
354 822 508 900 Quoniam
531 844 605 888 vero
629 824 744 888 dicturi
758 827 858 899 erant,
883 822 1042 887 Christum
1066 847 1133 888 esse
1148 825 1249 888 filium

70 928 182 1001 David,
208 928 278 1010 ipse
294 927 398 992 David
420 929 600 1012 prophetat,
624 929 832 993 reformidans
855 934 886 993 et
908 929 1096 1014 intellegens
1113 952 1249 994 errorem

71 1032 311 1096 sceleratorum:
357 1036 454 1097 Diale
482 1037 636 1098 docnirnte
665 1037 797 1098 docnino
827 1054 919 1098 meo:
953 1037 1038 1099 Sede
1067 1056 1088 1098 a
1118 1037 1249 1098 clealrie

72 1143 164 1216 mete,
188 1139 295 1201 donee
319 1157 443 1218 porrum
467 1144 620 1202 heinricos
651 1148 726 1202 tuoe
755 1140 935 1201 scabellum
960 1140 1083 1220 pedum
1106 1147 1246 1202 brocam.

72 1244 120 1304 11.
144 1242 189 1306 Et
213 1241 331 1306 Iesaias
353 1264 448 1326 porro
470 1243 517 1306 ita
540 1243 698 1325 loquitur:
724 1246 821 1307 Ilien
843 1245 996 1306 (buettner
1021 1243 1150 1306 Christo
1174 1256 1274 1306 ntem

71 1347 223 1425 (turnino,
250 1352 346 1410 enine
369 1350 572 1429 epynebende’
595 1351 784 1428 dexteram,
813 1357 849 1411 ul
872 1350 1048 1412 oboedirent
1071 1354 1102 1411 er·
1122 1357 1249 1427 pentes,

72 1460 103 1514 c!
123 1453 362 1528 fortitudinem
379 1471 493 1531 renum
510 1454 724 1533 dirrumpam.
770 1452 862 1528 Eece,
881 1453 1037 1535 quomodo
1054 1455 1162 1516 Dnctd
1176 1471 1248 1516 eum

49 1558 239 1619 'dominum
264 1564 364 1636 aocet,
388 1561 420 1620 et
442 1557 544 1620 filium
567 1578 630 1620 non
654 1562 753 1621 vocet.

155 1764 245 1829 XIII.
270 1763 442 1829 Videamus
459 1770 573 1841 autem,
599 1769 704 1828 utrum
727 1765 778 1828 hio
793 1766 931 1848 populus
947 1766 1039 1830 heres
1054 1767 1095 1830 sit
1119 1789 1159 1830 an
1174 1788 1248 1831 vero

71 1872 170 1954 prior,
205 1875 238 1934 et
260 1875 367 1934 utrum
390 1874 616 1933 testamentum
640 1871 678 1934 ad
700 1893 758 1934 nos
782 1893 823 1934 an
846 1871 885 1934 ad
907 1870 981 1935 illos
1002 1872 1169 1954 pertineat.
1216 1874 1246 1935 2.
1262 1890 1287 1926 10

72 1977 188 2039 Audite
213 1995 300 2059 ergo,
314 1974 402 2056 ⁴quid
426 1974 582 2056 scriptura
606 1974 690 2038 dicat
711 1976 750 2039 de
764 1976 901 2059 populo:
930 1978 1054 2041 Orabat
1073 1979 1171 2040 leone
1186 1980 1247 2042 Re·

73 2083 188 2144 deccee
211 2086 332 2143 eteocle
354 2099 437 2142 arcae
459 2099 574 2159 coccae,
598 2083 686 2160 qnod
707 2089 795 2144 earet
818 2085 965 2159 sterilie;
996 2090 1028 2144 et
1051 2084 1113 2144 eda
1135 2101 1247 2145 conee-

67 2192 124 2265 pr't.
174 2184 312 2248 Deinde:
344 2182 392 2247 Et
415 2187 562 2248 Rebecca
586 2205 723 2264 cyrenae
754 2195 805 2249 ee!
831 2188 877 2249 ed
896 2188 1168 2265 intermeantium
1191 2189 1247 2249 clo·

71 2297 205 2369 aureum,
229 2298 263 2353 et
284 2291 373 2352 cren
396 2295 427 2352 et
450 2290 625 2353 cloacinae:
660 2292 754 2353 Duce
773 2300 890 2369 pectes
913 2296 947 2353 in
975 2299 1068 2353 utero
1092 2298 1147 2354 tuo
1170 2298 1248 2354 accat

71 2415 107 2457 ce
130 2396 196 2457 cluo
224 2396 342 2474 poymb'
372 2399 406 2455 in
439 2401 552 2456 uentre
584 2402 657 2473 nco,
690 2403 789 2474 atqcue
820 2414 905 2459 uncte
931 2398 1076 2477 popualus
1105 2398 1247 2459 alternam
1262 2410 1287 2449 1⁶

71 2501 245 2580 superabit
261 2506 294 2560 et
317 2504 426 2560 recator
440 2506 521 2560 nale
537 2504 659 2561 terrie!
674 2505 805 2562 raineri.
851 2501 880 2564 3.
906 2500 1038 2565 Debetis
1053 2500 1245 2584 intellegere,

72 2605 139 2687 quis
164 2605 207 2668 sit
230 2603 320 2667 Isaac
342 2608 374 2666 et
398 2624 479 2685 <pirae
503 2602 662 2675 Rebecca,
694 2608 726 2666 et
749 2604 786 2667 de
815 2604 1002 2687 quibusnam
1032 2604 1246 2681 declaraverit,

72 2710 153 2792 quod
177 2707 317 2791 populus
340 2707 391 2770 hie
415 2706 456 2769 sit
472 2707 573 2769 maior
598 2729 693 2790 quem
709 2706 772 2770 ille.
819 2709 848 2770 4.
872 2709 915 2772 Et
936 2709 970 2772 in
993 2708 1057 2772 aha
1078 2708 1248 2791 prophetia

71 2814 270 2878 manifestius
293 2812 434 2896 loquitur
457 2810 552 2876 Iacob
576 2813 616 2874 ad
638 2811 739 2875 filium
762 2835 854 2876 auum
870 2811 995 2895 Ioseph,
1020 2813 1139 2876 dicens:
1164 2815 1249 2876 Ecce

71 2921 223 2982 ‹lorraine-r
246 2937 311 2980 nrm
339 2923 487 2997 prirece'l
508 2936 561 2979 nce
588 2919 683 2994 fecte
706 2925 782 2996 lna·
814 2920 921 2981 adduc
943 2921 1024 2981 milet
1049 2920 1140 2996 filios
1163 2927 1248 2997 licor,
1262 2934 1288 2972 20

71 3033 104 3086 nt
128 3026 320 3087 benedicam
337 3028 390 3085 ite.
438 3023 466 3084 5.
491 3021 534 3084 Et
550 3021 681 3084 adduxit
695 3020 850 3103 Ephraim
865 3025 897 3084 et
911 3021 1090 3097 Manassen,
1107 3021 1246 3105 cupiens,

71 3135 104 3192 ut
127 3127 295 3192 Manasses
317 3125 564 3200 benediceretur,
590 3126 665 3208 qnia
688 3130 755 3188 erat
777 3130 855 3188 natu
878 3126 992 3197 maior;
1027 3125 1141 3209 Ioseph
1165 3127 1248 3190 enIm

71 3233 201 3298 adduxit
224 3253 296 3296 enm
321 3232 360 3294 ad
376 3252 505 3294 manum
520 3231 682 3294 dexteram
696 3228 797 3312 patris
821 3229 869 3293 sui
885 3228 988 3294 Iacob.
1035 3229 1125 3293 Vidit
1141 3235 1247 3293 antem

71 3339 183 3422 spiritu
207 3336 301 3400 Iacob
318 3336 455 3419 figuram
476 3334 589 3417 populi
603 3333 735 3397 venturi.
781 3333 825 3397 Et
848 3333 923 3415 quid
945 3338 1053 3397 narrat
1068 3334 1247 3417 scriptura?

73 3446 113 3507 Et
133 3447 348 3506 commutante
376 3443 475 3504 Iacob
499 3459 618 3503 acernae
646 3459 727 3502 errae
751 3447 783 3502 e!
810 3440 984 3501 dexteram
1009 3443 1125 3519 poenit
1146 3458 1248 3519 neper
1262 3457 1287 3494 2⁶

71 3557 169 3631 capnt!
184 3549 356 3629 Ephraim,
379 3551 519 3608 ccrinorc'e
543 3565 582 3607 oc
602 3549 756 3623 decretoria,
779 3552 812 3607 et
835 3545 1005 3606 beneclc'ac't
1027 3545 1089 3605 illi.
1136 3546 1246 3607 nten-

72 3674 131 3734 que
154 3654 273 3733 loseph
298 3653 344 3714 ed
364 3653 482 3714 Jacob:
515 3652 680 3727 Transfer
702 3651 876 3713 dexteram
908 3656 1000 3711 tuere
1027 3667 1128 3728 nuper
1150 3657 1249 3729 ceput

139 3836 1246 3903 aMatth.aa,e2-44.-3Ps.109,1.-51es.45‚1.-8Marc.1·2,

72 3929 110 3987 37.
132 3928 167 3981 ef.
188 3926 289 3981 aranu
309 3927 350 3985 22,
370 3928 421 3986 45;
450 3926 513 3979 Luc.
533 3925 580 3988 20,
599 3927 642 3979 44.
670 3956 704 3965 -
735 3927 765 3979 ll
787 3926 853 3981 Gen.
873 3925 914 3988 ⁴25,
934 3926 975 3980 21.
1003 3955 1038 3965 -
1067 3925 1099 3979 13
1118 3924 1185 3979 Gen.
1205 3925 1247 3987 25,

72 4016 173 4070 22-23
193 4016 229 4068 cf.
247 4014 327 4069 Rom.
338 4014 361 4075 9,
374 4014 482 4069 10-12.
504 4043 537 4054 ·-
557 4015 589 4067 19
608 4013 676 4068 Gen.
687 4013 729 4075 48,
743 4016 783 4070 ll.
798 4044 830 4054 -
850 4013 884 4066 20
905 4012 1058 4076 uentae.
1077 4042 1112 4051 —
1131 4011 1164 4064 25
1179 4010 1246 4065 Gen.

72 4102 110 4161 48,
133 4103 245 4158 13-19.

106 4260 145 4315 10.
164 4260 314 4330 μέλλουσιν
331 4259 366 4330 t]
386 4276 421 4313 se.
441 4258 539 4312 Iudaei
559 4261 587 4313 et
604 4259 645 4312 iu·
658 4261 661 4315 Ι
673 4259 798 4312 invenies
818 4258 904 4311 etiam
923 4257 998 4325 apud
1017 4254 1090 4309 'lert
1104 4254 1175 4308 Adv.
1188 4254 1245 4307 Iud.

75 4347 215 4401 daizantea
234 4347 397 4401 Christiani.
424 4346 465 4400 cf.
486 4347 553 4399 lust.
573 4345 644 4399 Diol.
657 4360 660 4437 p
673 4363 696 4400 e.
710 4349 743 4407 7;
762 4345 832 4399 Adr.
844 4345 924 4398 Prax.
936 4359 958 4397 c.
972 4342 1018 4405 ll;
1039 4342 1121 4411 Oppr.
1132 4341 1245 4395 Tastina

75 4450 95 4486 c.
112 4435 154 4489 48.
173 4435 215 4490 49.
673 4434 692 4495 Ι,
712 4435 760 4494 21;
779 4430 879 4485 Norat.
899 4431 939 4485 De
957 4429 1046 4484 trinit.
1066 4445 1090 4485 9.
1108 4429 1158 4483 21.-

143 4525 181 4577 11.
202 4520 393 4598 S.·Seriptura
411 4520 427 4572 l.
448 4537 470 4573 e.
490 4536 541 4588 pro
559 4524 645 4596 κυρίῳ
707 4519 784 4580 XIII,
811 4521 834 4573 5.
872 4519 913 4573 cf.
941 4518 1094 4572 Altercatio
1123 4516 1188 4572 Sim.
1219 4520 1248 4571 et

76 4604 158 4661 habet
170 4608 264 4683 Κύρῳ,
279 4607 357 4677 Cyro.
395 4606 468 4660 Illud
479 4606 645 4661 vocabulum
673 4607 798 4676 Theoph.
818 4608 851 4671 V,
870 4607 918 4669 20;
937 4605 1009 4669 VIII,
1029 4605 1070 4660 29.
