2834 5018
180 312 243 376 612
616 297 932 355 HERMAEPASTOR

179 482 371 566 ήοίκοδομὴ
403 491 458 544 τοῦ
488 481 606 565 πύργου
635 489 690 565 μιᾷ
721 479 802 562 χρόᾳ
831 477 953 564 ἐγένετο
987 477 1136 561 λαμπρὰ
1175 479 1221 556 ὡς
1252 481 1269 544 6
1296 481 1374 564 ήλιοζ.

182 592 210 653 5.
235 589 314 671 μετὰ
336 586 371 649 δὲ
393 588 428 649 τὸ
444 586 600 651 εἰσελθεῖν
624 587 736 660 αὐτοὺς
752 583 802 646 ἐπί
825 585 860 645 τὸ
875 585 952 645 αύτὸ
974 585 1034 646 καί
1052 584 1226 666 γενέσθαι
1243 586 1277 650 ἓν
1292 596 1373 668 σῶμα

180 692 258 764 τινές
282 689 315 768 ἐξ
346 691 448 753 αὐτῶν
473 689 601 774 ἐμίαναν
629 688 758 763 ἑαυτοὺς
787 689 840 750 καί
864 685 1096 772 ἐξεβλήθησαν
1136 688 1181 752 ἐκ
1206 700 1264 753 τοῦ
1286 690 1373 774 γένος

181 804 243 858 τῶν
266 794 394 858 δικαίων
421 795 475 857 καί
497 793 591 857 πάλιν
619 790 779 876 ἐγένοντο,
810 790 867 856 οίοι
890 791 1045 874 πρότερον
1070 791 1188 877 ήσαν,
1214 794 1372 878 μᾶλλονδὲ

156 898 201 983 ιή
224 898 371 982 χείρονες.

272 1001 334 1071 18.
358 1003 440 1082 Πῶς,
465 1002 553 1087 φημί,
575 1001 673 1083 κύριε,
697 999 839 1084 ἐγένοντο
860 999 1010 1082 χείρονες,
1036 1003 1127 1066 θεὸν
1153 1002 1372 1088 ἐπεγνωκύπςς

183 1108 220 1172 Ὁ
243 1111 285 1193 μὴ
307 1106 480 1193 γινώσκων,
505 1105 589 1189 φησί,
614 1106 690 1170 θεὸν
713 1106 766 1167 καί
789 1103 1038 1188 πονηρευύμενος
1063 1105 1142 1187 ἐχει
1167 1107 1304 1172 κύλασίν
1322 1130 1372 1171 τινι

181 1223 236 1295 τῆς
258 1212 406 1296 πονηρίας
430 1214 540 1289 αὐτοῦ,
573 1210 647 1273 ὀδὲ
670 1211 746 1276 θεὸν
769 1208 911 1293 ἐπιγνούς
940 1208 1049 1273 ούκέτι
1085 1211 1222 1293 ὀφείλει
1244 1213 1372 1297 πονρρεύ

184 1320 294 1395 εσθαι,
328 1316 401 1379 ἀλλ’
433 1318 649 1401 ἀγαθοποιεῖν.
707 1319 736 1380 2.
767 1313 822 1377 ἐὰν
854 1313 907 1376 ούν
941 1312 958 1375 6
988 1313 1142 1395 ὀφείλων
1180 1300 1372 1402 ἀγαθοποιεν

145 1440 170 1477 ιο
183 1419 403 1504 πονηρεύηται,
436 1422 472 1483 ού
496 1420 582 1483 δοκεῖ
612 1418 741 1482 πλείονα
762 1417 911 1502 πονηρίαν
939 1426 1043 1481 ποιεῖν
1066 1423 1168 1503 παρὰ
1193 1425 1250 1488 τὸν
1279 1427 1319 1507 μὴ
1336 1444 1371 1506 γι·

183 1523 345 1586 νύσκοντα
373 1526 426 1587 τὸν
450 1525 544 1603 θεύνς
575 1525 626 1588 διὰ
656 1533 747 1586 τοῦτο
770 1523 799 1586 οί
821 1524 863 1606 μή
891 1520 1113 1607 ἐγνωκ[ύ]τες
1148 1528 1236 1591 θεὸν
1262 1528 1314 1590 καί
1333 1547 1370 1588 το

183 1628 379 1712 νηρευύμενοι
394 1629 570 1713 κεκριμένοι
594 1629 669 1693 εἰσίν
685 1628 728 1704 εἰς
750 1628 898 1705 θάνατον,
915 1625 943 1688 οἱ
966 1625 1002 1688 δέ
1018 1628 1076 1689 τὸν
1105 1632 1197 1695 θεὸν
1219 1631 1372 1717 ἐγνωκίτες

182 1735 237 1796 καί
260 1734 299 1796 τὰ
315 1733 465 1816 μεγαλεῖα
488 1736 584 1797 αὐτοῦ
601 1733 776 1817 ἑωρακότες
790 1732 843 1794 καί
859 1730 1111 1814 πονηρευόμενοι
1130 1735 1259 1813 δισσῶς
1274 1736 1371 1800 κολιο·

184 1838 337 1921 θήσονται
366 1839 421 1899 καί
444 1838 679 1904 ἀποθανοῦνται
709 1837 752 1910 είς
775 1838 828 1900 τὸν
857 1835 965 1897 αἰῶνα.
1013 1838 1125 1914 ούτως
1152 1843 1215 1905 ούν
1239 1845 1371 1924 καθαριε-

146 1962 170 1998 ιι
185 1942 318 2025 θήσεται
346 1940 366 2023 ι)
395 1940 548 2025 ἐκκλησία
575 1952 630 2004 τοῦ
660 1945 748 2008 θεοῦ.
794 1945 824 2008 3.
857 1939 899 2014 ὡς
928 1938 962 2001 δέ
986 1936 1071 2016 είδες
1107 1942 1153 2007 ἐκ
1186 1956 1248 2010 τοῦ
1275 1946 1372 2028 πύργον

183 2048 254 2120 τοὺς
283 2045 393 2120 λίθους
428 2045 610 2132 [ήρ]μένους
639 2046 693 2107 καί
724 2042 992 2127 παραδεδομένους
1024 2054 1095 2121 τοῖς
1131 2050 1299 2135 πνεύμασι
1326 2057 1372 2121 τοῖς

184 2159 328 2234 πονηροῖς
356 2153 410 2213 καί
440 2151 565 2215 ἐκεῖθεν
596 2149 826 2235 ἐκβληθέντας,
857 2149 910 2211 καί
932 2148 1022 2211 ἔσται
1053 2149 1090 2214 ἓν
1119 2163 1226 2239 σῶμα
1258 2167 1318 2221 τῶν
1336 2174 1372 2216 κε-

184 2252 411 2336 καθαρμένων,
440 2255 545 2335 ὥσπερ
574 2255 629 2315 καί
651 2254 669 2316 6
691 2253 806 2337 πύργος
835 2251 956 2335 ἐγένετο
980 2251 1025 2328 ὡς
1051 2253 1087 2332 ἐξ
1114 2256 1196 2335 ἑνὸς
1225 2259 1319 2326 λίθου
1336 2279 1372 2342 γε·

184 2359 284 2441 γονὼς
307 2359 385 2440 μετὰ
407 2360 442 2419 τὸ
465 2361 703 2442 καθαρισθήναι
727 2357 835 2421 αὐτόν·
858 2359 957 2430 ούτως
979 2357 1073 2421 ἐσται
1098 2365 1166 2426 καί
1191 2363 1214 2446 ἡ
1239 2362 1372 2447 ἐκκλησία

145 2481 171 2520 ω
185 2470 239 2523 τοῦ
268 2465 347 2526 θεοῦ
378 2463 456 2544 μετὰ
487 2464 523 2525 τὸ
551 2464 790 2546 καθαρισθήναι
821 2463 917 2545 αὐτήν
949 2462 1003 2524 καί
1041 2464 1289 2554 ἀποβληθήναι
1319 2470 1372 2540 τούς

185 2568 338 2649 πονηροὺς
360 2567 413 2628 καί
429 2566 596 2648 ύποκριτὰς
618 2568 672 2629 καί
688 2565 891 2652 βλασφήμους
912 2568 966 2629 καί
982 2565 1150 2651 διψύχους
1167 2575 1227 2637 καί
1243 2592 1372 2657 πονηρεο

185 2669 313 2753 ομένους
342 2669 497 2745 ποικίλαις
528 2670 696 2755 πονηρίαις.
750 2676 780 2737 4.
811 2673 889 2753 μετὰ
919 2671 954 2733 τὸ
984 2658 1372 2764 τούτους“ἀποβληθήνπ

185 2775 272 2837 ἐσται
294 2773 314 2856 ή
338 2773 492 2857 ἐκκλησία
514 2784 569 2836 τοῦ
594 2777 672 2840 θεοῦ
695 2775 728 2837 ἓν
752 2783 853 2858 σῶμα,
876 2772 930 2856 μία
954 2773 1130 2860 φρόνησις,
1158 2779 1208 2857 είς
1231 2790 1312 2858 νοῦς,
1331 2777 1372 2860 μίι

185 2878 294 2956 πίστις,
318 2877 373 2961 μία
402 2877 526 2961 ἀγάπη·
557 2880 611 2941 καί
642 2879 712 2942 τύτε
735 2879 751 2942 6
776 2879 840 2954 υίὸς
869 2886 924 2940 τοῦ
954 2880 1035 2943 θεοῦ
1068 2880 1314 2963 ἀγαλλιάσεται
1333 2881 1372 2944 καὶ

146 2999 172 3038 2⁶
186 2981 436 3065 εὐφρανθήσεται
471 2980 503 3044 ἐν
536 2983 640 3057 αύτοῖς
672 2982 852 3066 ἀπειληφὼς
883 2983 937 3043 τὸν
969 2980 1052 3046 λαὸν
1089 2987 1202 3052 αὐτοῦ
1235 2985 1373 3069 καθαρὸν.

187 3085 357 3170 Μεγάλως,
386 3084 477 3169 φημί,
507 3083 608 3167 κύριε,
638 3087 692 3148 καί
716 3085 848 3163 ἐνδόξως
870 3085 973 3149 πάντα
996 3085 1078 3168 ἔχει.
1131 3095 1166 3159 5,
1194 3092 1280 3171 Ἔτι,
1303 3087 1374 3174 φημ’.

186 3189 282 3271 κύριε,
305 3197 367 3253 τῶν
391 3188 487 3270 ὀρέων
510 3189 578 3264 ἐνὸς
600 3189 735 3253 ἑκάστου
757 3189 900 3274 δήλωσύν
923 3209 975 3271 μοι
1002 3191 1063 3272 τὴν
1087 3191 1237 3280 δύναμιν
1259 3199 1313 3260 καί
1332 3195 1375 3264 τὰς

186 3293 328 3375 πράξεις,
359 3294 411 3355 ίνα
443 3302 529 3355 πᾶσα
565 3293 649 3376 ψυχή
683 3298 855 3359 πεποιθυῖα
886 3293 936 3356 ἐπί
971 3295 1025 3356 τὸν
1062 3295 1185 3379 κύριον
1223 3300 1375 3364 ἀκούσασι

186 3396 314 3483 δοξάσῃ
346 3398 384 3461 τὸ
415 3399 502 3480 μέγα
535 3400 592 3463 καί
625 3397 829 3479 θαυμαστὸν
861 3399 915 3460 καί
950 3394 1081 3474 ἔνδοξον
1118 3403 1245 3485 ὄνομα
1274 3407 1374 3470 αὑτοῦ.

146 3523 171 3561 ω
186 3499 313 3580 Ἀκουε,
337 3499 421 3583 φησί,
444 3508 506 3563 τῶν
529 3499 626 3584 ὀρέων
648 3503 704 3584 τήν
726 3499 882 3565 ποικιλίαν
903 3501 957 3562 καί
981 3507 1045 3564 τῶν
1070 3501 1213 3570 δώδεκα
1230 3508 1342 3574 ἐθνῶν.

275 3602 337 3670 19.
362 3601 421 3666 Ἐκ
443 3614 497 3666 τοῦ
521 3603 644 3687 πρώτου
668 3608 758 3687 ύρους
781 3615 835 3668 τοῦ
855 3603 989 3688 μέλανος
1011 3603 1041 3666 οἱ
1066 3609 1308 3687 πιστεύσαντες
1327 3629 1376 3670 τα-

258 3742 418 3814 Ιλαμπρὸς
436 3741 460 3795 G
477 3741 481 3810 Ι
497 3743 513 3796 3
532 3740 562 3811 ἐξ
579 3740 671 3797 αὐτῶν
689 3737 912 3811 ΙιΑιὲξωίὶΙῧ
932 3739 1044 3812 ήτῆύί,
1068 3744 1167 3800 etiam
1182 3747 1360 3817 L¹‚>L¹(A)

186 3828 292 3883 ύθεὸν
311 3828 362 3880 6²:
379 3827 523 3882 dominum
535 3827 602 3891 L¹A,
619 3825 851 3900 χύύίΙ9ὁύφ.
871 3827 1186 3899 ἀγαθοποιεῖνΙιΑεὸ
1207 3831 1375 3909 φιλῶκᾶγυτ

186 3913 470 3983 G11566G2erg0
490 3915 654 3982 L¹‚>L²A
681 3914 844 3986 Hilgenfeld
872 3914 928 3981 (hic
957 3915 1046 3969 verba
1074 3915 1120 3986 ὼς
1138 3917 1220 3990 εἶδες
1237 3929 1297 3980 211.
1322 3936 1373 3974 cum

185 4000 425 4067 praecedentibus,
446 3998 536 4069 ούτως
552 4032 586 4039 -
605 4006 682 4064 θεοῦ,
702 4001 887 4072 coniungens)
903 4001 907 4069 Ι
926 4001 958 4056 16
978 4001 1126 4074 ἡρμὲνους
1145 4008 1215 4063 GL·
1234 4007 1373 4078 (ereet0s}:

187 4086 290 4140 eiectos
309 4089 368 4140 L¹A
384 4089 388 4158 )
406 4091 437 4144 17
460 4087 646 4162 ἐκβληθέντας
663 4089 781 4158 G(L¹A)
795 4108 801 4142 :
814 4091 848 4160 -Ι-
861 4092 889 4143 et
908 4089 965 4157 ipsi
984 4089 1062 4143 enim
1090 4091 1266 4152 abicientur
1284 4097 1316 4151 [ι’
1332 4102 1372 4160 με

187 4188 254 4224 vera
272 4174 410 4229 eiusmodi
423 4176 510 4229 verba
528 4175 623 4229 deesse
633 4175 772 4241 videntur,
792 4176 874 4230 testis
887 4178 983 4229 autem
1002 4175 1061 4231 fide
1074 4180 1178 4236 minus
1192 4185 1299 4256 dignus
1311 4185 1369 4249 εει),

188 4258 220 4310 27
242 4263 365 4329 δήλωσον
383 4261 496 4321 Ῑιύιῖῐε
514 4263 560 4331 (=
571 4263 659 4335 κύριε)
678 4263 745 4318 αθ
