2834 5018
387 661 436 716 AD
456 659 701 716 POLYCARPUM
720 660 779 723 VII,
799 659 921 724 l-VIIl,
940 661 964 716 3.
1198 664 1262 729 295

87 841 310 926 tranquilliore
334 841 439 904 animo
469 862 538 904 sum
567 841 600 904 in
631 840 799 904 securitate
830 840 897 913 dei,
929 840 957 903 si
985 839 1078 903 modo
1107 860 1164 922 per
1185 860 1260 922 pas·

88 947 209 1010 sionem
233 947 325 1009 deum
349 967 508 1030 assequar,
532 950 568 1009 ut
588 947 621 1010 in
644 944 871 1009 resurrectione
894 942 1065 1026 discipulus
1087 947 1189 1006 vester
1210 943 1260 1006 in·

85 1050 201 1113 veniar.
249 1052 278 1113 2.
303 1050 412 1127 Decet,
429 1050 606 1134 Polycarpe
622 1051 655 1114 in
678 1051 736 1114 deo
751 1050 941 1126 beatissime,
966 1049 1132 1132 concilium
1148 1069 1261 1132 cogere

88 1155 146 1217 deo
170 1155 425 1218 decentissimmn
448 1160 480 1218 et
503 1156 618 1240 eligere
653 1155 806 1238 aliquem,
839 1174 931 1236 quem
959 1153 1050 1217 valde
1073 1174 1180 1217 carum
1201 1152 1261 1217 ha-

85 1259 189 1323 beatis
213 1262 245 1321 et
266 1258 447 1343 impigrum,
473 1260 527 1344 qui
548 1260 666 1343 poterit
689 1261 812 1323 divinus
836 1280 943 1322 cursor
959 1258 1128 1342 appellari:
1151 1258 1288 1322 illum-⁶

87 1384 147 1446 que
171 1384 207 1426 eo
230 1363 362 1447 dignare
383 1363 514 1440 honore,
545 1370 581 1428 ut
604 1365 636 1427 in
660 1363 783 1447 Syriam
804 1362 966 1447 profectus
987 1362 1156 1448 impigram
1179 1362 1260 1426 cari·

86 1472 188 1531 tatem
211 1472 348 1530 vestram
372 1469 411 1531 ad
434 1468 484 1531 dei
507 1467 641 1551 gloriam
664 1467 809 1532 celebret.
856 1469 886 1531 3.
912 1464 1107 1530 Christianus
1129 1465 1179 1529 sui
1200 1487 1260 1549 po·

85 1575 233 1635 testatem
265 1592 329 1634 non
362 1570 476 1647 habet,
511 1572 565 1634 sed
599 1572 656 1635 deo
692 1576 791 1635 vacat.
849 1570 919 1634 Hoc
953 1574 1002 1634 est
1035 1591 1114 1653 opus
1147 1570 1196 1633 dei
1230 1574 1261 1633 et

86 1680 235 1752 vestrum,
263 1677 388 1760 quando
411 1677 444 1739 id
465 1675 670 1758 perfeceritis.
717 1675 848 1740 Confido
871 1675 954 1739 enim
969 1675 1100 1758 gratiae,
1125 1697 1180 1738 vos
1202 1698 1260 1758 pa·

84 1786 170 1843 ratos
201 1802 268 1844 esse
299 1782 339 1845 ad
368 1802 447 1864 opus
479 1780 596 1843 bonum
629 1780 669 1842 ad
698 1779 790 1842 deum
822 1778 991 1861 pertinens.
1038 1777 1116 1843 Cum
1148 1779 1259 1843 scirem
1274 1799 1299 1835 ιο

83 1884 250 1948 vehemens
281 1888 420 1949 restrum
444 1904 519 1967 erga
553 1883 718 1947 veritatem
740 1883 896 1958 studium,
932 1883 1022 1946 brevi
1044 1883 1182 1967 epistula
1203 1905 1259 1946 ros

83 1988 273 2052 adhortatus
297 2012 386 2053 sum.

171 2091 259 2156 VIII.
286 2093 441 2168 Quoniam
463 2093 561 2177 igitur
584 2092 729 2157 omnibus
752 2090 892 2155 ecclesiis
916 2092 1050 2156 scribere
1073 2113 1135 2156 non
1158 2092 1258 2176 potui,

83 2197 159 2279 quia
181 2201 310 2280 repente
327 2221 346 2260 a
370 2197 492 2262 Troade
508 2197 687 2280 Neapolim,
713 2196 800 2259 iussu
822 2195 867 2259 ita
888 2196 1080 2278 postulante,
1103 2195 1258 2279 navigavi,

82 2306 127 2376 tu,
153 2301 208 2384 qui
231 2303 406 2366 sententiae
430 2303 479 2366 dci
495 2304 538 2366 sis
562 2324 699 2386 compos,
725 2300 842 2365 scribes
858 2301 999 2365 ecclesiis
1021 2323 1128 2365 versus
1144 2300 1257 2364 Orien·
1273 2315 1298 2355 ιι

81 2409 147 2467 tem
171 2404 256 2480 sitis,
282 2410 317 2468 ut
339 2411 371 2469 et
393 2406 455 2489 ipsi
478 2406 560 2469 idem
577 2405 720 2498 ¹faciant,
746 2405 800 2488 qui
822 2405 954 2488 possint,
978 2406 1098 2489 pedites
1120 2404 1257 2480 mittant,

83 2509 138 2573 alii
161 2530 234 2571 vero
258 2509 411 2592 epistulas
434 2532 490 2593 per
513 2531 578 2587 eos,
614 2510 669 2593 qui
692 2533 710 2573 a
732 2514 764 2573 te
786 2509 960 2586 mittentur,
984 2514 1019 2573 ut
1041 2508 1259 2595 glorificemini

82 2621 211 2679 aeterno
236 2636 339 2697 opere,
365 2617 630 2698 quemadmodum
654 2615 769 2699 dignus
792 2635 835 2677 es.
882 2615 911 2676 2.
937 2613 1047 2678 Saluto
1070 2636 1178 2679 omnes
1199 2636 1257 2678 no·

81 2719 227 2783 minatim
251 2724 282 2783 et
304 2719 453 2804 Epitropi
477 2742 609 2784 uxorem
632 2743 703 2784 cum
725 2723 794 2783 tota
810 2719 904 2782 domo
926 2741 984 2782 sua
1006 2723 1037 2782 et
1051 2719 1168 2784 liberis.
1199 2719 1258 2784 Sa·

80 2825 150 2888 luto
175 2822 323 2887 Attalum
345 2824 423 2887 mihi
447 2847 566 2888 carum.
613 2823 727 2889 Saluto
750 2845 831 2901 eum,
856 2823 911 2906 qui
933 2823 1127 2906 profectione
1148 2825 1182 2888 in
1198 2823 1257 2908 Sy·
1272 2841 1297 2878 ιι

79 2929 160 2992 riam
190 2928 304 3011 dignus
336 2928 514 2993 habebitur.
562 2928 670 2993 Gratia
692 2929 725 2992 in
753 2931 942 3011 perpetuum
966 2950 1037 2992 cum
1064 2929 1121 2993 illo
1145 2930 1204 2994 erit
1227 2933 1259 2994 et

80 3057 153 3098 cum
176 3034 321 3096 mittente
351 3032 443 3096 illum
467 3033 655 3117 Polycarpo.
702 3035 732 3096 3.
758 3031 843 3116 Opto
874 3053 929 3096 vos
952 3054 1076 3116 semper
1098 3033 1203 3098 valere
1225 3034 1258 3097 in

80 3140 139 3202 deo
162 3142 272 3201 nostro
295 3137 366 3200 Iesu
390 3137 525 3213 Christo,
549 3160 606 3222 per
629 3159 722 3222 quem
744 3138 777 3201 in
802 3137 851 3200 dei
873 3138 995 3202 unitate
1018 3142 1050 3202 et
1072 3140 1257 3222 episcopatu

79 3241 303 3325 permaneatis.
350 3240 461 3306 Saluto
485 3242 603 3319 Alcen,
638 3242 844 3306 desiderabile
875 3241 952 3305 mihi
975 3264 1097 3306 nomeu.
1144 3241 1257 3305 Valete

79 3347 112 3409 in
137 3346 273 3409 domino.
1270 3361 1295 3399 ιι

115 3481 139 3534 3.
159 3483 254 3535 Ioann.
281 3481 360 3534 Dani.
381 3482 407 3535 S.
426 3482 456 3535 P.
481 3479 605 3546 Lequien
622 3480 656 3542 11,
686 3486 756 3537 θεοῦ
773 3481 942 3552 κεκτημένος
958 3481 1057 3535 referri
1076 3484 1104 3534 et
1127 3481 1213 3534 verba
1231 3480 1256 3538 ol

79 3570 145 3631 724;
174 3568 239 3622 Holl
268 3586 295 3636 p.
315 3568 348 3621 27
377 3571 424 3634 (—
451 3568 595 3639 σχολάζει).
624 3598 656 3606 -
683 3567 736 3637 μὲν
753 3567 899 3636 δυνάμενοι
926 3600 960 3608 -
986 3565 1058 3645 ἔργῳ
1081 3569 1256 3638 parenthesis

79 3657 248 3727 Χριστιανὸς
265 3655 335 3724 att]
355 3654 371 3706 i.
386 3671 409 3707 c.
425 3652 603 3708 Christianus
615 3653 655 3706 ni·
683 3653 782 3707 baberi
800 3660 934 3724 possunt;
956 3656 1106 3710 sinautem
1125 3657 1175 3710 illa
1193 3672 1256 3709 cum

78 3742 119 3794 hil
138 3758 190 3809 pro
212 3759 249 3804 se,
270 3740 319 3794 sed
335 3741 430 3794 onmia
447 3758 498 3809 pro
517 3741 576 3794 Deo
595 3741 656 3808 agit
684 3741 768 3794 verbo
787 3747 943 3814 δοξασθῆτε
962 3744 1124 3813 coniungas,
1137 3743 1173 3796 cf.
1186 3743 1257 3812 Eph.

78 3826 212 3896 (Helele).
685 3829 706 3890 1,
729 3831 755 3891 l;
783 3829 838 3884 Sua
859 3834 898 3894 ll,
918 3833 948 3894 3,
976 3829 1025 3884 ubi
1044 3830 1142 3883 similis
1170 3830 1255 3884 lectio

115 3914 189 3978 VIII,
211 3917 232 3969 l.
254 3914 373 3985 θέλημα]
392 3913 453 3968 Vox
465 3915 512 3968 hic
532 3913 566 3967 de
579 3931 654 3966 man·
682 3915 829 3983 reperitur.

78 4000 147 4054 dato
172 3999 351 4070 imperatoris
371 4017 419 4053 seu
447 4000 581 4064 militum,
607 4002 656 4068 qui
716 4005 741 4056 2.
761 4008 811 4073 τὴν
822 4012 872 4060 τοῦ
882 4004 1064 4075 Ἐπιτρόπου]
1077 4005 1094 4056 i.
1106 4019 1129 4056 e.
1142 4002 1255 4056 viduam

76 4088 222 4157 Ignatium
242 4086 398 4148 ducebant,
426 4087 593 4154 sedetiam,
623 4093 656 4143 ut
681 4088 829 4159 Epitropi‚
856 4093 888 4143 ut
906 4090 992 4143 verba
1018 4089 1166 4157 sequentia
1184 4088 1254 4143 indi·

76 4175 149 4244 Eph.
170 4176 212 4239 20,
234 4179 260 4236 1;
288 4175 367 4228 Rom.
390 4177 411 4234 l.
433 4176 461 4237 1;
490 4174 544 4229 Sm.
566 4178 610 4241 11,
632 4179 654 4241 l,
682 4193 745 4230 care
763 4176 901 4229 videntur.

77 4262 115 4316 de
132 4261 279 4316 voluntate
292 4260 345 4313 Dei
362 4260 491 4331 intellegi
504 4265 606 4332 potest.
622 4296 653 4303 —
717 4266 739 4318 3.
759 4261 905 4331 ἐπισκοπῇ]
924 4261 1003 4314 Hanc
1021 4262 1184 4325 lectionem,
1210 4263 1254 4316 cui

76 4358 138 4416 ταῖς
157 4346 320 4422 ἔμπροσθεν
339 4347 422 4419 taret]
442 4349 459 4402 i.
479 4366 501 4403 e.
521 4353 654 4417 ecclesiis,
682 4351 769 4404 testes
787 4346 959 4422 principales
972 4347 1142 4402 unanimiter
1159 4352 1254 4418 patro-

76 4453 152 4504 quae
162 4438 260 4505 Syriae
272 4438 316 4492 vel
327 4437 497 4491 Antiochiae
509 4442 655 4509 propiores
683 4437 818 4499 cinantur‚
839 4433 920 4487 alteri
933 4434 979 4486 vix
988 4440 1160 4505 postponere
1178 4436 1254 4491 licet.

75 4527 160 4580 erant
184 4541 269 4592 quam
288 4524 442 4592 Smyrnaei.
466 4556 501 4564 —
522 4522 562 4593 ὼς
578 4522 655 4595 ἄξιος
682 4523 724 4577 De
751 4523 915 4592 episcopatu
943 4522 997 4577 Dei
1023 4524 1083 4594 Igu.
1111 4524 1197 4578 etiam
1224 4525 1254 4577 in

73 4607 128 4681 ὤν]
157 4610 235 4666 Haec
261 4612 348 4666 verba
373 4611 410 4664 ad
436 4611 598 4685 γράψεις..
616 4610 655 4680 ὼς
682 4609 864 4679 inscriptione
876 4608 957 4662 huius
970 4609 1110 4681 epistulae
1121 4609 1253 4678 loquitur.

564 4756 772 4765 -—-——-
