2834 5018
188 322 250 386 104
659 316 672 369 1
691 314 896 372 onnonnns

188 496 216 559 5.
240 495 434 577 ήσύχασον·
459 494 544 578 πρὸς
569 492 608 557 σὲ
630 495 652 577 ή
676 493 878 578 ἀποστροφή
894 495 1009 571 αὐτοῦ,
1033 492 1089 556 καὶ
1113 492 1155 555 σὺ
1178 490 1290 577 ἄρξεις
1306 495 1366 557 αύ-

187 603 256 663 ιοῦ.
303 601 332 663 6.
357 598 414 661 καί
438 597 534 662 εἶπεν
550 597 643 663 Κάῖν
658 599 744 683 πρὸς
760 597 867 682 Ἀβελ
882 599 943 663 τὸν
965 597 1117 680 ἀδελφὸν
1132 599 1250 661 αὐτοῦ·
1274 596 1367 661 Διέλ-

186 701 308 784 θωμεν
330 705 378 784 εἰς
401 704 439 768 τὸ
464 703 593 769 πεδίον.
639 704 697 768 καί
720 703 853 786 ἐγένετο
876 703 984 786 ἐντῷ
1008 702 1095 766 εἶναι
1118 703 1241 782 αὐτούς
1265 702 1304 766 ἐν
1319 708 1366 786 τῷ

187 806 304 891 πεδίῳ,
329 807 455 893 ἀνέστη
478 807 574 873 Κάῖν
596 809 652 873 ἐπὶ
676 807 783 892 ’Area
805 808 866 873 τὸν
888 806 1039 891 ἀδελφὸν
1062 808 1167 870 αὐτοῦ
1189 808 1367 873 καῖάπέιι-

161 931 297 977 ῡτεινεν
314 914 428 978 αὐτόν.
477 916 505 980 7.
530 912 631 995 δρᾶτε,
650 911 791 994 ἀδελφοί,
808 910 901 996 ζῆλος
916 913 970 974 καί
987 909 1106 993 φθόνος
1122 910 1366 993 ἀδελφοκτονίαν

186 1017 424 1100 κατειργάσατο.
471 1021 501 1083 8.
525 1017 576 1080 διὰ
605 1015 699 1101 ζῆλος
722 1017 739 1079 δ
770 1018 872 1099 πατήρ
902 1014 991 1099 ήμῦν
1015 1014 1131 1100 Ἰακὼβ
1161 1014 1281 1099 ἀπέδρα
1305 1018 1367 1081 άπὸ

186 1121 355 1204 προσώπου
379 1120 481 1185 Ἠσαῦ
504 1130 559 1185 τοῦ
582 1121 720 1204 ἀδελφοῦ
745 1122 850 1185 αὑτοῦ.
898 1124 927 1188 9.
952 1120 1046 1204 ζῆλος
1079 1120 1223 1206 ἐποίησεν
1248 1121 1366 1204 Ἰωσήφ

187 1224 276 1309 μέχρι
299 1227 442 1292 θανάτου
465 1226 641 1309 διωχθῆναι
663 1227 716 1288 καί
742 1223 832 1309 μέχρι
855 1224 997 1300 δουλείας
1024 1225 1190 1292 εἰσελθεῖν.
1239 1229 1287 1292 10.
1314 1226 1366 1310 ζῆ·

188 1329 241 1405 λος
264 1340 372 1414 φυγεῖν
404 1332 582 1415 ἠνάγκασεν
605 1328 743 1414 Μωῦσῆν
772 1330 834 1393 ἀπδ
865 1328 1035 1411 προσώπου
1063 1329 1184 1412 Φαραὼ
1213 1329 1366 1416 βασιλέως

149 1449 174 1485 1⁰
187 1433 346 1518 Αἰγύπτου
369 1433 469 1518 ἐντῷ
492 1436 625 1498 ἀκοῦσαι
648 1436 742 1498 αὑτὸν
766 1436 828 1498 ἀπὸ
850 1443 905 1497 τοῦ
921 1434 1099 1517 ὁμοφύλου·
1126 1434 1183 1516 Τίς
1208 1456 1247 1500 σε
1269 1438 1366 1501 κατί-

187 1560 312 1625 σιησεν
327 1542 446 1625 κριτήν
468 1544 491 1624 ί]
506 1540 670 1624 δικαστήν
692 1541 746 1623 ἐφ’
763 1543 881 1624 ήμῶν·
902 1543 950 1623 μὴ
974 1540 1110 1605 ἀνελεῖν
1124 1563 1167 1621 με
1184 1543 1226 1606 σὺ
1241 1539 1365 1622 θέλεις,

186 1647 228 1709 δν
250 1646 380 1730 τρόπον
403 1644 534 1726 ἀνεῖλες
558 1643 657 1727 ἐχθὲς
680 1645 741 1710 τὸν
763 1644 969 1728 Αίγύπτιον;
994 1649 1042 1711 11.
1067 1645 1118 1707 διὰ
1134 1644 1228 1727 ζῆλος
1244 1643 1365 1728 Ἀαρὼν

184 1750 238 1811 καί
261 1747 390 1833 Μαριάμ
414 1748 474 1826 ἔξω
497 1759 552 1832 τῆς
575 1748 775 1833 παρεμβολῆς
805 1747 1015 1833 ηὐλίσθησαν.
1062 1753 1112 1815 12.
1137 1748 1230 1833 ζῆλος
1253 1750 1365 1817 Δαθὰν

185 1855 238 1915 καί
261 1851 411 1939 Ἀβειρὼν
434 1853 555 1931 ζῶντας
577 1851 755 1936 κατήγαγεν
772 1852 815 1928 εἰς
837 1853 914 1935 ᾅδου
939 1853 990 1915 διὰ
1012 1854 1048 1915 τὸ
1064 1853 1235 1916 στασιάσαι
1255 1855 1366 1929 αὐτοὺς

147 1973 173 2012 1⁶
186 1957 262 2038 πρὸς
294 1958 347 2020 τὸν
381 1956 563 2039 θεράποντα
594 1964 648 2020 τοῦ
679 1959 757 2022 θεοῦ
789 1955 937 2040 Μωῦσῆν.
985 1959 1035 2022 13.
1069 1957 1120 2020 διὰ
1152 1956 1246 2041 ζῆλος
1270 1959 1365 2022 Δαυίδ

184 2060 305 2142 φθάνον
328 2061 424 2143 ἔσχεν
448 2062 484 2124 ού
500 2061 594 2145 μόνον
619 2061 680 2124 ὑπὸ
701 2070 764 2125 τῶν
782 2060 981 2144 ἀλλοφύλων,
1008 2061 1161 2125 ἀλλὰκαὶ
1184 2062 1245 2126 ύπδ
1260 2063 1366 2127 Σαοὺλ

185 2162 339 2249 βασιλέως
365 2163 491 2249 Ἰσραήλ
514 2165 666 2251 ἐδιώχθη.

273 2271 313 2335 V.
338 2267 426 2333 Ἀλλ’
451 2271 503 2334 ἵνα
525 2277 588 2333 τῶν
612 2269 751 2352 ἀρχαίων
775 2270 1012 2354 ὑποδειγμάτων
1027 2271 1237 2354 παυσάμεθα,
1262 2272 1365 2338 ἔλθω-

187 2392 242 2454 μεν
265 2371 314 2435 ἐπί
337 2376 408 2448 τοὺς
441 2374 569 2458 ἔγγιστα
590 2373 775 2458 γενομένους
806 2374 967 2459 ἀθλητάς·
1003 2374 1148 2461 λάβωμεν
1171 2386 1225 2459 τῆς
1256 2386 1365 2460 γενεᾶς

148 2494 173 2531 2⁰
186 2475 275 2559 ήμῶν
298 2479 337 2540 τὰ
359 2488 487 2562 γενναῖα
510 2478 731 2563 ὑποδείγματα.
777 2482 807 2545 2.
831 2480 883 2543 διὰ
905 2479 1000 2563 ζῆλον
1015 2482 1069 2543 καί
1094 2481 1214 2562 φθάνον
1231 2481 1259 2544 oi
1282 2481 1366 2565 μὲγι·

187 2603 254 2646 στοι
277 2585 331 2645 καί
354 2583 543 2648 δικαιότατοι
573 2583 679 2647 στύλοι
703 2583 905 2671 ἐδιώχθησαν
934 2587 987 2648 καί
1011 2586 1070 2659 ἕως
1100 2585 1242 2650 θανάτου
1265 2585 1366 2670 ήθλη-

188 2708 257 2753 σαν.
303 2690 333 2751 3.
358 2687 503 2772 λάβωμεν
526 2690 585 2770 πρδ
601 2689 779 2772 ὀφθαλμῶν
794 2689 883 2773 ήμῶν
899 2694 970 2765 τοὺς
993 2690 1136 2774 ἀγαθοὺς
1152 2689 1365 2766 ἀποστόλους·

186 2796 216 2857 4.
240 2790 370 2875 Πέτρον,
395 2794 428 2868 ὃς
451 2793 503 2856 διὰ
524 2792 620 2878 ζῆλον
645 2793 753 2858 άδικον
776 2796 836 2877 οὑχ
859 2795 914 2858 ἕνα
937 2794 1009 2857 οὑδὲ
1025 2793 1090 2872 δύο,
1114 2792 1197 2856 ἀλλὰ
1221 2794 1366 2870 πλείονας

186 2895 359 2981 ὑπήνεγκεν
383 2898 496 2973 πόνους
518 2899 571 2960 καί
595 2901 676 2962 οὑτω
700 2898 897 2982 μαρτυρήσας
921 2898 1078 2982 ἐπορεύθη
1101 2898 1144 2974 εἰς
1167 2900 1220 2962 τδν
1243 2899 1365 2982 ὀφειλά-

146 3018 173 3056 ει
186 3020 278 3082 μενον
301 3001 396 3065 τύπον
420 3011 475 3084 τῆς
498 3000 598 3087 δύξης.
645 3005 673 3069 5.
698 3002 749 3066 διά
773 3002 867 3087 ζῆλον
889 3005 943 3066 καί
973 3003 1035 3084 ἔριν
1059 3001 1185 3078 Παῦλος
1208 3003 1365 3087 ὑπομονῆς

256 3171 272 3225 6
289 3173 511 3246 κατειργάσαντο
530 3172 556 3224 Η
572 3172 576 3243 1
592 3177 675 3242 ζῆλον
692 3173 726 3235 Η,
747 3171 876 3226 similiter
893 3175 994 3242 postea
1009 3176 1013 3242 Ι
1030 3172 1046 3227 8
1066 3173 1203 3231 εἰσελθεῖν
1215 3175 1240 3226 Α
1253 3194 1259 3227 :
1273 3173 1366 3232 ἐλθεῖν

185 3258 231 3311 HS
249 3257 295 3327 (2),
318 3257 449 3312 devenire
468 3258 489 3311 L
506 3261 510 3327 Ι
534 3260 563 3315 ll
584 3264 680 3333 κριτήν
697 3261 742 3314 A:
758 3255 882 3333 ἄρχοντα
901 3260 969 3313 flos
989 3260 1062 3313 LXX
1087 3262 1091 3331 ]
1115 3262 1132 3331 ἢ
1151 3261 1197 3314 AL
1209 3280 1216 3315 ι
1228 3265 1274 3318 καί
1293 3260 1339 3315 HS
1360 3263 1363 3329 Ι

187 3347 219 3401 12
235 3345 305 3418 χθὲς
323 3345 349 3399 Η
365 3347 369 3416 ]
385 3345 536 3416 διά>ΑΙ
559 3349 591 3402 13
609 3352 690 3418 ζῆλος
707 3346 824 3404 Ιιὸεδιὰ
841 3352 862 3417 ζ.
883 3347 935 3399 ΑΗ
959 3351 964 3415 Ι
992 3349 1024 3401 16
1043 3345 1098 3405 ὑπὸ
1117 3348 1161 3400 bis
1180 3346 1295 3405 Ατιίπδ
1314 3347 1362 3417 Η]

186 3432 240 3491 ὑπὸ
259 3449 305 3487 εει
317 3433 351 3505 -]»
365 3442 414 3490 τοῦ
433 3434 479 3502 Η]
496 3435 528 3489 17
546 3433 679 3508 βασιλέως
697 3436 808 3509 Ἰαρ.>
827 3435 922 3501 11123
942 3435 1051 3509 Πέτρον
1071 3434 1102 3502 δς
1115 3433 1182 3487 HL:
1202 3455 1320 3492 ....οσ
1333 3435 1364 3497 Α,

186 3522 317 3576 PetrusS

222 3663 245 3715 5.
274 3662 345 3735 πρὸς
363 3661 394 3719 σὲ
411 3662 481 3730 κτλ]
510 3663 528 3715 i.
548 3677 608 3718 απ
636 3679 681 3716 me
704 3679 762 3717 non
789 3663 835 3726 ΙΙΙ,
855 3663 897 3715 24.
918 3663 959 3715 25.
979 3662 1019 3716 28.

187 3748 322 3818 recipitur
342 3749 446 3802 donum
464 3751 551 3802 tuum.
826 3750 865 3805 10.
884 3750 1014 3823 ιιριτήνή
1035 3748 1098 3818 δικ]
1119 3747 1161 3804 ef.
1180 3748 1244 3802 Lne.
1266 3749 1306 3809 12,
1326 3750 1363 3804 14

222 3836 245 3890 8.
265 3835 281 3892 ὁ
299 3840 391 3909 πατὴρ
409 3835 498 3906 ἡμῶν]
518 3834 561 3890 cf.
580 3835 621 3899 31,
641 3838 664 3890 2.
702 3837 762 3890 Ηου
826 3837 867 3890 12.
887 3837 1049 3910 θεράποντα
1063 3845 1113 3893 τοῦ
1126 3837 1206 3905 θεοῦ]
1229 3837 1270 3890 cf.
1285 3837 1365 3890 Barn.

187 3920 271 3975 modo
290 3921 445 3975 Christiani
468 3938 526 3976 non
551 3923 641 3977 solnm
667 3940 701 3977 ex
719 3925 761 3977 Iu·
792 3924 832 3986 14,
850 3925 875 3977 4.

188 4007 273 4071 dreis,
293 4008 443 4063 sedetiam
462 4026 477 4063 o
495 4009 648 4079 gentilibus
667 4008 762 4077 loque·
824 4009 856 4073 V,
879 4013 900 4065 1.
921 4006 1035 4084 ἔγγιστα
1054 4050 1079 4063 ..
1101 4010 1208 4083 γενεᾶς]
1224 4011 1293 4065 Cum
1307 4011 1365 4067 Cle-

188 4094 305 4159 bontnr,
326 4095 360 4148 de
380 4096 549 4166 cognatione
565 4097 661 4165 potins
681 4097 761 4167 spiri·
775 4090 868 4175 {mens
888 4098 923 4151 ab
943 4098 1077 4168 exemplis
1089 4099 1122 4151 V.
1136 4097 1167 4151 T.
1187 4098 1223 4151 od
1237 4098 1366 4168 exemplo

186 4180 258 4234 tuoli
270 4200 355 4250 quom
368 4183 474 4236 carnali
487 4182 620 4238 dieentes.
641 4184 682 4239 cf.
695 4184 761 4239 lust.
775 4186 778 4217 ¹
790 4184 821 4238 N.
842 4184 873 4237 T.
892 4186 1104 4255 progrediatur,
1133 4184 1204 4239 haec
1229 4184 1365 4240 vocabulo

187 4266 260 4320 Dinl.
280 4285 301 4321 o.
322 4271 386 4331 134;
414 4268 586 4338 Theophilus
605 4270 650 4324 Ad
669 4272 762 4326 Autol.
776 4268 778 4293 ¹
790 4272 825 4325 de
843 4272 980 4341 temporis
999 4274 1092 4342 spatio
1105 4289 1162 4326 non
1180 4272 1265 4326 nimis
1279 4287 1364 4343 porro
