<?xml version="1.0" encoding="UTF-8"?>
<!DOCTYPE html PUBLIC "-//W3C//DTD XHTML 1.0 Transitional//EN"
    "http://www.w3.org/TR/xhtml1/DTD/xhtml1-transitional.dtd">
<html xmlns="http://www.w3.org/1999/xhtml" xml:lang="en" lang="en">
 <head>
  <title>
</title>
<meta http-equiv="Content-Type" content="text/html;charset=utf-8" />
  <meta name='ocr-system' content='tesseract 3.04.00' />
  <meta name='ocr-capabilities' content='ocr_page ocr_carea ocr_par ocr_line ocrx_word'/>
</head>
<body>
  <div class='ocr_page' id='page_1' title='image "./patresapostolic00piongoog_0606.png"; bbox 0 0 2834 5018; ppageno 0'>
   <div class='ocr_carea' id='block_1_1' title="bbox 547 696 1272 767">
    <p class='ocr_par' dir='ltr' id='par_1_1' title="bbox 547 696 1272 767">
     <span class='ocr_line' id='line_1_1' title="bbox 547 696 1272 767; baseline 0.006 -18"><span class='ocrx_word' id='word_1_1' title='bbox 547 696 613 754; x_wconf 79' lang='lat' dir='ltr'>vis.</span> <span class='ocrx_word' id='word_1_2' title='bbox 632 696 679 761; x_wconf 82' lang='lat'>111,</span> <span class='ocrx_word' id='word_1_3' title='bbox 699 699 723 762; x_wconf 83' lang='lat'>5,</span> <span class='ocrx_word' id='word_1_4' title='bbox 746 700 821 754; x_wconf 85' lang='lat'>1-5.</span> <span class='ocrx_word' id='word_1_5' title='bbox 1208 702 1272 767; x_wconf 82' lang='lat'>443</span> 
     </span>
    </p>
   </div>
   <div class='ocr_carea' id='block_1_2' title="bbox 97 876 1316 2534">
    <p class='ocr_par' dir='ltr' id='par_1_2' title="bbox 97 876 1316 2534">
     <span class='ocr_line' id='line_1_2' title="bbox 97 876 1273 964; baseline 0.003 -26"><span class='ocrx_word' id='word_1_6' title='bbox 97 879 211 939; x_wconf 90' lang='lat' dir='ltr'>verunt</span> <span class='ocrx_word' id='word_1_7' title='bbox 233 876 266 938; x_wconf 92' lang='lat' dir='ltr'>in</span> <span class='ocrx_word' id='word_1_8' title='bbox 290 876 460 940; x_wconf 74' lang='lat' dir='ltr'>sanctitate</span> <span class='ocrx_word' id='word_1_9' title='bbox 484 877 533 941; x_wconf 91' lang='lat' dir='ltr'>dei</span> <span class='ocrx_word' id='word_1_10' title='bbox 556 882 588 941; x_wconf 92' lang='lat' dir='ltr'>et</span> <span class='ocrx_word' id='word_1_11' title='bbox 610 878 828 961; x_wconf 91' lang='lat' dir='ltr'>episcopatum</span> <span class='ocrx_word' id='word_1_12' title='bbox 859 882 1026 964; x_wconf 85' lang='lat' dir='ltr'>gesserunt</span> <span class='ocrx_word' id='word_1_13' title='bbox 1048 883 1080 942; x_wconf 93' lang='lat' dir='ltr'>et</span> <span class='ocrx_word' id='word_1_14' title='bbox 1100 879 1273 943; x_wconf 90' lang='lat' dir='ltr'>docuerunt</span> 
     </span>
     <span class='ocr_line' id='line_1_3' title="bbox 98 981 1272 1059; baseline 0.001 -14"><span class='ocrx_word' id='word_1_15' title='bbox 98 985 130 1045; x_wconf 93' lang='lat' dir='ltr'>et</span> <span class='ocrx_word' id='word_1_16' title='bbox 153 981 411 1045; x_wconf 83' lang='lat' dir='ltr'>ministraverunt</span> <span class='ocrx_word' id='word_1_17' title='bbox 441 985 526 1044; x_wconf 88' lang='lat' dir='ltr'>caste</span> <span class='ocrx_word' id='word_1_18' title='bbox 549 986 581 1045; x_wconf 91' lang='lat' dir='ltr'>et</span> <span class='ocrx_word' id='word_1_19' title='bbox 613 986 720 1045; x_wconf 91' lang='lat' dir='ltr'>sancte</span> <span class='ocrx_word' id='word_1_20' title='bbox 752 981 860 1046; x_wconf 90' lang='lat' dir='ltr'>electis</span> <span class='ocrx_word' id='word_1_21' title='bbox 894 982 957 1059; x_wconf 87' lang='lat' dir='ltr'>dei,</span> <span class='ocrx_word' id='word_1_22' title='bbox 986 982 1041 1045; x_wconf 92' lang='lat' dir='ltr'>alii</span> <span class='ocrx_word' id='word_1_23' title='bbox 1073 983 1272 1059; x_wconf 83' lang='lat' dir='ltr'>dormientes,</span> 
     </span>
     <span class='ocr_line' id='line_1_4' title="bbox 98 1085 1274 1170; baseline 0.002 -22"><span class='ocrx_word' id='word_1_24' title='bbox 98 1085 154 1148; x_wconf 89' lang='lat' dir='ltr'>alii</span> <span class='ocrx_word' id='word_1_25' title='bbox 178 1086 279 1149; x_wconf 88' lang='lat' dir='ltr'>adhuc</span> <span class='ocrx_word' id='word_1_26' title='bbox 310 1086 464 1160; x_wconf 65' lang='lat' dir='ltr'>viventem</span> <span class='ocrx_word' id='word_1_27' title='bbox 499 1091 530 1150; x_wconf 92' lang='lat' dir='ltr'>et</span> <span class='ocrx_word' id='word_1_28' title='bbox 552 1106 677 1170; x_wconf 86' lang='lat' dir='ltr'><strong>semper</strong></span> <span class='ocrx_word' id='word_1_29' title='bbox 705 1086 788 1149; x_wconf 91' lang='lat' dir='ltr'>inter</span> <span class='ocrx_word' id='word_1_30' title='bbox 818 1107 851 1150; x_wconf 91' lang='lat' dir='ltr'>se</span> <span class='ocrx_word' id='word_1_31' title='bbox 882 1092 1107 1151; x_wconf 88' lang='lat' dir='ltr'>consenserunt</span> <span class='ocrx_word' id='word_1_32' title='bbox 1137 1092 1170 1151; x_wconf 88' lang='lat' dir='ltr'>et</span> <span class='ocrx_word' id='word_1_33' title='bbox 1192 1087 1274 1152; x_wconf 91' lang='lat' dir='ltr'>inter</span> 
     </span>
     <span class='ocr_line' id='line_1_5' title="bbox 98 1190 1274 1276; baseline 0.003 -23"><span class='ocrx_word' id='word_1_34' title='bbox 98 1213 167 1254; x_wconf 91' lang='lat' dir='ltr'>sese</span> <span class='ocrx_word' id='word_1_35' title='bbox 190 1211 300 1273; x_wconf 82' lang='lat' dir='ltr'>pacem</span> <span class='ocrx_word' id='word_1_36' title='bbox 323 1190 502 1255; x_wconf 81' lang='lat' dir='ltr'>habuenmt</span> <span class='ocrx_word' id='word_1_37' title='bbox 525 1195 557 1254; x_wconf 94' lang='lat' dir='ltr'>et</span> <span class='ocrx_word' id='word_1_38' title='bbox 580 1191 660 1255; x_wconf 91' lang='lat' dir='ltr'>alter</span> <span class='ocrx_word' id='word_1_39' title='bbox 682 1191 816 1256; x_wconf 91' lang='lat' dir='ltr'>alterum</span> <span class='ocrx_word' id='word_1_40' title='bbox 840 1192 1022 1267; x_wconf 78' lang='lat' dir='ltr'>audierunt3</span> <span class='ocrx_word' id='word_1_41' title='bbox 1050 1197 1220 1276; x_wconf 89' lang='lat' dir='ltr'>propterea</span> <span class='ocrx_word' id='word_1_42' title='bbox 1241 1193 1274 1256; x_wconf 92' lang='lat' dir='ltr'>in</span> 
     </span>
     <span class='ocr_line' id='line_1_6' title="bbox 99 1296 1302 1374; baseline -0.004 -14"><span class='ocrx_word' id='word_1_43' title='bbox 99 1296 317 1361; x_wconf 87' lang='lat' dir='ltr'>aedificatione</span> <span class='ocrx_word' id='word_1_44' title='bbox 339 1296 437 1360; x_wconf 91' lang='lat' dir='ltr'>turris</span> <span class='ocrx_word' id='word_1_45' title='bbox 459 1297 649 1360; x_wconf 84' lang='lat' dir='ltr'>conveniunt</span> <span class='ocrx_word' id='word_1_46' title='bbox 671 1297 894 1361; x_wconf 78' lang='lat' dir='ltr'>commissurae</span> <span class='ocrx_word' id='word_1_47' title='bbox 914 1318 1031 1361; x_wconf 81' lang='lat' dir='ltr'>comm.</span> <span class='ocrx_word' id='word_1_48' title='bbox 1077 1298 1107 1360; x_wconf 90' lang='lat'>2.</span> <span class='ocrx_word' id='word_1_49' title='bbox 1132 1296 1193 1374; x_wconf 84' lang='lat' dir='ltr'>Qui</span> <span class='ocrx_word' id='word_1_50' title='bbox 1216 1317 1302 1361; x_wconf 81' lang='lat' dir='ltr'>au-s</span> 
     </span>
     <span class='ocr_line' id='line_1_7' title="bbox 98 1400 1274 1484; baseline 0.001 -20"><span class='ocrx_word' id='word_1_51' title='bbox 98 1405 163 1464; x_wconf 91' lang='lat' dir='ltr'>tem</span> <span class='ocrx_word' id='word_1_52' title='bbox 187 1401 223 1464; x_wconf 90' lang='lat' dir='ltr'>de</span> <span class='ocrx_word' id='word_1_53' title='bbox 245 1400 403 1483; x_wconf 90' lang='lat' dir='ltr'>profundo</span> <span class='ocrx_word' id='word_1_54' title='bbox 426 1401 597 1465; x_wconf 86' lang='lat' dir='ltr'>trahuntur</span> <span class='ocrx_word' id='word_1_55' title='bbox 618 1405 650 1465; x_wconf 89' lang='lat' dir='ltr'>et</span> <span class='ocrx_word' id='word_1_56' title='bbox 671 1401 877 1484; x_wconf 91' lang='lat' dir='ltr'>imponuntur</span> <span class='ocrx_word' id='word_1_57' title='bbox 907 1401 940 1464; x_wconf 90' lang='lat' dir='ltr'>in</span> <span class='ocrx_word' id='word_1_58' title='bbox 963 1405 1121 1465; x_wconf 90' lang='lat' dir='ltr'>structura</span> <span class='ocrx_word' id='word_1_59' title='bbox 1143 1404 1175 1465; x_wconf 91' lang='lat' dir='ltr'>et</span> <span class='ocrx_word' id='word_1_60' title='bbox 1198 1423 1274 1465; x_wconf 91' lang='lat' dir='ltr'>con·</span> 
     </span>
     <span class='ocr_line' id='line_1_8' title="bbox 100 1504 1276 1591; baseline 0.003 -24"><span class='ocrx_word' id='word_1_61' title='bbox 100 1508 219 1589; x_wconf 80' lang='lat' dir='ltr'>gruunt</span> <span class='ocrx_word' id='word_1_62' title='bbox 241 1505 453 1569; x_wconf 89' lang='lat' dir='ltr'>commissuris</span> <span class='ocrx_word' id='word_1_63' title='bbox 476 1506 541 1569; x_wconf 89' lang='lat' dir='ltr'>suis</span> <span class='ocrx_word' id='word_1_64' title='bbox 564 1527 634 1569; x_wconf 92' lang='lat' dir='ltr'>cum</span> <span class='ocrx_word' id='word_1_65' title='bbox 658 1505 729 1569; x_wconf 88' lang='lat' dir='ltr'>aliis</span> <span class='ocrx_word' id='word_1_66' title='bbox 751 1504 909 1589; x_wconf 85' lang='lat' dir='ltr'>lapidibus</span> <span class='ocrx_word' id='word_1_67' title='bbox 930 1506 994 1569; x_wconf 88' lang='lat' dir='ltr'>iam</span> <span class='ocrx_word' id='word_1_68' title='bbox 1015 1506 1197 1583; x_wconf 90' lang='lat' dir='ltr'>aedificatis,</span> <span class='ocrx_word' id='word_1_69' title='bbox 1222 1506 1276 1591; x_wconf 91' lang='lat' dir='ltr'>qui</span> 
     </span>
     <span class='ocr_line' id='line_1_9' title="bbox 99 1607 1277 1694; baseline 0.003 -22"><span class='ocrx_word' id='word_1_70' title='bbox 99 1613 197 1672; x_wconf 83' lang='lat' dir='ltr'>sunt?</span> <span class='ocrx_word' id='word_1_71' title='bbox 228 1607 273 1671; x_wconf 94' lang='lat' dir='ltr'>Hi</span> <span class='ocrx_word' id='word_1_72' title='bbox 296 1614 378 1685; x_wconf 91' lang='lat' dir='ltr'>sunt,</span> <span class='ocrx_word' id='word_1_73' title='bbox 404 1611 458 1693; x_wconf 93' lang='lat' dir='ltr'>qui</span> <span class='ocrx_word' id='word_1_74' title='bbox 480 1611 566 1693; x_wconf 87' lang='lat' dir='ltr'>passi</span> <span class='ocrx_word' id='word_1_75' title='bbox 589 1614 663 1676; x_wconf 92' lang='lat' dir='ltr'>sunt</span> <span class='ocrx_word' id='word_1_76' title='bbox 691 1615 824 1694; x_wconf 91' lang='lat' dir='ltr'>propter</span> <span class='ocrx_word' id='word_1_77' title='bbox 845 1632 959 1675; x_wconf 91' lang='lat' dir='ltr'>nomen</span> <span class='ocrx_word' id='word_1_78' title='bbox 983 1611 1110 1675; x_wconf 90' lang='lat' dir='ltr'>domini.</span> <span class='ocrx_word' id='word_1_79' title='bbox 1156 1613 1185 1676; x_wconf 88' lang='grc'>3.</span> <span class='ocrx_word' id='word_1_80' title='bbox 1210 1611 1277 1676; x_wconf 81' lang='lat' dir='ltr'>Alii</span> 
     </span>
     <span class='ocr_line' id='line_1_10' title="bbox 100 1712 1275 1799; baseline 0.001 -21"><span class='ocrx_word' id='word_1_81' title='bbox 100 1717 207 1778; x_wconf 89' lang='lat' dir='ltr'>autem</span> <span class='ocrx_word' id='word_1_82' title='bbox 229 1712 360 1796; x_wconf 91' lang='lat' dir='ltr'>lapides,</span> <span class='ocrx_word' id='word_1_83' title='bbox 386 1715 439 1799; x_wconf 93' lang='lat' dir='ltr'>qui</span> <span class='ocrx_word' id='word_1_84' title='bbox 463 1715 500 1779; x_wconf 93' lang='lat' dir='ltr'>de</span> <span class='ocrx_word' id='word_1_85' title='bbox 523 1720 608 1779; x_wconf 85' lang='lat' dir='ltr'>terra</span> <span class='ocrx_word' id='word_1_86' title='bbox 631 1715 815 1788; x_wconf 87' lang='lat' dir='ltr'>afferuntur,</span> <span class='ocrx_word' id='word_1_87' title='bbox 839 1715 911 1778; x_wconf 90' lang='lat' dir='ltr'>volo</span> <span class='ocrx_word' id='word_1_88' title='bbox 928 1715 1016 1792; x_wconf 87' lang='lat' dir='ltr'>scire,</span> <span class='ocrx_word' id='word_1_89' title='bbox 1041 1715 1096 1799; x_wconf 90' lang='lat' dir='ltr'>qui</span> <span class='ocrx_word' id='word_1_90' title='bbox 1119 1715 1193 1792; x_wconf 90' lang='lat' dir='ltr'>sint,</span> <span class='ocrx_word' id='word_1_91' title='bbox 1218 1716 1275 1779; x_wconf 91' lang='lat' dir='ltr'>do·</span> 
     </span>
     <span class='ocr_line' id='line_1_11' title="bbox 98 1818 1315 1898; baseline 0.002 -16"><span class='ocrx_word' id='word_1_92' title='bbox 98 1819 193 1882; x_wconf 90' lang='lat' dir='ltr'>mina.</span> <span class='ocrx_word' id='word_1_93' title='bbox 240 1819 348 1883; x_wconf 84' lang='lat' dir='ltr'>Dixit:</span> <span class='ocrx_word' id='word_1_94' title='bbox 385 1818 446 1896; x_wconf 85' lang='lat' dir='ltr'>Qui</span> <span class='ocrx_word' id='word_1_95' title='bbox 467 1821 501 1883; x_wconf 90' lang='lat' dir='ltr'>in</span> <span class='ocrx_word' id='word_1_96' title='bbox 531 1825 723 1885; x_wconf 85' lang='lat' dir='ltr'>structuram</span> <span class='ocrx_word' id='word_1_97' title='bbox 745 1822 865 1884; x_wconf 86' lang='lat' dir='ltr'>vadunt</span> <span class='ocrx_word' id='word_1_98' title='bbox 896 1841 954 1885; x_wconf 91' lang='lat' dir='ltr'>nec</span> <span class='ocrx_word' id='word_1_99' title='bbox 977 1825 1050 1885; x_wconf 90' lang='lat' dir='ltr'>sunt</span> <span class='ocrx_word' id='word_1_100' title='bbox 1074 1821 1189 1898; x_wconf 92' lang='lat' dir='ltr'>dolati,</span> <span class='ocrx_word' id='word_1_101' title='bbox 1222 1839 1315 1885; x_wconf 86' lang='lat' dir='ltr'>ecs1⁰</span> 
     </span>
     <span class='ocr_line' id='line_1_12' title="bbox 100 1924 1277 2009; baseline 0.002 -22"><span class='ocrx_word' id='word_1_102' title='bbox 100 1924 245 1987; x_wconf 92' lang='lat' dir='ltr'>dominus</span> <span class='ocrx_word' id='word_1_103' title='bbox 274 1926 440 2008; x_wconf 85' lang='lat' dir='ltr'>probavit,</span> <span class='ocrx_word' id='word_1_104' title='bbox 473 1925 622 2009; x_wconf 87' lang='lat' dir='ltr'>quoniam</span> <span class='ocrx_word' id='word_1_105' title='bbox 646 1925 886 1990; x_wconf 83' lang='lat' dir='ltr'>ambulavenmt</span> <span class='ocrx_word' id='word_1_106' title='bbox 913 1926 945 1989; x_wconf 92' lang='lat' dir='ltr'>in</span> <span class='ocrx_word' id='word_1_107' title='bbox 969 1925 1130 2008; x_wconf 89' lang='lat' dir='ltr'>aequitate</span> <span class='ocrx_word' id='word_1_108' title='bbox 1158 1925 1277 1989; x_wconf 91' lang='lat' dir='ltr'>domini</span> 
     </span>
     <span class='ocr_line' id='line_1_13' title="bbox 100 2028 1275 2113; baseline 0.001 -21"><span class='ocrx_word' id='word_1_109' title='bbox 100 2033 132 2092; x_wconf 87' lang='lat' dir='ltr'>et</span> <span class='ocrx_word' id='word_1_110' title='bbox 155 2030 255 2093; x_wconf 86' lang='lat' dir='ltr'>secuti</span> <span class='ocrx_word' id='word_1_111' title='bbox 278 2034 352 2093; x_wconf 92' lang='lat' dir='ltr'>sunt</span> <span class='ocrx_word' id='word_1_112' title='bbox 374 2030 525 2094; x_wconf 85' lang='lat' dir='ltr'>mandata</span> <span class='ocrx_word' id='word_1_113' title='bbox 547 2030 622 2093; x_wconf 90' lang='lat' dir='ltr'>eius.</span> <span class='ocrx_word' id='word_1_114' title='bbox 670 2030 699 2093; x_wconf 99' lang='lat'>4.</span> <span class='ocrx_word' id='word_1_115' title='bbox 725 2028 786 2106; x_wconf 83' lang='lat' dir='ltr'>Qui</span> <span class='ocrx_word' id='word_1_116' title='bbox 810 2035 916 2094; x_wconf 89' lang='lat' dir='ltr'>autem</span> <span class='ocrx_word' id='word_1_117' title='bbox 940 2030 1137 2094; x_wconf 87' lang='lat' dir='ltr'>adducuntur</span> <span class='ocrx_word' id='word_1_118' title='bbox 1159 2051 1196 2094; x_wconf 89' lang='lat' dir='ltr'>ac</span> <span class='ocrx_word' id='word_1_119' title='bbox 1215 2051 1275 2113; x_wconf 92' lang='lat' dir='ltr'>po-</span> 
     </span>
     <span class='ocr_line' id='line_1_14' title="bbox 100 2133 1275 2218; baseline 0.002 -22"><span class='ocrx_word' id='word_1_120' title='bbox 100 2137 218 2196; x_wconf 90' lang='lat' dir='ltr'>nuntur</span> <span class='ocrx_word' id='word_1_121' title='bbox 249 2134 282 2197; x_wconf 90' lang='lat' dir='ltr'>in</span> <span class='ocrx_word' id='word_1_122' title='bbox 313 2138 488 2212; x_wconf 70' lang='lat' dir='ltr'>structura,</span> <span class='ocrx_word' id='word_1_123' title='bbox 521 2135 576 2218; x_wconf 90' lang='lat' dir='ltr'>qui</span> <span class='ocrx_word' id='word_1_124' title='bbox 607 2137 703 2198; x_wconf 73' lang='lat' dir='ltr'>sunt?</span> <span class='ocrx_word' id='word_1_125' title='bbox 737 2133 821 2198; x_wconf 86' lang='lat' dir='ltr'>Novi</span> <span class='ocrx_word' id='word_1_126' title='bbox 844 2134 973 2198; x_wconf 90' lang='lat' dir='ltr'>suntin</span> <span class='ocrx_word' id='word_1_127' title='bbox 1003 2134 1065 2198; x_wconf 87' lang='lat' dir='ltr'>fide</span> <span class='ocrx_word' id='word_1_128' title='bbox 1088 2138 1120 2198; x_wconf 92' lang='lat' dir='ltr'>et</span> <span class='ocrx_word' id='word_1_129' title='bbox 1150 2133 1275 2209; x_wconf 83' lang='lat' dir='ltr'>fideles;</span> 
     </span>
     <span class='ocr_line' id='line_1_15' title="bbox 100 2238 1277 2323; baseline 0.001 -23"><span class='ocrx_word' id='word_1_130' title='bbox 100 2243 338 2302; x_wconf 89' lang='lat' dir='ltr'>commonentur</span> <span class='ocrx_word' id='word_1_131' title='bbox 377 2244 484 2303; x_wconf 89' lang='lat' dir='ltr'>autem</span> <span class='ocrx_word' id='word_1_132' title='bbox 513 2241 554 2303; x_wconf 88' lang='lat' dir='ltr'>ab</span> <span class='ocrx_word' id='word_1_133' title='bbox 584 2239 705 2323; x_wconf 78' lang='lat' dir='ltr'>angelis</span> <span class='ocrx_word' id='word_1_134' title='bbox 733 2239 773 2302; x_wconf 90' lang='lat' dir='ltr'>ad</span> <span class='ocrx_word' id='word_1_135' title='bbox 801 2238 1076 2315; x_wconf 81' lang='lat' dir='ltr'>benefaciendum,</span> <span class='ocrx_word' id='word_1_136' title='bbox 1109 2241 1277 2321; x_wconf 88' lang='lat' dir='ltr'>propterea</span> 
     </span>
     <span class='ocr_line' id='line_1_16' title="bbox 102 2341 1316 2429; baseline 0 -24"><span class='ocrx_word' id='word_1_137' title='bbox 102 2343 187 2426; x_wconf 93' lang='lat' dir='ltr'>quod</span> <span class='ocrx_word' id='word_1_138' title='bbox 209 2365 271 2407; x_wconf 89' lang='lat' dir='ltr'>non</span> <span class='ocrx_word' id='word_1_139' title='bbox 295 2347 343 2407; x_wconf 86' lang='lat' dir='ltr'>est</span> <span class='ocrx_word' id='word_1_140' title='bbox 364 2344 492 2408; x_wconf 84' lang='lat' dir='ltr'>inventa</span> <span class='ocrx_word' id='word_1_141' title='bbox 513 2345 545 2408; x_wconf 93' lang='lat' dir='ltr'>in</span> <span class='ocrx_word' id='word_1_142' title='bbox 569 2345 607 2408; x_wconf 89' lang='lat' dir='ltr'>iis</span> <span class='ocrx_word' id='word_1_143' title='bbox 629 2344 779 2429; x_wconf 85' lang='lat' dir='ltr'>nequitia.</span> <span class='ocrx_word' id='word_1_144' title='bbox 827 2344 856 2407; x_wconf 90' lang='lat'>5.</span> <span class='ocrx_word' id='word_1_145' title='bbox 882 2341 967 2418; x_wconf 86' lang='lat' dir='ltr'>Quos</span> <span class='ocrx_word' id='word_1_146' title='bbox 991 2346 1096 2406; x_wconf 89' lang='lat' dir='ltr'>autem</span> <span class='ocrx_word' id='word_1_147' title='bbox 1123 2342 1276 2425; x_wconf 89' lang='lat' dir='ltr'>reproba·</span> <span class='ocrx_word' id='word_1_148' title='bbox 1291 2360 1316 2399; x_wconf 70' lang='grc' dir='ltr'>ιν</span> 
     </span>
     <span class='ocr_line' id='line_1_17' title="bbox 99 2447 1277 2534; baseline 0 -24"><span class='ocrx_word' id='word_1_149' title='bbox 99 2448 179 2510; x_wconf 91' lang='lat' dir='ltr'>bant</span> <span class='ocrx_word' id='word_1_150' title='bbox 202 2451 234 2510; x_wconf 94' lang='lat' dir='ltr'>et</span> <span class='ocrx_word' id='word_1_151' title='bbox 255 2448 461 2531; x_wconf 89' lang='lat' dir='ltr'>proiciebant,</span> <span class='ocrx_word' id='word_1_152' title='bbox 487 2449 540 2534; x_wconf 94' lang='lat' dir='ltr'>qui</span> <span class='ocrx_word' id='word_1_153' title='bbox 563 2454 661 2514; x_wconf 79' lang='lat' dir='ltr'>sunt?</span> <span class='ocrx_word' id='word_1_154' title='bbox 683 2449 742 2513; x_wconf 89' lang='lat' dir='ltr'>Isti</span> <span class='ocrx_word' id='word_1_155' title='bbox 763 2453 838 2513; x_wconf 95' lang='lat' dir='ltr'>sunt</span> <span class='ocrx_word' id='word_1_156' title='bbox 861 2447 914 2533; x_wconf 93' lang='lat' dir='ltr'>qui</span> <span class='ocrx_word' id='word_1_157' title='bbox 935 2450 1145 2530; x_wconf 84' lang='lat' dir='ltr'>peccaverunt</span> <span class='ocrx_word' id='word_1_158' title='bbox 1167 2450 1200 2510; x_wconf 89' lang='lat' dir='ltr'>et</span> <span class='ocrx_word' id='word_1_159' title='bbox 1219 2468 1277 2510; x_wconf 87' lang='lat' dir='ltr'>vo·</span> 
     </span>
    </p>
   </div>
   <div class='ocr_carea' id='block_1_3' title="bbox 100 2551 1317 3043">
    <p class='ocr_par' dir='ltr' id='par_1_3' title="bbox 100 2551 1317 3043">
     <span class='ocr_line' id='line_1_18' title="bbox 101 2551 1279 2637; baseline 0 -23"><span class='ocrx_word' id='word_1_160' title='bbox 101 2551 212 2615; x_wconf 86' lang='lat' dir='ltr'>lebant</span> <span class='ocrx_word' id='word_1_161' title='bbox 234 2552 462 2634; x_wconf 89' lang='lat' dir='ltr'>paenitentiam</span> <span class='ocrx_word' id='word_1_162' title='bbox 477 2553 598 2627; x_wconf 84' lang='lat' dir='ltr'>facere;</span> <span class='ocrx_word' id='word_1_163' title='bbox 622 2557 753 2637; x_wconf 89' lang='lat' dir='ltr'>propter</span> <span class='ocrx_word' id='word_1_164' title='bbox 774 2552 835 2616; x_wconf 90' lang='lat' dir='ltr'>hoc</span> <span class='ocrx_word' id='word_1_165' title='bbox 856 2573 921 2615; x_wconf 91' lang='lat' dir='ltr'>non</span> <span class='ocrx_word' id='word_1_166' title='bbox 936 2555 1010 2615; x_wconf 92' lang='lat' dir='ltr'>sunt</span> <span class='ocrx_word' id='word_1_167' title='bbox 1032 2551 1128 2636; x_wconf 87' lang='lat' dir='ltr'>longe</span> <span class='ocrx_word' id='word_1_168' title='bbox 1144 2551 1279 2634; x_wconf 90' lang='lat' dir='ltr'>proiecti</span> 
     </span>
     <span class='ocr_line' id='line_1_19' title="bbox 100 2654 1278 2740; baseline -0.001 -21"><span class='ocrx_word' id='word_1_169' title='bbox 100 2659 192 2719; x_wconf 85' lang='lat' dir='ltr'>extra</span> <span class='ocrx_word' id='word_1_170' title='bbox 214 2656 334 2732; x_wconf 89' lang='lat' dir='ltr'>turrim,</span> <span class='ocrx_word' id='word_1_171' title='bbox 361 2657 508 2740; x_wconf 90' lang='lat' dir='ltr'>quoniam</span> <span class='ocrx_word' id='word_1_172' title='bbox 530 2656 624 2720; x_wconf 85' lang='lat' dir='ltr'>utiles</span> <span class='ocrx_word' id='word_1_173' title='bbox 648 2660 741 2720; x_wconf 89' lang='lat' dir='ltr'>erunt</span> <span class='ocrx_word' id='word_1_174' title='bbox 763 2656 804 2719; x_wconf 90' lang='lat' dir='ltr'>ad</span> <span class='ocrx_word' id='word_1_175' title='bbox 825 2654 1093 2732; x_wconf 82' lang='lat' dir='ltr'>aedificationem,</span> <span class='ocrx_word' id='word_1_176' title='bbox 1117 2655 1144 2719; x_wconf 90' lang='lat' dir='ltr'>si</span> <span class='ocrx_word' id='word_1_177' title='bbox 1166 2654 1278 2738; x_wconf 90' lang='lat' dir='ltr'>paeni-</span> 
     </span>
     <span class='ocr_line' id='line_1_20' title="bbox 100 2759 1279 2846; baseline 0 -23"><span class='ocrx_word' id='word_1_178' title='bbox 100 2761 233 2824; x_wconf 86' lang='lat' dir='ltr'>tentiam</span> <span class='ocrx_word' id='word_1_179' title='bbox 249 2762 380 2844; x_wconf 83' lang='lat' dir='ltr'>egerint.</span> <span class='ocrx_word' id='word_1_180' title='bbox 427 2760 488 2838; x_wconf 87' lang='lat' dir='ltr'>Qui</span> <span class='ocrx_word' id='word_1_181' title='bbox 504 2782 580 2846; x_wconf 85' lang='lat' dir='ltr'>ergo</span> <span class='ocrx_word' id='word_1_182' title='bbox 596 2761 824 2845; x_wconf 88' lang='lat' dir='ltr'>paenitentiam</span> <span class='ocrx_word' id='word_1_183' title='bbox 848 2759 948 2824; x_wconf 91' lang='lat' dir='ltr'>acturi</span> <span class='ocrx_word' id='word_1_184' title='bbox 963 2763 1045 2837; x_wconf 86' lang='lat' dir='ltr'>sunt,</span> <span class='ocrx_word' id='word_1_185' title='bbox 1067 2781 1138 2823; x_wconf 90' lang='lat' dir='ltr'>cum</span> <span class='ocrx_word' id='word_1_186' title='bbox 1155 2759 1279 2844; x_wconf 89' lang='lat' dir='ltr'>egerint</span> 
     </span>
     <span class='ocr_line' id='line_1_21' title="bbox 100 2862 1317 2948; baseline -0.004 -20"><span class='ocrx_word' id='word_1_187' title='bbox 100 2865 338 2948; x_wconf 87' lang='lat' dir='ltr'>paenitentiam,</span> <span class='ocrx_word' id='word_1_188' title='bbox 363 2865 462 2930; x_wconf 80' lang='lat' dir='ltr'>fortes</span> <span class='ocrx_word' id='word_1_189' title='bbox 485 2869 579 2930; x_wconf 88' lang='lat' dir='ltr'>erunt</span> <span class='ocrx_word' id='word_1_190' title='bbox 600 2865 634 2929; x_wconf 91' lang='lat' dir='ltr'>in</span> <span class='ocrx_word' id='word_1_191' title='bbox 656 2866 726 2941; x_wconf 87' lang='lat' dir='ltr'>fide,</span> <span class='ocrx_word' id='word_1_192' title='bbox 752 2865 778 2929; x_wconf 91' lang='lat' dir='ltr'>si</span> <span class='ocrx_word' id='word_1_193' title='bbox 793 2887 878 2928; x_wconf 89' lang='lat' dir='ltr'>nunc</span> <span class='ocrx_word' id='word_1_194' title='bbox 900 2863 1129 2948; x_wconf 89' lang='lat' dir='ltr'>paenitentiam</span> <span class='ocrx_word' id='word_1_195' title='bbox 1145 2862 1277 2946; x_wconf 80' lang='lat' dir='ltr'>egerint,</span> <span class='ocrx_word' id='word_1_196' title='bbox 1292 2884 1317 2922; x_wconf 82' lang='lat' dir='ltr'>ao</span> 
     </span>
     <span class='ocr_line' id='line_1_22' title="bbox 102 2966 1277 3043; baseline -0.002 -10"><span class='ocrx_word' id='word_1_197' title='bbox 102 2971 177 3033; x_wconf 91' lang='lat' dir='ltr'>dum</span> <span class='ocrx_word' id='word_1_198' title='bbox 200 2970 383 3035; x_wconf 90' lang='lat' dir='ltr'>aedificatur</span> <span class='ocrx_word' id='word_1_199' title='bbox 404 2971 510 3035; x_wconf 88' lang='lat' dir='ltr'>turris.</span> <span class='ocrx_word' id='word_1_200' title='bbox 558 2970 592 3035; x_wconf 87' lang='lat' dir='ltr'>Si</span> <span class='ocrx_word' id='word_1_201' title='bbox 615 2977 719 3036; x_wconf 90' lang='lat' dir='ltr'>autem</span> <span class='ocrx_word' id='word_1_202' title='bbox 743 2974 960 3036; x_wconf 86' lang='lat' dir='ltr'>consummata</span> <span class='ocrx_word' id='word_1_203' title='bbox 975 2966 1073 3030; x_wconf 76' lang='lat' dir='ltr'>fuerit</span> <span class='ocrx_word' id='word_1_204' title='bbox 1092 2966 1277 3043; x_wconf 87' lang='lat' dir='ltr'>aedificatio,</span> 
     </span>
    </p>
   </div>
   <div class='ocr_carea' id='block_1_4' title="bbox 99 3099 1284 4741">
    <p class='ocr_par' dir='ltr' id='par_1_4' title="bbox 99 3099 1284 4741">
     <span class='ocr_line' id='line_1_23' title="bbox 101 3099 1279 3173; baseline -0.003 -15"><span class='ocrx_word' id='word_1_205' title='bbox 101 3106 173 3160; x_wconf 85' lang='lat' dir='ltr'>alios</span> <span class='ocrx_word' id='word_1_206' title='bbox 201 3105 294 3159; x_wconf 89' lang='lat' dir='ltr'>adhuc</span> <span class='ocrx_word' id='word_1_207' title='bbox 320 3105 421 3159; x_wconf 81' lang='lat' dir='ltr'>vivere</span> <span class='ocrx_word' id='word_1_208' title='bbox 459 3104 501 3160; x_wconf 84' lang='lat' dir='ltr'>Cf.</span> <span class='ocrx_word' id='word_1_209' title='bbox 520 3103 597 3158; x_wconf 85' lang='lat' dir='ltr'>Zahn</span> <span class='ocrx_word' id='word_1_210' title='bbox 616 3104 633 3157; x_wconf 94' lang='lat' dir='ltr'>l.</span> <span class='ocrx_word' id='word_1_211' title='bbox 655 3105 765 3173; x_wconf 74' lang='lat' dir='ltr'>aleses</span> <span class='ocrx_word' id='word_1_212' title='bbox 789 3119 919 3156; x_wconf 87' lang='lat' dir='ltr'>versuum</span> <span class='ocrx_word' id='word_1_213' title='bbox 943 3118 1056 3155; x_wconf 88' lang='lat' dir='ltr'>sensum</span> <span class='ocrx_word' id='word_1_214' title='bbox 1080 3099 1279 3169; x_wconf 83' lang='lat' dir='ltr'>interpretatio</span> 
     </span>
     <span class='ocr_line' id='line_1_24' title="bbox 100 3186 1279 3266; baseline -0.007 -18"><span class='ocrx_word' id='word_1_215' title='bbox 100 3214 127 3264; x_wconf 91' lang='lat' dir='ltr'>p.</span> <span class='ocrx_word' id='word_1_216' title='bbox 147 3196 181 3248; x_wconf 83' lang='lat'>95</span> <span class='ocrx_word' id='word_1_217' title='bbox 201 3210 241 3260; x_wconf 88' lang='lat' dir='ltr'>sq.</span> <span class='ocrx_word' id='word_1_218' title='bbox 279 3192 385 3247; x_wconf 80' lang='lat' dir='ltr'>Caveas</span> <span class='ocrx_word' id='word_1_219' title='bbox 411 3196 520 3256; x_wconf 87' lang='lat' dir='ltr'>autem,</span> <span class='ocrx_word' id='word_1_220' title='bbox 545 3208 580 3246; x_wconf 89' lang='lat' dir='ltr'>nc</span> <span class='ocrx_word' id='word_1_221' title='bbox 604 3193 678 3246; x_wconf 92' lang='lat' dir='ltr'>hunc</span> <span class='ocrx_word' id='word_1_222' title='bbox 705 3191 774 3246; x_wconf 87' lang='lat' dir='ltr'>satis</span> <span class='ocrx_word' id='word_1_223' title='bbox 793 3191 867 3244; x_wconf 90' lang='lat' dir='ltr'>clare</span> <span class='ocrx_word' id='word_1_224' title='bbox 886 3189 1025 3252; x_wconf 87' lang='lat' dir='ltr'>ostendit,</span> <span class='ocrx_word' id='word_1_225' title='bbox 1054 3186 1166 3266; x_wconf 79' lang='lat' dir='ltr'>etiamsi</span> <span class='ocrx_word' id='word_1_226' title='bbox 1184 3187 1279 3257; x_wconf 83' lang='lat' dir='ltr'>imago</span> 
     </span>
     <span class='ocr_line' id='line_1_25' title="bbox 100 3273 1281 3349; baseline -0.007 -15"><span class='ocrx_word' id='word_1_227' title='bbox 100 3281 195 3336; x_wconf 91' lang='lat' dir='ltr'>locum</span> <span class='ocrx_word' id='word_1_228' title='bbox 212 3279 366 3348; x_wconf 88' lang='lat' dir='ltr'>respiciens</span> <span class='ocrx_word' id='word_1_229' title='bbox 378 3280 546 3349; x_wconf 87' lang='lat' dir='ltr'>scripturam</span> <span class='ocrx_word' id='word_1_230' title='bbox 566 3280 678 3333; x_wconf 84' lang='lat' dir='ltr'>saeculo</span> <span class='ocrx_word' id='word_1_231' title='bbox 705 3278 824 3334; x_wconf 86' lang='lat' dir='ltr'>obscura</span> <span class='ocrx_word' id='word_1_232' title='bbox 842 3276 893 3331; x_wconf 87' lang='lat' dir='ltr'>est.</span> <span class='ocrx_word' id='word_1_233' title='bbox 929 3273 992 3329; x_wconf 89' lang='lat' dir='ltr'>Non</span> <span class='ocrx_word' id='word_1_234' title='bbox 1019 3277 1130 3336; x_wconf 86' lang='lat' dir='ltr'>autem,</span> <span class='ocrx_word' id='word_1_235' title='bbox 1158 3275 1190 3326; x_wconf 88' lang='lat' dir='ltr'>ut</span> <span class='ocrx_word' id='word_1_236' title='bbox 1212 3291 1281 3328; x_wconf 89' lang='lat' dir='ltr'>non-</span> 
     </span>
     <span class='ocr_line' id='line_1_26' title="bbox 99 3362 1280 3438; baseline -0.003 -17"><span class='ocrx_word' id='word_1_237' title='bbox 99 3368 192 3438; x_wconf 90' lang='lat' dir='ltr'>primo</span> <span class='ocrx_word' id='word_1_238' title='bbox 220 3367 333 3422; x_wconf 86' lang='lat' dir='ltr'>exeunti</span> <span class='ocrx_word' id='word_1_239' title='bbox 360 3367 513 3420; x_wconf 84' lang='lat' dir='ltr'>adscribas.</span> <span class='ocrx_word' id='word_1_240' title='bbox 559 3367 677 3421; x_wconf 86' lang='lat' dir='ltr'>Hermas</span> <span class='ocrx_word' id='word_1_241' title='bbox 704 3365 776 3420; x_wconf 90' lang='lat' dir='ltr'>nulli</span> <span class='ocrx_word' id='word_1_242' title='bbox 794 3366 982 3433; x_wconf 87' lang='lat' dir='ltr'>putaverunt,</span> <span class='ocrx_word' id='word_1_243' title='bbox 1013 3362 1111 3416; x_wconf 87' lang='lat' dir='ltr'>fideles</span> <span class='ocrx_word' id='word_1_244' title='bbox 1130 3379 1145 3417; x_wconf 89' lang='lat' dir='ltr'>e</span> <span class='ocrx_word' id='word_1_245' title='bbox 1164 3364 1280 3417; x_wconf 88' lang='lat' dir='ltr'>circum·</span> 
     </span>
     <span class='ocr_line' id='line_1_27' title="bbox 102 3449 1281 3523; baseline -0.005 -14"><span class='ocrx_word' id='word_1_246' title='bbox 102 3457 218 3509; x_wconf 86' lang='lat' dir='ltr'>simulat</span> <span class='ocrx_word' id='word_1_247' title='bbox 235 3458 355 3517; x_wconf 85' lang='lat' dir='ltr'>tantum,</span> <span class='ocrx_word' id='word_1_248' title='bbox 376 3470 404 3507; x_wconf 88' lang='lat' dir='ltr'>se</span> <span class='ocrx_word' id='word_1_249' title='bbox 422 3452 472 3508; x_wconf 90' lang='lat' dir='ltr'>illo</span> <span class='ocrx_word' id='word_1_250' title='bbox 490 3457 618 3523; x_wconf 89' lang='lat' dir='ltr'>tempore</span> <span class='ocrx_word' id='word_1_251' title='bbox 636 3454 677 3507; x_wconf 81' lang='lat' dir='ltr'>vi·</span> <span class='ocrx_word' id='word_1_252' title='bbox 705 3453 809 3507; x_wconf 85' lang='lat' dir='ltr'>cisione</span> <span class='ocrx_word' id='word_1_253' title='bbox 839 3452 875 3522; x_wconf 90' lang='lat' dir='ltr'>(v.</span> <span class='ocrx_word' id='word_1_254' title='bbox 893 3453 920 3520; x_wconf 86' lang='lat'>3)</span> <span class='ocrx_word' id='word_1_255' title='bbox 948 3449 1078 3505; x_wconf 88' lang='lat' dir='ltr'>fidelibus</span> <span class='ocrx_word' id='word_1_256' title='bbox 1106 3467 1121 3504; x_wconf 85' lang='lat' dir='ltr'>a</span> <span class='ocrx_word' id='word_1_257' title='bbox 1148 3450 1281 3520; x_wconf 84' lang='lat' dir='ltr'>gentibus</span> 
     </span>
     <span class='ocr_line' id='line_1_28' title="bbox 101 3537 1279 3614; baseline -0.003 -20"><span class='ocrx_word' id='word_1_258' title='bbox 101 3544 185 3596; x_wconf 86' lang='lat' dir='ltr'>xisse.</span> <span class='ocrx_word' id='word_1_259' title='bbox 223 3541 264 3596; x_wconf 85' lang='lat' dir='ltr'>Cf.</span> <span class='ocrx_word' id='word_1_260' title='bbox 283 3540 340 3594; x_wconf 86' lang='lat' dir='ltr'>Vis.</span> <span class='ocrx_word' id='word_1_261' title='bbox 361 3539 396 3603; x_wconf 90' lang='grc' dir='ltr'>Π,</span> <span class='ocrx_word' id='word_1_262' title='bbox 415 3541 440 3602; x_wconf 83' lang='grc'>4,</span> <span class='ocrx_word' id='word_1_263' title='bbox 460 3539 483 3592; x_wconf 89' lang='grc'>3.</span> <span class='ocrx_word' id='word_1_264' title='bbox 502 3572 538 3579; x_wconf 96' lang='grc'>-</span> <span class='ocrx_word' id='word_1_265' title='bbox 555 3539 677 3614; x_wconf 58' lang='grc' dir='ltr'><strong><em>συνεφάν</em></strong></span> <span class='ocrx_word' id='word_1_266' title='bbox 704 3559 729 3594; x_wconf 86' lang='lat' dir='ltr'>v.</span> <span class='ocrx_word' id='word_1_267' title='bbox 754 3540 782 3607; x_wconf 84' lang='grc'>4)</span> <span class='ocrx_word' id='word_1_268' title='bbox 812 3540 998 3608; x_wconf 88' lang='lat' dir='ltr'>opponuntur.</span> <span class='ocrx_word' id='word_1_269' title='bbox 1046 3537 1087 3592; x_wconf 82' lang='lat' dir='ltr'>Cf.</span> <span class='ocrx_word' id='word_1_270' title='bbox 1116 3538 1193 3592; x_wconf 85' lang='lat' dir='ltr'>Zahn</span> <span class='ocrx_word' id='word_1_271' title='bbox 1220 3537 1237 3592; x_wconf 96' lang='lat' dir='ltr'>l.</span> <span class='ocrx_word' id='word_1_272' title='bbox 1258 3554 1279 3591; x_wconf 92' lang='lat' dir='ltr'>c.</span> 
     </span>
     <span class='ocr_line' id='line_1_29' title="bbox 101 3627 881 3701; baseline -0.008 -16"><span class='ocrx_word' id='word_1_273' title='bbox 101 3650 188 3701; x_wconf 87' lang='grc' dir='ltr'><strong><em>νησαν</em></strong></span> <span class='ocrx_word' id='word_1_274' title='bbox 204 3627 274 3698; x_wconf 72' lang='grc' dir='ltr'>κτλ]</span> <span class='ocrx_word' id='word_1_275' title='bbox 292 3627 391 3682; x_wconf 90' lang='lat' dir='ltr'>Prodit</span> <span class='ocrx_word' id='word_1_276' title='bbox 403 3627 528 3691; x_wconf 87' lang='lat' dir='ltr'>Hermas,</span> <span class='ocrx_word' id='word_1_277' title='bbox 547 3646 597 3682; x_wconf 91' lang='lat' dir='ltr'>suo</span> <span class='ocrx_word' id='word_1_278' title='bbox 608 3632 676 3683; x_wconf 91' lang='lat' dir='ltr'>tem·</span> <span class='ocrx_word' id='word_1_279' title='bbox 703 3646 730 3698; x_wconf 93' lang='lat' dir='ltr'>p.</span> <span class='ocrx_word' id='word_1_280' title='bbox 750 3628 802 3682; x_wconf 82' lang='lat'>202</span> <span class='ocrx_word' id='word_1_281' title='bbox 820 3644 881 3695; x_wconf 87' lang='lat' dir='ltr'>sqq.</span> 
     </span>
     <span class='ocr_line' id='line_1_30' title="bbox 100 3709 1280 3787; baseline -0.008 -15"><span class='ocrx_word' id='word_1_282' title='bbox 100 3733 170 3787; x_wconf 87' lang='lat' dir='ltr'>pore</span> <span class='ocrx_word' id='word_1_283' title='bbox 195 3716 343 3785; x_wconf 89' lang='lat' dir='ltr'>episcopos</span> <span class='ocrx_word' id='word_1_284' title='bbox 369 3717 397 3767; x_wconf 89' lang='lat' dir='ltr'>et</span> <span class='ocrx_word' id='word_1_285' title='bbox 423 3714 604 3782; x_wconf 83' lang='lat' dir='ltr'>presbyteros</span> <span class='ocrx_word' id='word_1_286' title='bbox 621 3732 678 3769; x_wconf 92' lang='lat' dir='ltr'>non</span> <span class='ocrx_word' id='word_1_287' title='bbox 738 3716 763 3768; x_wconf 88' lang='lat'>4.</span> <span class='ocrx_word' id='word_1_288' title='bbox 783 3712 840 3770; x_wconf 79' lang='grc' dir='ltr'><strong><em>νέοι</em></strong></span> <span class='ocrx_word' id='word_1_289' title='bbox 857 3713 928 3782; x_wconf 61' lang='grc' dir='ltr'>κτλ]</span> <span class='ocrx_word' id='word_1_290' title='bbox 947 3712 998 3767; x_wconf 81' lang='lat' dir='ltr'>ie.</span> <span class='ocrx_word' id='word_1_291' title='bbox 1018 3711 1154 3781; x_wconf 88' lang='lat' dir='ltr'>neophyti</span> <span class='ocrx_word' id='word_1_292' title='bbox 1173 3711 1198 3779; x_wconf 92' lang='lat' dir='ltr'>(I</span> <span class='ocrx_word' id='word_1_293' title='bbox 1210 3709 1280 3764; x_wconf 83' lang='lat' dir='ltr'>Tim</span> 
     </span>
     <span class='ocr_line' id='line_1_31' title="bbox 101 3797 1281 3874; baseline -0.006 -17"><span class='ocrx_word' id='word_1_294' title='bbox 101 3821 198 3858; x_wconf 90' lang='lat' dir='ltr'>omnes</span> <span class='ocrx_word' id='word_1_295' title='bbox 227 3801 405 3856; x_wconf 88' lang='lat' dir='ltr'>concordiam</span> <span class='ocrx_word' id='word_1_296' title='bbox 434 3816 467 3853; x_wconf 88' lang='lat' dir='ltr'>ac</span> <span class='ocrx_word' id='word_1_297' title='bbox 494 3817 594 3869; x_wconf 87' lang='lat' dir='ltr'>pacem</span> <span class='ocrx_word' id='word_1_298' title='bbox 624 3819 677 3855; x_wconf 89' lang='lat' dir='ltr'>ser·</span> <span class='ocrx_word' id='word_1_299' title='bbox 705 3804 729 3864; x_wconf 82' lang='lat'>3,</span> <span class='ocrx_word' id='word_1_300' title='bbox 747 3802 784 3867; x_wconf 89' lang='grc'>6).</span> <span class='ocrx_word' id='word_1_301' title='bbox 804 3800 905 3872; x_wconf 80' lang='grc' dir='ltr'><em>-οὐχ</em></span> <span class='ocrx_word' id='word_1_302' title='bbox 923 3798 1024 3874; x_wconf 71' lang='grc' dir='ltr'><em>εὑρέθη</em></span> <span class='ocrx_word' id='word_1_303' title='bbox 1041 3799 1111 3868; x_wconf 63' lang='grc' dir='ltr'>κτλ]</span> <span class='ocrx_word' id='word_1_304' title='bbox 1138 3797 1281 3859; x_wconf 88' lang='lat' dir='ltr'>Homines,</span> 
     </span>
     <span class='ocr_line' id='line_1_32' title="bbox 100 3883 1282 3956; baseline -0.005 -12"><span class='ocrx_word' id='word_1_305' title='bbox 100 3906 192 3944; x_wconf 79' lang='lat' dir='ltr'>rasse.</span> <span class='ocrx_word' id='word_1_306' title='bbox 229 3889 270 3944; x_wconf 83' lang='lat' dir='ltr'>Cf.</span> <span class='ocrx_word' id='word_1_307' title='bbox 291 3905 312 3941; x_wconf 91' lang='lat' dir='ltr'>c.</span> <span class='ocrx_word' id='word_1_308' title='bbox 332 3890 355 3947; x_wconf 91' lang='grc'>9,</span> <span class='ocrx_word' id='word_1_309' title='bbox 375 3890 406 3951; x_wconf 84' lang='grc'>7;</span> <span class='ocrx_word' id='word_1_310' title='bbox 432 3888 498 3942; x_wconf 89' lang='lat' dir='ltr'>Sim.</span> <span class='ocrx_word' id='word_1_311' title='bbox 519 3887 592 3951; x_wconf 88' lang='lat' dir='ltr'>VHl,</span> <span class='ocrx_word' id='word_1_312' title='bbox 611 3891 634 3949; x_wconf 78' lang='lat'>7,</span> <span class='ocrx_word' id='word_1_313' title='bbox 653 3889 678 3941; x_wconf 88' lang='grc'>4.</span> <span class='ocrx_word' id='word_1_314' title='bbox 706 3890 740 3943; x_wconf 88' lang='lat' dir='ltr'>de</span> <span class='ocrx_word' id='word_1_315' title='bbox 763 3887 866 3956; x_wconf 88' lang='lat' dir='ltr'>quibus</span> <span class='ocrx_word' id='word_1_316' title='bbox 891 3886 938 3941; x_wconf 89' lang='lat' dir='ltr'>hic</span> <span class='ocrx_word' id='word_1_317' title='bbox 960 3904 1050 3941; x_wconf 91' lang='lat' dir='ltr'>sermo</span> <span class='ocrx_word' id='word_1_318' title='bbox 1075 3887 1131 3950; x_wconf 89' lang='lat' dir='ltr'>est,</span> <span class='ocrx_word' id='word_1_319' title='bbox 1157 3883 1282 3940; x_wconf 91' lang='lat' dir='ltr'>nondum</span> 
     </span>
     <span class='ocr_line' id='line_1_33' title="bbox 101 3971 1283 4048; baseline -0.008 -15"><span class='ocrx_word' id='word_1_320' title='bbox 101 4010 137 4018; x_wconf 82' lang='lat'>—</span> <span class='ocrx_word' id='word_1_321' title='bbox 154 3976 184 4033; x_wconf 76' lang='grc' dir='ltr'>ἐν</span> <span class='ocrx_word' id='word_1_322' title='bbox 202 3973 223 4032; x_wconf 77' lang='grc' dir='ltr'>ἑ.</span> <span class='ocrx_word' id='word_1_323' title='bbox 242 3975 351 4048; x_wconf 76' lang='grc' dir='ltr'><strong><em>εἰρήνην</em></strong></span> <span class='ocrx_word' id='word_1_324' title='bbox 375 3971 470 4047; x_wconf 72' lang='grc' dir='ltr'><strong><em>ἔσχον]</em></strong></span> <span class='ocrx_word' id='word_1_325' title='bbox 500 3974 542 4029; x_wconf 85' lang='lat' dir='ltr'>cf.</span> <span class='ocrx_word' id='word_1_326' title='bbox 563 3992 585 4029; x_wconf 93' lang='lat' dir='ltr'>c.</span> <span class='ocrx_word' id='word_1_327' title='bbox 604 3976 628 4039; x_wconf 89' lang='grc'>9,</span> <span class='ocrx_word' id='word_1_328' title='bbox 648 3977 678 4038; x_wconf 84' lang='grc'>2;</span> <span class='ocrx_word' id='word_1_329' title='bbox 706 3977 787 4031; x_wconf 88' lang='lat' dir='ltr'>bonis</span> <span class='ocrx_word' id='word_1_330' title='bbox 806 3973 938 4044; x_wconf 85' lang='lat' dir='ltr'>operibus</span> <span class='ocrx_word' id='word_1_331' title='bbox 957 3973 1071 4043; x_wconf 88' lang='lat' dir='ltr'>quidem</span> <span class='ocrx_word' id='word_1_332' title='bbox 1089 3972 1191 4027; x_wconf 86' lang='lat' dir='ltr'>divites</span> <span class='ocrx_word' id='word_1_333' title='bbox 1212 3971 1283 4026; x_wconf 86' lang='lat' dir='ltr'>facti</span> 
     </span>
     <span class='ocr_line' id='line_1_34' title="bbox 103 4059 1282 4129; baseline -0.008 -9"><span class='ocrx_word' id='word_1_334' title='bbox 103 4067 143 4125; x_wconf 84' lang='lat'>12,</span> <span class='ocrx_word' id='word_1_335' title='bbox 162 4067 186 4119; x_wconf 83' lang='lat'>3.</span> <span class='ocrx_word' id='word_1_336' title='bbox 706 4066 780 4126; x_wconf 85' lang='lat' dir='ltr'>sunt,</span> <span class='ocrx_word' id='word_1_337' title='bbox 799 4061 848 4116; x_wconf 88' lang='lat' dir='ltr'>sed</span> <span class='ocrx_word' id='word_1_338' title='bbox 867 4060 958 4115; x_wconf 84' lang='lat' dir='ltr'>altera</span> <span class='ocrx_word' id='word_1_339' title='bbox 976 4063 1103 4129; x_wconf 85' lang='lat' dir='ltr'>exparte</span> <span class='ocrx_word' id='word_1_340' title='bbox 1122 4077 1140 4112; x_wconf 90' lang='lat' dir='ltr'>a</span> <span class='ocrx_word' id='word_1_341' title='bbox 1157 4059 1282 4128; x_wconf 90' lang='lat' dir='ltr'>peccatis</span> 
     </span>
     <span class='ocr_line' id='line_1_35' title="bbox 137 4145 1282 4219; baseline -0.006 -15"><span class='ocrx_word' id='word_1_342' title='bbox 137 4153 162 4204; x_wconf 80' lang='lat'>2.</span> <span class='ocrx_word' id='word_1_343' title='bbox 181 4152 323 4216; x_wconf 75' lang='grc' dir='ltr'><strong><em>παθόντες</em></strong></span> <span class='ocrx_word' id='word_1_344' title='bbox 341 4150 410 4219; x_wconf 68' lang='lat' dir='ltr'>nt]</span> <span class='ocrx_word' id='word_1_345' title='bbox 431 4150 473 4204; x_wconf 82' lang='lat' dir='ltr'>cf.</span> <span class='ocrx_word' id='word_1_346' title='bbox 486 4148 545 4204; x_wconf 87' lang='lat' dir='ltr'>Vis.</span> <span class='ocrx_word' id='word_1_347' title='bbox 565 4149 598 4212; x_wconf 92' lang='lat' dir='ltr'>Il,</span> <span class='ocrx_word' id='word_1_348' title='bbox 619 4150 641 4213; x_wconf 92' lang='lat' dir='ltr'>l,</span> <span class='ocrx_word' id='word_1_349' title='bbox 654 4148 679 4202; x_wconf 88' lang='grc'>9.</span> <span class='ocrx_word' id='word_1_350' title='bbox 706 4149 789 4204; x_wconf 86' lang='lat' dir='ltr'>liberi</span> <span class='ocrx_word' id='word_1_351' title='bbox 807 4152 932 4203; x_wconf 83' lang='lat' dir='ltr'>fuerunt.</span> <span class='ocrx_word' id='word_1_352' title='bbox 949 4147 1085 4201; x_wconf 85' lang='lat' dir='ltr'>Versibus</span> <span class='ocrx_word' id='word_1_353' title='bbox 1098 4145 1282 4215; x_wconf 86' lang='lat' dir='ltr'>sequentibus</span> 
     </span>
     <span class='ocr_line' id='line_1_36' title="bbox 139 4233 1282 4302; baseline -0.006 -10"><span class='ocrx_word' id='word_1_354' title='bbox 139 4241 161 4293; x_wconf 85' lang='lat'>3.</span> <span class='ocrx_word' id='word_1_355' title='bbox 182 4237 235 4291; x_wconf 91' lang='lat' dir='ltr'>Hic</span> <span class='ocrx_word' id='word_1_356' title='bbox 261 4240 289 4290; x_wconf 89' lang='lat' dir='ltr'>et</span> <span class='ocrx_word' id='word_1_357' title='bbox 307 4256 331 4290; x_wconf 88' lang='lat' dir='ltr'>v.</span> <span class='ocrx_word' id='word_1_358' title='bbox 351 4239 369 4290; x_wconf 87' lang='lat'>4</span> <span class='ocrx_word' id='word_1_359' title='bbox 392 4237 512 4291; x_wconf 88' lang='lat' dir='ltr'>Hermas</span> <span class='ocrx_word' id='word_1_360' title='bbox 537 4239 571 4292; x_wconf 90' lang='lat' dir='ltr'>de</span> <span class='ocrx_word' id='word_1_361' title='bbox 596 4237 680 4291; x_wconf 88' lang='lat' dir='ltr'>iustis</span> <span class='ocrx_word' id='word_1_362' title='bbox 707 4239 801 4292; x_wconf 87' lang='lat' dir='ltr'>autem</span> <span class='ocrx_word' id='word_1_363' title='bbox 819 4237 840 4290; x_wconf 93' lang='lat' dir='ltr'>ii</span> <span class='ocrx_word' id='word_1_364' title='bbox 859 4237 1126 4298; x_wconf 88' lang='lat' dir='ltr'>commemorantur,</span> <span class='ocrx_word' id='word_1_365' title='bbox 1151 4233 1201 4300; x_wconf 90' lang='lat' dir='ltr'>qui</span> <span class='ocrx_word' id='word_1_366' title='bbox 1218 4248 1282 4302; x_wconf 87' lang='lat' dir='ltr'>pec-</span> 
     </span>
     <span class='ocr_line' id='line_1_37' title="bbox 100 4320 1283 4395; baseline -0.006 -16"><span class='ocrx_word' id='word_1_367' title='bbox 100 4326 243 4393; x_wconf 85' lang='lat' dir='ltr'>loquitur,</span> <span class='ocrx_word' id='word_1_368' title='bbox 263 4324 313 4392; x_wconf 90' lang='lat' dir='ltr'>qui</span> <span class='ocrx_word' id='word_1_369' title='bbox 331 4340 422 4393; x_wconf 87' lang='lat' dir='ltr'>neque</span> <span class='ocrx_word' id='word_1_370' title='bbox 441 4327 578 4394; x_wconf 86' lang='lat' dir='ltr'>martyres</span> <span class='ocrx_word' id='word_1_371' title='bbox 596 4326 631 4395; x_wconf 83' lang='lat' dir='ltr'>(v.</span> <span class='ocrx_word' id='word_1_372' title='bbox 652 4324 680 4394; x_wconf 80' lang='grc'>2)</span> <span class='ocrx_word' id='word_1_373' title='bbox 707 4323 778 4377; x_wconf 87' lang='lat' dir='ltr'>catis</span> <span class='ocrx_word' id='word_1_374' title='bbox 798 4339 827 4377; x_wconf 88' lang='lat' dir='ltr'>se</span> <span class='ocrx_word' id='word_1_375' title='bbox 853 4321 1073 4377; x_wconf 84' lang='lat' dir='ltr'>maculaverunt.</span> <span class='ocrx_word' id='word_1_376' title='bbox 1110 4320 1188 4385; x_wconf 86' lang='lat' dir='ltr'>Quae</span> <span class='ocrx_word' id='word_1_377' title='bbox 1215 4337 1283 4373; x_wconf 90' lang='lat' dir='ltr'>non·</span> 
     </span>
     <span class='ocr_line' id='line_1_38' title="bbox 101 4406 1284 4481; baseline -0.008 -12"><span class='ocrx_word' id='word_1_378' title='bbox 101 4431 194 4481; x_wconf 88' lang='lat' dir='ltr'>neque</span> <span class='ocrx_word' id='word_1_379' title='bbox 223 4410 346 4481; x_wconf 87' lang='lat' dir='ltr'>apost-oli</span> <span class='ocrx_word' id='word_1_380' title='bbox 365 4415 417 4466; x_wconf 87' lang='lat' dir='ltr'>etc.</span> <span class='ocrx_word' id='word_1_381' title='bbox 438 4411 472 4481; x_wconf 87' lang='lat' dir='ltr'>(v.</span> <span class='ocrx_word' id='word_1_382' title='bbox 495 4413 519 4480; x_wconf 89' lang='lat'>1)</span> <span class='ocrx_word' id='word_1_383' title='bbox 547 4414 627 4474; x_wconf 89' lang='lat' dir='ltr'>sunt,</span> <span class='ocrx_word' id='word_1_384' title='bbox 652 4406 776 4465; x_wconf 78' lang='lat' dir='ltr'>et&#39;nulli</span> <span class='ocrx_word' id='word_1_385' title='bbox 794 4427 852 4465; x_wconf 89' lang='lat' dir='ltr'>non</span> <span class='ocrx_word' id='word_1_386' title='bbox 877 4408 1101 4471; x_wconf 87' lang='lat' dir='ltr'>considerantes,</span> <span class='ocrx_word' id='word_1_387' title='bbox 1126 4406 1236 4461; x_wconf 89' lang='lat' dir='ltr'>librarii</span> <span class='ocrx_word' id='word_1_388' title='bbox 1255 4410 1284 4460; x_wconf 90' lang='lat' dir='ltr'>et</span> 
     </span>
     <span class='ocr_line' id='line_1_39' title="bbox 102 4493 1213 4569; baseline -0.01 -12"><span class='ocrx_word' id='word_1_389' title='bbox 102 4505 158 4558; x_wconf 90' lang='lat' dir='ltr'>duo</span> <span class='ocrx_word' id='word_1_390' title='bbox 170 4515 383 4569; x_wconf 78' lang='lat' dir='ltr'>eorumgenere</span> <span class='ocrx_word' id='word_1_391' title='bbox 392 4498 552 4568; x_wconf 84' lang='lat' dir='ltr'>distinguit,</span> <span class='ocrx_word' id='word_1_392' title='bbox 562 4498 680 4567; x_wconf 85' lang='lat' dir='ltr'>longum</span> <span class='ocrx_word' id='word_1_393' title='bbox 692 4544 695 4551; x_wconf 95' lang='lat'>.</span> <span class='ocrx_word' id='word_1_394' title='bbox 708 4498 838 4561; x_wconf 86' lang='lat' dir='ltr'>editores,</span> <span class='ocrx_word' id='word_1_395' title='bbox 856 4511 955 4549; x_wconf 83' lang='lat' dir='ltr'>vocem</span> <span class='ocrx_word' id='word_1_396' title='bbox 973 4493 1023 4566; x_wconf 74' lang='grc' dir='ltr'>οὐχ</span> <span class='ocrx_word' id='word_1_397' title='bbox 1040 4495 1213 4549; x_wconf 87' lang='lat' dir='ltr'>deleverunt.</span> 
     </span>
     <span class='ocr_line' id='line_1_40' title="bbox 102 4560 1283 4656; baseline -0.007 -13"><span class='ocrx_word' id='word_1_398' title='bbox 102 4594 132 4644; x_wconf 90' lang='lat' dir='ltr'>et</span> <span class='ocrx_word' id='word_1_399' title='bbox 150 4589 235 4643; x_wconf 89' lang='lat' dir='ltr'>breve</span> <span class='ocrx_word' id='word_1_400' title='bbox 247 4591 360 4656; x_wconf 88' lang='lat' dir='ltr'>tempus</span> <span class='ocrx_word' id='word_1_401' title='bbox 373 4585 527 4640; x_wconf 89' lang='lat' dir='ltr'>secundum</span> <span class='ocrx_word' id='word_1_402' title='bbox 544 4584 628 4639; x_wconf 89' lang='lat' dir='ltr'>fidem</span> <span class='ocrx_word' id='word_1_403' title='bbox 640 4560 695 4655; x_wconf 74' lang='lat' dir='ltr'>vil</span> <span class='ocrx_word' id='word_1_404' title='bbox 742 4585 765 4638; x_wconf 84' lang='lat'>5.</span> <span class='ocrx_word' id='word_1_405' title='bbox 785 4583 827 4637; x_wconf 87' lang='lat' dir='ltr'>De</span> <span class='ocrx_word' id='word_1_406' title='bbox 844 4581 1040 4651; x_wconf 89' lang='lat' dir='ltr'>peccatoribus</span> <span class='ocrx_word' id='word_1_407' title='bbox 1059 4583 1121 4651; x_wconf 83' lang='lat' dir='ltr'>agit</span> <span class='ocrx_word' id='word_1_408' title='bbox 1132 4583 1167 4638; x_wconf 91' lang='grc' dir='ltr'>Η.</span> <span class='ocrx_word' id='word_1_409' title='bbox 1186 4581 1283 4651; x_wconf 89' lang='lat' dir='ltr'>paeni·</span> 
     </span>
     <span class='ocr_line' id='line_1_41' title="bbox 101 4658 1282 4741; baseline -0.007 -12"><span class='ocrx_word' id='word_1_410' title='bbox 101 4679 209 4729; x_wconf 70' lang='lat' dir='ltr'>ventes.</span> <span class='ocrx_word' id='word_1_411' title='bbox 246 4673 289 4728; x_wconf 84' lang='lat' dir='ltr'>cf.</span> <span class='ocrx_word' id='word_1_412' title='bbox 309 4673 409 4727; x_wconf 76' lang='lat' dir='ltr'>maten</span> <span class='ocrx_word' id='word_1_413' title='bbox 429 4672 470 4735; x_wconf 85' lang='lat'>20,</span> <span class='ocrx_word' id='word_1_414' title='bbox 487 4675 574 4741; x_wconf 75' lang='lat' dir='ltr'>rsqq.</span> <span class='ocrx_word' id='word_1_415' title='bbox 597 4658 894 4740; x_wconf 67' lang='lat' dir='ltr'>nunciantibus-</span> <span class='ocrx_word' id='word_1_416' title='bbox 911 4669 971 4740; x_wconf 69' lang='lat' dir='ltr'>va]</span> <span class='ocrx_word' id='word_1_417' title='bbox 991 4670 1032 4725; x_wconf 79' lang='lat' dir='ltr'>cr.</span> <span class='ocrx_word' id='word_1_418' title='bbox 1051 4666 1109 4722; x_wconf 76' lang='lat' dir='ltr'>vn.</span> <span class='ocrx_word' id='word_1_419' title='bbox 1123 4669 1157 4734; x_wconf 88' lang='lat'>11,</span> <span class='ocrx_word' id='word_1_420' title='bbox 1176 4670 1201 4733; x_wconf 84' lang='lat' dir='ltr'>a,</span> <span class='ocrx_word' id='word_1_421' title='bbox 1220 4670 1245 4722; x_wconf 82' lang='lat'>4.</span> <span class='ocrx_word' id='word_1_422' title='bbox 1258 4670 1282 4722; x_wconf 83' lang='lat'>5.</span> 
     </span>
    </p>
   </div>
   <div class='ocr_carea' id='block_1_5' title="bbox 0 0 1428 5012">
    <p class='ocr_par' dir='ltr' id='par_1_5' title="bbox 0 0 1428 5012">
     <span class='ocr_line' id='line_1_42' title="bbox 0 0 1428 5012; baseline 0 0"><span class='ocrx_word' id='word_1_423' title='bbox 0 0 1428 5012; x_wconf 95' lang='lat' dir='ltr'> </span> 
     </span>
    </p>
   </div>
  </div>
 </body>
</html>
