2834 5018
560 0 668 20 -ιι

419 323 437 344 Α
528 320 549 341 ²·
656 311 819 348 -TL*:..·..;,
970 327 1038 352 ·.....
1056 325 1059 332 ·’

354 671 532 729 EPISTULA
548 673 600 729 AD
619 673 839 730 DIOGNETUM
857 675 891 740 Π,
912 677 985 732 1-7.
1188 683 1252 748 393

75 860 215 919 mentem
237 860 325 919 tuam
348 858 655 941 praeoccupantibus
676 858 863 943 purgaveris
886 863 918 921 et
941 859 1198 924 consuetudinem
1219 864 1252 923 te

77 961 285 1044 decipientem
302 962 454 1026 abieceris
478 968 510 1026 et
524 963 629 1027 factus
645 963 743 1026 fueris
759 963 846 1027 velut
869 964 909 1028 ab
925 963 1017 1027 initio
1031 985 1131 1027 novus
1146 964 1251 1042 homo,

77 1066 196 1149 quippe
220 1066 315 1130 etiam
348 1066 508 1130 doctrinae
530 1089 647 1144 novae,
681 1068 853 1152 sicutipse
876 1089 1001 1151 quoque
1024 1068 1186 1133 confessus
1208 1091 1251 1145 es,

76 1172 204 1236 auditor
235 1171 379 1236 futurus:
413 1194 476 1236 non
508 1173 611 1236 solum
643 1172 758 1247 oculis,
789 1173 844 1236 sed
867 1177 899 1236 et
928 1178 1033 1237 mente
1065 1174 1251 1257 conspicias,

76 1278 165 1341 cuius
188 1277 385 1341 substantiae
410 1282 465 1342 aut
488 1277 577 1341 cuius
601 1277 721 1341 formae
744 1277 818 1355 sint,
843 1300 922 1360 quos
945 1278 1064 1343 vocatis
1088 1281 1119 1341 et
1141 1278 1279 1342 existi-s

75 1383 171 1446 matis
194 1383 277 1446 deos.
324 1384 354 1445 2.
378 1381 492 1446 Nonne
515 1381 595 1445 alius
618 1381 700 1464 lapis
723 1386 788 1457 est,
814 1382 843 1446 ei
866 1381 990 1458 similis,
1016 1383 1070 1465 qui
1093 1382 1251 1457 calcatum

75 1487 157 1550 alius
181 1491 229 1551 est
251 1508 313 1562 aes,
337 1508 401 1550 non
423 1485 536 1550 melius
560 1508 656 1570 quam
671 1508 752 1568 quae
774 1486 808 1550 in
822 1508 915 1550 usum
936 1492 1081 1551 nostrum
1096 1487 1254 1552 fabricata

75 1595 150 1654 sunt
171 1613 265 1666 vasa3
291 1591 372 1656 alius
395 1590 527 1674 lignum,
552 1591 616 1654 ianr
639 1591 736 1655 etiam
758 1591 937 1674 putridum
971 1590 1052 1654 alius
1075 1595 1251 1675 argentum,

75 1696 128 1759 cui
143 1718 223 1779 opus
240 1701 289 1760 est
303 1695 430 1759 homine
447 1694 651 1772 custodiente,
667 1716 707 1758 ne
722 1695 809 1759 furto
825 1695 1002 1769 auferatur;
1026 1695 1108 1761 alius
1123 1696 1251 1773 famum,

73 1801 222 1884 rubigine
252 1804 453 1883 corruptum
486 1798 567 1862 alius
590 1803 690 1873 testa,
721 1799 823 1864 nihilo
845 1801 1061 1883 praestantior
1083 1822 1137 1878 ea,
1173 1823 1253 1886 quae
1267 1822 1293 1859 ιο

74 1906 115 1968 ad
139 1905 387 1969 abiectissimum
410 1904 620 1968 ministerium
652 1904 738 1968 facta
761 1910 833 1968 est?
867 1907 896 1969 3.
921 1905 1035 1969 Nonne
1059 1927 1097 1970 ex
1120 1907 1253 1971 materia

74 2009 276 2092 corruptibili
298 2013 371 2073 sunt
402 2008 632 2074 haecomnia?
662 2008 777 2073 Nonne
800 2008 876 2072 ferri
899 2014 932 2073 et
953 2010 1038 2093 ignis
1067 2032 1127 2094 ope
1150 2010 1252 2075 fabri·

74 2116 170 2176 cata?
203 2112 317 2177 Nonne
341 2134 450 2177 eorum
473 2112 559 2177 aliud
583 2114 726 2196 sculptor
748 2113 906 2196 lapidum,
940 2114 1026 2179 aliud
1048 2114 1139 2179 faber
1162 2136 1252 2178 aera·

72 2218 149 2294 rius,
174 2217 260 2282 aliud
283 2218 482 2300 argentarius
498 2217 596 2293 faber,
622 2217 708 2281 aliud
729 2218 848 2302 figulus
864 2219 978 2283 finxit?
1000 2218 1124 2295 Nonne,
1147 2218 1252 2300 prius·

74 2344 171 2404 quam
194 2321 315 2385 artibus
331 2322 445 2386 horum
468 2320 501 2384 in
524 2320 644 2384 formas
659 2321 793 2386 istorum
815 2323 929 2386 effecta
943 2327 1026 2399 sunt,
1050 2322 1292 2405 unumquod·1r

73 2448 137 2511 que
160 2447 269 2491 eorum
293 2428 333 2491 ab
356 2447 565 2511 unoquoque,
589 2427 685 2509 idque
708 2426 803 2490 etiam
824 2448 918 2503 nunc,
943 2427 1253 2491 transformabatur?

71 2529 190 2594 Nonne
213 2553 294 2615 quae
316 2554 400 2596 nunc
424 2553 462 2595 ex
484 2532 595 2595 eadem
616 2531 752 2596 materia
775 2536 850 2595 sunt
872 2553 957 2608 vasa,
982 2532 1009 2596 si
1032 2534 1158 2597 eosdem
1174 2533 1252 2596 arti·

71 2635 150 2698 fices
182 2637 454 2710 nanciscerentur,
487 2636 604 2700 similia
634 2635 753 2700 talibus
776 2636 863 2700 reddi
894 2640 1049 2719 possent?
1083 2638 1113 2701 4.
1138 2635 1252 2701 Nonne

72 2740 153 2803 haec
175 2762 299 2816 rursus,
330 2763 411 2825 quae
434 2762 516 2804 nunc
539 2764 558 2804 a
580 2741 670 2805 vobis
694 2742 877 2818 adorantur,
901 2748 1031 2824 possent
1053 2743 1093 2806 ab
1115 2742 1253 2806 homini·

71 2847 135 2909 bus
158 2867 234 2909 vasa
248 2845 317 2909 fieri
340 2845 471 2930 reliquis
487 2845 628 2910 similia?
651 2845 765 2910 Nonne
781 2848 876 2910 surda
898 2851 973 2910 sunt
988 2847 1116 2910 omnia?
1139 2846 1253 2911 Nonne
1267 2868 1292 2907 το

73 2954 192 3013 caeca?
215 2949 330 3014 Nonne
351 2950 514 3013 inanima?
538 2949 652 3014 Nonne
675 2972 785 3015 sensus
809 2950 975 3034 expertia?
1002 2951 1117 3015 Nonne
1139 2952 1252 3015 immo-

71 3053 174 3118 bilia?
208 3054 324 3119 Nonne
347 3055 454 3118 omnia
475 3060 687 3138 putrescunt?
719 3054 833 3119 Nonne
856 3055 962 3119 omnia
985 3058 1253 3137 corrumpuntur?

72 3161 103 3222 5.
130 3158 218 3223 Haec
241 3160 316 3223 deos
338 3160 469 3234 vocatis,
494 3159 544 3222 his
568 3160 701 3236 servitis,
726 3159 804 3223 haec
819 3161 973 3235 adoratis;
998 3161 1125 3224 omnino
1148 3164 1254 3223 autem

72 3264 192 3328 similes
215 3265 254 3328 iis
286 3265 463 3329 reddimini.
511 3266 540 3328 6.
565 3265 684 3329 Idcirco
715 3264 826 3328 odistis
850 3263 1065 3339 Christianos,
1098 3264 1173 3346 quia
1194 3262 1253 3327 hos

72 3390 142 3432 esse
165 3369 239 3432 deos
260 3390 325 3432 non
349 3369 552 3433 arbitrantur.
600 3371 628 3434 7.
655 3369 720 3434 Vos
742 3372 857 3447 autem,
882 3370 936 3453 qui
958 3369 1114 3433 honorare
1130 3368 1251 3449 putatis
1267 3387 1293 3427 το

72 3478 106 3537 et
122 3472 319 3547 existimatis,
337 3495 440 3538 nonne
456 3473 558 3537 multo
574 3474 678 3558 magis
701 3495 755 3537 eos
771 3473 997 3538 contemnitis?
1021 3471 1135 3537 Nonne
1150 3471 1253 3536 multo

71 3578 177 3660 magis
200 3599 255 3641 eos
278 3578 415 3642 irridetis
438 3584 470 3642 et
492 3578 609 3642 iniuria
631 3578 775 3655 afficitis,
808 3579 883 3642 dum
905 3578 1047 3662 lapideos
1071 3577 1198 3660 quidem
1221 3580 1253 3639 et

71 3685 229 3744 testaceos
251 3681 442 3745 veneramini
466 3682 533 3745 sine
556 3682 747 3758 custodibus,
772 3686 938 3765 argenteos
954 3686 1061 3746 autem
1084 3686 1116 3744 et
1139 3701 1251 3744 aureos

106 3940 132 3992 4.
151 3934 255 4011 ἄψυχα]
277 3939 318 3993 Cf.
333 3939 400 3994 lust.
414 3939 494 4009 Apol.
508 3941 528 4004 1,
542 3941 574 4001 9;
593 3940 650 3993 Me·
663 3944 665 3949 '
678 3958 749 4008 quos
768 3941 877 3995 colunt:
896 3938 993 3993 vultne
1006 3936 1108 4005 aliquis
1126 3939 1251 3990 vestrum

71 4026 114 4080 lit.
134 4026 235 4095 philos.
261 4026 377 4089 Oratio,
408 4029 494 4081 lbeol.
525 4026 665 4113 &artat-3
679 4027 718 4081 sic
736 4027 838 4091 videre,
860 4026 1001 4093 quomodo
1020 4024 1063 4078 illi
1081 4023 1181 4077 vident
1199 4027 1252 4076 etc.

71 4115 169 4180 schrift
190 4113 257 4167 1862
274 4130 301 4181 p.
320 4114 380 4166 404.
663 4120 666 4187 l
712 4115 736 4167 7.
750 4134 810 4183 οομ.
830 4135 855 4170 κ.
869 4110 1003 4182 οἰόμενοι]
1015 4111 1070 4177 oui
1084 4109 1254 4165 eumoodice

108 4204 131 4254 5.
152 4198 347 4269 ἐξομοιοῡοθε]
361 4201 467 4254 Auctor
477 4201 521 4254 Ps.
533 4200 591 4263 113,
604 4200 650 4255 16:
677 4202 776 4273 legunt
788 4199 814 4258 οἱ
825 4209 878 4262 νῦν
891 4199 1024 4269 supplent
1034 4199 1151 4265 τούτους
1162 4197 1252 4264 θεούς,

71 4286 165 4357 ὅμοιοι
189 4286 284 4354 αὐτοῖς
307 4287 434 4360 γένοιντο
462 4288 487 4345 οἱ
505 4276 715 4369 ποιοῦντεςῇοο.
734 4289 786 4343 hos
805 4303 865 4341 esse
883 4287 958 4341 deos.
978 4317 1010 4325 -
1029 4284 1132 4355 αὐτῶν]
1157 4285 1253 4354 potius

70 4375 143 4433 αὐτὰ
169 4381 228 4432 κτλ.
257 4374 398 4442 respicere
428 4375 548 4428 videtur.
589 4375 649 4429 Cle·
677 4392 740 4428 curn
757 4383 960 4445 καταφρονεῖτε
979 4390 1065 4440 quam
1084 4390 1148 4427 cum
1168 4372 1255 4430 πλέον

70 4466 158 4517 ment.
191 4463 314 4530 Recogn.
341 4460 379 4524 V,
405 4462 450 4516 15:
481 4461 574 4515 Velim
602 4432 1089 4533 riu-lcouiungendumideoquead
1102 4461 1177 4525 deos,
1196 4477 1253 4514 non

70 4554 131 4605 tem
160 4549 288 4603 dicerent
314 4549 384 4602 mihi
411 4548 457 4613 hi,
496 4548 547 4615 qui
573 4548 713 4659 idolapad
732 4545 905 4602 Christianos
931 4547 1109 4602 referendum
1133 4564 1194 4603 esse
1214 4548 1252 4601 vi·

71 4637 185 4699 colunt,
214 4636 240 4689 si
257 4638 359 4704 optant
387 4635 492 4689 similes
520 4633 766 4701 lierihia,=detur.
786 4664 817 4674 -
839 4634 1193 4706 redecimationem]
1212 4634 1252 4689 Si-

1210 334 1237 341 -·
1270 334 1376 343 ιιι-ιιι..-

1207 350 1216 359 ·.
1235 350 1304 361 .-·-—
1321 350 1333 361 ἰ-
1348 350 1397 361 ηιρ-
