2834 5018
182 342 247 406 310
542 336 569 392 S.
588 337 793 395 POLYCARPI
810 339 991 397 EPISTULA

182 515 296 590 πσίσαις
319 523 390 597 ταῖς
420 517 612 602 ἐκκλησίαις
636 525 819 602 καυχᾶται,
850 520 883 582 αἳ
905 520 996 602 μόναι
1019 521 1089 583 τότε
1112 521 1189 586 θεὸν
1220 519 1366 604 ἐπεγνώ-

181 639 310 683 κειοαν·
343 621 430 704 ἡμεῖς
464 623 499 685 δὲ
528 626 614 687 οὔπω
650 623 847 707 ἐγνώκειμεν.
900 632 931 690 4.
962 625 1083 707 σφόδρα
1114 622 1183 704 οὖν,
1219 624 1365 708 ἀδελφοί,

183 723 397 808 συλλυποῦμαι
420 729 489 808 περί
520 726 640 790 ἐκείνου
662 729 715 791 καί
739 730 806 810 περί
830 738 884 811 τῆς
906 730 1052 812 γυναικὸς
1076 729 1188 807 αὐτοῦ,
1220 726 1266 803 οἷς
1291 728 1365 813 δῴη

183 830 201 892 ὁ
224 832 338 913 κύριος
360 833 546 911 μετάνοιαν
578 832 743 915 ἀληθινήν.
790 832 903 916 νίγρετε
926 829 980 895 οὖν
1002 834 1056 894 καί
1084 833 1169 914 ὑμεῖς
1193 832 1364 916 ἐντούτῳ,

156 935 239 997 ικαὶ
261 936 310 1018 μὴ
333 938 379 1015 ὡς
403 934 549 1020 ἐχθροὺς
572 937 712 1020 ἡγεῖσθε
734 941 806 1012 τοὺς
828 937 1003 1015 τοιούτους,
1037 937 1109 1000 ἀλλ’
1131 937 1173 1012 ὡς
1197 937 1278 1021 μέλη
1303 959 1364 1000 πα-

183 1039 269 1120 θητά
292 1040 344 1100 καί
376 1038 599 1122 πεπλανημένα
628 1041 740 1116 αὐτοὺς
769 1040 1000 1120 ἀνακαλεῖσθε,
1033 1043 1084 1105 ἵνα
1107 1041 1180 1105 ὅλον
1215 1042 1304 1125 ὑμῶν
1327 1045 1364 1104 τί

183 1150 275 1223 σῶμα
298 1140 436 1226 σώζητε·
460 1152 551 1206 τοῦτο
573 1146 633 1228 γάρ
656 1155 815 1220 ποιοῦντες
838 1147 967 1220 ἑαυτοὺς
991 1145 1209 1232 οίκοδομεῖτε].

271 1245 357 1331 [XII.
381 1245 528 1313 Πὲποιθα
550 1249 625 1333 γάρ,
659 1253 704 1312 ὅτι
727 1250 833 1326 καλῶς
863 1250 1110 1335 γεγυμνασμένοι
1141 1249 1212 1312 ἐστὲ
1235 1249 1269 1313 ἐν
1294 1260 1362 1325 ταῖς

183 1348 277 1431 ἱεραῖς
298 1360 442 1434 γραφαῖς,
466 1354 520 1415 καί
544 1354 633 1417 οὐδὲν
656 1355 735 1437 ὑμᾶς
758 1355 926 1422 λανθάνει·
951 1355 1018 1439 ἐμοί
1042 1356 1077 1418 δὲ
1098 1356 1156 1417 οὐκ
1178 1354 1363 1438 ἐπιτέτραπ-

144 1477 169 1514 ιο
182 1474 243 1516 τοι,
288 1454 400 1537 μόνον,
432 1459 546 1532 καθὼς
571 1458 603 1521 ἐν
626 1468 692 1533 ταῖς
714 1469 848 1542 γραφαῖς
871 1461 1007 1543 εἴρηται,
1031 1458 1210 1545 ὀργίζεσθε
1233 1462 1291 1524 καί
1314 1463 1363 1544 μὴ

182 1561 411 1643 ἁμαρτάνετε,
441 1563 495 1624 καί
523 1564 541 1626 ὁ
565 1564 659 1647 ἥλιος
690 1567 738 1649 μὴ
770 1565 935 1629 ἐπιδυέτω
968 1566 1023 1628 ἐπὶ
1056 1571 1103 1648 τῷ
1135 1571 1362 1649 παροργισμῷ

181 1668 288 1744 ὑμῶν.
335 1666 485 1749 μακάριος
517 1667 774 1751 ὀμνημονεὺυν·
810 1667 912 1751 ὃὲγὼ
941 1668 1077 1731 πιστεύω
1108 1666 1184 1730 εἶναι
1216 1667 1249 1730 ἐν
1281 1668 1362 1751 ὑμῖν.

182 1773 213 1835 2.
237 1770 254 1832 ὁ
277 1770 313 1832 δὲ
335 1771 412 1846 θεὸς
434 1773 487 1833 καί
511 1775 613 1855 πατὴρ
636 1782 691 1834 τοῦ
713 1772 821 1854 κυρίου
843 1772 931 1856 ἡμῶν
948 1772 1052 1857 Ἰησοῦ
1068 1771 1207 1854 Χριστοῦ
1230 1775 1286 1836 καί
1310 1775 1363 1836 αὐ-

181 1874 233 1948 τὸς
257 1874 274 1936 ὁ
297 1873 420 1951 αἰώνιος
443 1875 619 1958 ἀρχιερεύς,
650 1878 726 1951 θεὸς
750 1875 870 1960 Ἰησοῦς
892 1875 1036 1958 Χριστος,
1060 1876 1266 1960 οίκοδομήσοιι
1283 1878 1363 1960 ὑμᾶς

143 2001 168 2039 rs
182 1977 215 2042 ἐν
237 1978 337 2042 πίστει
360 1981 413 2042 καί
444 1979 582 2064 ἀληθείᾳ
603 1982 656 2043 καί
689 1981 721 2044 ἐν
743 1981 830 2065 ποίση
861 1981 1009 2065 πραότητι
1032 1983 1086 2044 καί
1116 1981 1149 2043 ἐν
1181 1981 1269 2066 πάση
1293 1983 1362 2064 ἀορ

179 2083 275 2168 γησίᾳ
302 2086 355 2147 καί
385 2084 417 2148 ἐν
449 2086 589 2170 ὑπομονῇ
611 2088 664 2149 καί
698 2086 901 2169 μακροθυμίᾳ
932 2087 985 2148 καί
1017 2085 1286 2169 προσκαρτερήσει
1308 2087 1361 2148 καί

181 2188 308 2271 ἁγνείᾳ,
338 2190 391 2251 καί
415 2188 480 2274 δῴη
504 2191 573 2275 ὑμῖν
596 2190 713 2275 κλῆρον
745 2193 798 2254 καί
822 2191 930 2274 μερίδα
954 2192 1032 2273 μετὰ
1055 2198 1117 2253 τῶν
1140 2189 1240 2273 ἁγίων
1266 2192 1361 2253 αὐτοῦ

180 2293 234 2354 καί
256 2290 328 2374 ἡμῖν
351 2293 425 2376 μεθ’
450 2295 535 2376 ὑμῶν
559 2297 612 2357 καί
628 2305 722 2358 πᾶσιν
745 2304 808 2370 τοῖς
831 2296 891 2357 ὑπὸ
913 2296 966 2359 τὸν
988 2294 1129 2376 οὐρανόν,
1153 2295 1265 2369 οἵτινες
1289 2293 1359 2378 με’λ-

180 2393 287 2458 λουσιν
320 2397 473 2461 πιστεύειν
504 2400 546 2474 είς
576 2401 628 2463 τὸν
661 2401 766 2483 κύριον
798 2400 885 2484 ἡμῶν
916 2400 1037 2484 Ἰησοῦν
1061 2398 1200 2480 Χριστὸν
1225 2400 1362 2463 καὶτὸν

182 2550 323 2620 lippenses
350 2553 445 2620 potius
473 2554 523 2621 τὰς
551 2554 678 2629 ἀπαρχὰς
708 2569 756 2627 τῆς
783 2557 806 2608 si
826 2555 906 2610 aliter
925 2555 1052 2660 scripsit
1073 2554 1161 2607 verba
1179 2553 1290 2608 tradita
1306 2570 1361 2606 non

181 2637 338 2710 ἀποστολῆς
361 2646 423 2707 (τοῦ
440 2643 618 2716 κηρύγματος
641 2643 686 2696 τοί
705 2653 770 2715 τοῦ,
782 2647 868 2696 muto.
877 2640 1089 2708 -ίνπάσαιςτ,
1102 2639 1175 2698 ἐκκλ
1185 2641 1223 2710 κ]
1235 2639 1361 2694 Il'l'hess

181 2727 278 2824 λόγου)
315 2726 394 2781 Pauli
429 2729 608 2799 appellasset„
661 2726 769 2786 Etiam
785 2730 806 2792 1,
825 2727 1015 2783 3-4Psu1us
1042 2726 1152 2781 scribit.
1184 2729 1357 2798 πλεουσίζει“
1347 2748 1362 2797 η·

181 2813 429 2883 ιυίυυομίασοίίἀ,
444 2790 770 2887 quodvmkmsrfflpi
767 2813 874 2899 ἀγάπη
900 2813 963 2882 ἑνὸς
991 2813 1110 2871 ἑκάστου
1142 2815 1261 2872 πάντων
1288 2813 1363 2883 ὑμῶν

181 2901 256 2955 stulu
273 2901 421 2973 Polpcarpi
436 2905 605 2975 1885p.l
562 2909 605 2963 111
626 2905 754 2966 coniecit,
767 2900 822 2983 ιείς
839 2901 988 2972 ἀλλήλους
1014 2896 1124 2957 honr
1115 2904 1187 2971 ἡμᾶς
1213 2899 1363 2969 αάτσὺςέν

182 2988 291 3043 scilicet
314 2991 430 3043 verbum
448 2994 513 3046 estis
536 2993 672 3046 versionis
691 2991 754 3045 lsti-
782 2987 847 3058 ὑμῖν
865 2993 1061 3057 καυχᾶσθαι
1084 2984 1122 3042 ἐν
1146 2997 1227 3057 ταῖς
1251 2988 1363 3057 ἐκκλη

180 3093 235 3130 nae
262 3094 314 3146 per
340 3077 550 3147 neglegentiam
576 3078 755 3132 librariorum
782 3080 876 3143 σίαις
894 3096 944 3131 του
956 3082 1033 3132 θεοῦ.
1072 3074 1161 3139 Quem
1174 3075 1269 3130 locum
1282 3074 1362 3141 Poly·

181 3162 359 3217 evocabulis
377 3170 416 3218 est
433 3166 509 3219 testis
534 3166 692 3239 (μαρτυρεῖ)
711 3182 755 3219 ex·
783 3178 899 3230 carpum
918 3162 947 3214 in
973 3164 1067 3215 mente
1087 3162 1223 3216 habuisse
1248 3163 1298 3216 vix
1317 3160 1363 3214 du·

181 3255 274 3306 orbum
293 3267 368 3313 csse;
386 3267 452 3304 nam
469 3252 585 3305 verbum
603 3261 755 3324 μαρτυρεῖν
781 3248 861 3301 bium
879 3252 929 3311 cst,
949 3264 982 3301 ac
1000 3252 1152 3317 praeterea
1169 3247 1364 3319 colligendum

181 3337 311 3391 absolute
330 3338 383 3392 hoc
401 3338 464 3392 loco
483 3338 612 3393 adhiberi
631 3355 687 3391 non
705 3355 754 3406 po·
767 3352 770 3391 ι
783 3351 844 3388 csse
857 3334 975 3395 videtur,
996 3351 1060 3387 eum
1073 3334 1213 3403 epistulas
1227 3335 1265 3389 ad
1279 3335 1364 3388 Thes·

181 3424 244 3479 tuit.
268 3425 359 3479 Smith
372 3431 438 3495 post
453 3425 568 3479 verbum
580 3427 645 3479 estis
657 3441 754 3478 vocem
767 3450 770 3483 ς
783 3420 971 3474 salonicenses
999 3419 1085 3473 etiam
1109 3419 1146 3473 sd
1164 3419 1364 3491 Philippenses

181 3512 288 3566 ίααιίαίί
319 3512 456 3566 excidisse
495 3512 630 3572 coniecit;
669 3514 755 3577 atquc
783 3507 921 3561 retulisse.
960 3507 1001 3561 ef.
1021 3506 1114 3569 Ζιιίιπ,
1144 3508 1310 3579 Είκίείίακρ
1336 3510 1365 3562 in

182 3596 415 3668 Harnuck(Texte
432 3600 491 3653 und
511 3599 755 3667 {increscensque
783 3597 834 3648 das
852 3594 889 3647 N.
912 3595 940 3647 Τ.
961 3594 1028 3647 1900
1047 3595 1066 3654 Ι,
1087 3594 1145 3648 379.
1192 3594 1251 3648 Sed
1279 3597 1364 3650 etiam

182 3683 220 3736 N.
239 3684 275 3737 F.
294 3685 326 3746 V,
345 3686 362 3738 3
382 3704 408 3755 p.
428 3685 473 3754 92)
499 3685 648 3754 opinetur,
677 3684 755 3752 Poly·
783 3679 956 3749 fieripotuit‚
971 3682 1003 3733 ub
1016 3679 1138 3744 laudem,
1159 3698 1248 3748 quem
1261 3681 1365 3736 Paulus

183 3785 298 3839 carpum
323 3772 444 3825 fortasse
472 3770 630 3839 scripsisse:
658 3767 906 3837 oluvsgfflhflipp.
928 3771 949 3831 1,
969 3767 985 3820 3
1004 3786 1065 3836 sqq.
1086 3770 1244 3838 expressit,
1272 3770 1365 3825 verbis

181 3856 321 3922 ιιίνεῖσθε,
349 3859 466 3913 ethaeo
493 3859 578 3911 verbs
601 3858 630 3909 in
658 3842 859 3929 οίτινὲςξίλίὶυο
887 3855 1025 3924 epistulae
1053 3855 1192 3909 redderet.
1230 3855 1364 3910 Hamsck

183 3941 245 4000 ἐστε
263 3943 469 3998 transformata
483 3960 553 3998 esse.
572 3944 681 3997 Revera
692 3934 811 4017 par-{d
832 3959 852 3995 c
879 3961 908 4011 p.
926 3941 960 3996 89
985 3945 1038 4009 sq.)
1067 3957 1082 3994 e
1111 3941 1206 3996 verbis
1239 3942 1323 3998 Pauli
1342 3943 1366 3997 ll

182 4029 269 4082 sicula
281 4030 468 4100 suspicionem
481 4035 584 4085 movet.
622 4030 692 4085 Cum
710 4046 756 4082 eu·
768 4044 770 4055 ·
783 4029 880 4082 Thess.
901 4028 923 4091 1,
937 4029 1006 4083 3-4
1024 4027 1176 4091 concludit,
1194 4046 1296 4084 vocem
1312 4048 1365 4085 σοι·

183 4121 240 4169 tem
254 4133 351 4169 sensus
371 4117 400 4170 in
413 4116 574 4170 universum
586 4115 687 4168 saltem
700 4131 757 4168 non
781 4116 864 4170 nibus
892 4132 955 4168 cum
981 4116 1057 4169 cobis
1084 4117 1308 4171 construendum
1333 4132 1365 4170 uc

183 4201 284 4256 dubius
311 4203 459 4271 sitneque
487 4206 617 4256 accurate
646 4199 757 4255 definiri
782 4203 868 4256 verbo
894 4202 1030 4271 plueretur
1055 4201 1270 4272 adiungendum
1296 4221 1364 4258 esse.

180 4290 288 4358 possit,
316 4306 389 4356 quse
406 4288 578 4358 Polycarpus
605 4288 755 4359 scripserit„
784 4286 924 4355 Equidem
944 4288 1038 4340 locum
1056 4291 1168 4342 mutare
1185 4307 1247 4344 non
1266 4292 1365 4347 audeo.
