2834 5018
562 372 565 377 ·
584 355 716 410 PAPIAE
735 355 960 412 FRAGMENTA

269 537 301 598 et
332 534 365 598 in
394 556 584 619 unoquoque
614 535 708 599 botro
738 535 820 598 dena
852 534 954 598 millia
983 537 1161 611 acinorum,
1194 538 1230 597 et
1253 555 1370 596 nnum-

269 638 416 722 quodque
439 638 567 703 acinum
592 660 776 722 expressum
799 639 888 702 dabit
909 639 1024 722 viginti
1047 639 1188 722 quinque
1213 640 1369 700 metretas

269 743 342 806 vini.
388 744 418 807 3.
443 743 487 807 Et
517 765 588 807 cum
621 764 729 806 eorum
762 742 1005 826 apprehenderit
1034 742 1149 826 aliquis
1182 746 1369 806 sanctorum

267 846 405 924 botrum,
429 847 510 911 alius
534 846 704 910 clamabit:
729 845 846 910 Botrus
869 867 929 930 ego
952 846 1064 910 melior
1086 868 1165 922 sum,
1189 867 1244 909 me
1270 863 1367 918 eume,

268 972 398 1035 perine
422 951 580 1015 dominum
603 951 745 1015 benedic.
792 950 945 1015 Similiter
967 955 999 1015 et
1022 975 1157 1037 granum
1180 949 1287 1014 tritici
1315 949 1367 1012 de-

269 1077 336 1119 cem
358 1055 461 1119 millia
483 1055 641 1138 spicarum
664 1060 898 1139 generaturum,
923 1058 955 1119 et
969 1077 1229 1138 unamquamque
1245 1054 1368 1138 spicam

267 1158 450 1224 habituram
466 1160 574 1223 decem
595 1159 698 1223 millia
713 1182 894 1245 granorum,
919 1166 950 1225 et
965 1160 1217 1246 unumquodque
1230 1179 1368 1243 granum

269 1263 408 1346 quinque
429 1262 559 1327 bilibres
582 1263 705 1327 similae
729 1264 832 1327 clarae
854 1266 1006 1329 mundae:
1041 1263 1224 1347 etreliqua
1262 1268 1367 1326 autem

269 1389 364 1450 poma
388 1371 420 1430 et
435 1366 555 1430 semina
578 1371 610 1430 et
624 1366 756 1431 herbam
779 1370 951 1433 secundum
967 1368 1210 1453 congruentiam
1231 1366 1275 1429 iis
1293 1387 1366 1430 con·

269 1473 469 1554 sequentem:
505 1474 538 1533 et
567 1470 673 1534 omnia
704 1471 855 1536 animalia
883 1472 923 1535 iis
954 1472 1032 1536 cibis
1061 1471 1204 1548 utentia,
1243 1491 1367 1554 quaea

268 1579 353 1638 terra
368 1573 576 1657 accipiuntur,
600 1574 734 1656 pacifica
750 1581 782 1639 et
804 1580 1015 1640 consentanea
1031 1576 1166 1640 invicem
1190 1575 1273 1652 fieri,
1292 1575 1365 1639 sub·

267 1677 350 1741 iecta
371 1676 553 1740 hominibus
577 1698 648 1740 cum
671 1678 757 1742 omni
780 1679 1004 1744 subiectione.“

247 1785 278 1845 4.
314 1781 403 1845 Haec
436 1784 544 1844 autem
578 1784 609 1843 et
642 1780 759 1864 Papias
851 1784 882 1846 4.
907 1779 1015 1845 Ταῦτα
1046 1783 1081 1846 δὲ
1109 1784 1164 1845 καί
1195 1781 1325 1857 Παπίας
1351 1780 1366 1843 ὁ

182 1885 310 1950 loannis
333 1885 475 1961 auditor,
507 1883 679 1968 Polycarpi
701 1908 758 1949 au·
786 1883 932 1949 Ἰωάννου
945 1888 1000 1970 μὲν
1013 1887 1180 1971 ἀκουστὴς,
1200 1886 1366 1968 Πυλυκάρ-

142 2013 167 2050 ia
181 1995 245 2054 tem
268 1987 514 2064 contubernalis,
539 1993 630 2052 vetus
653 1988 757 2069 homo,
785 2010 846 2052 που
869 1990 904 2052 δὲ
926 1990 1045 2074 ἑταῖρος
1060 1990 1211 2075 γεγονώς,
1237 1993 1366 2074 ἀρχαῖος

181 2116 238 2177 per
253 2092 669 2177 scripturamtestimonium
684 2114 759 2176 per·
787 2092 882 2177 ἀνήρ,
913 2093 1077 2178 ἐγγράφως
1108 2096 1314 2179 ἐπιμαρτυρεῖ
1336 2094 1366 2157 ἐν

180 2197 285 2274 hibet,
309 2198 343 2260 in
367 2202 480 2280 quarto
509 2197 662 2261 librorum
684 2219 758 2262 suo·
785 2207 824 2280 τῇ
846 2199 977 2282 τετάρτῃ
1000 2208 1061 2261 τῶν
1081 2198 1196 2263 ἑαυτοῦ
1221 2198 1365 2286 βιβλίων,

180 2323 264 2365 rum:
289 2306 363 2365 sunt
385 2302 468 2365 enim
491 2300 540 2364 illi
565 2300 703 2384 quinque
717 2301 758 2364 li·
785 2301 851 2364 ἔστι
873 2304 934 2386 γὰρ
950 2304 1034 2386 αὐτῷ
1057 2302 1150 2367 πέντε
1166 2302 1276 2388 βιβλία
1299 2323 1366 2366 συν·

179 2406 229 2469 bri
242 2404 421 2488 conscripti.
445 2405 490 2468 Et
503 2405 618 2469 adiecit
633 2405 757 2469 dicens:
785 2405 969 2488 τεταγμένα.
1028 2421 1103 2493 [Eue.
1117 2421 1151 2474 Η.
1166 2421 1197 2476 Ε.
1211 2421 1263 2487 ΠΙ,
1277 2424 1319 2486 39,
1334 2422 1365 2492 ll.

140 2532 167 2570 so
314 2510 344 2572 5.
370 2507 478 2585 ,Haec
508 2513 613 2573 autem
646 2510 810 2575 credibilia
841 2516 915 2576 sunt
946 2512 1155 2576 credentibus.
1203 2513 1252 2578 Et
1279 2513 1364 2587 Iuda,

267 2613 391 2696 inquit,
422 2613 583 2696 proditore
614 2636 679 2678 non
710 2616 856 2680 credente
880 2620 912 2680 et
933 2618 1170 2701 interrogante:
1205 2618 1365 2701 quomodo

267 2740 346 2803 ergo
370 2719 452 2783 tales
475 2720 641 2802 geniturae
664 2742 683 2784 a
707 2721 832 2786 domino
856 2722 1085 2805 perficientur?
1120 2722 1243 2787 dixisse
1267 2723 1365 2787 domi-

265 2845 360 2888 num:
384 2822 557 2898 Videbunt,
583 2822 637 2905 qui
659 2824 786 2888 venient
809 2825 841 2888 in
864 2825 951 2889 illa“.

875 2943 955 3014 [Iren.
974 2944 1044 2997 Adv.
1063 2942 1139 2996 haer.
1160 2943 1194 3007 V,
1214 2945 1260 3007 33,
1279 2941 1366 3011 3-4]

179 3084 272 3134 turam
291 3096 360 3143 ease,
381 3096 454 3148 quae
475 3097 532 3135 non
552 3077 756 3134 contineattri·
819 3085 844 3136 4.
866 3082 936 3136 haec
955 3086 1051 3137 autem
1070 3086 1099 3136 et
1110 3081 1216 3152 Papias
1236 3083 1304 3154 etc]
1322 3081 1367 3136 Sic

179 3168 261 3236 ginta
285 3166 436 3235 amphoras
455 3167 540 3235 (rw)
566 3165 641 3218 vini‘
677 3165 757 3230 Quod
785 3170 880 3224 dicens
895 3171 1026 3224 irenaeus
1046 3170 1156 3232 annuit,
1176 3169 1272 3224 verba
1288 3184 1366 3239 prae

179 3254 379 3323 comprobatur
396 3251 576 3315 exDeut.32,
590 3252 629 3313 14,
643 3250 691 3305 ubi
705 3270 757 3321 pro
784 3257 916 3311 cedentia
935 3272 964 3309 se
982 3272 1039 3308 non
1058 3255 1195 3324 ePapiae
1214 3273 1305 3328 opere
1323 3257 1366 3311 de

178 3345 238 3390 aaa
256 3340 499 3411 (temlegendum
510 3354 572 3392 esse
588 3341 658 3387 'inti
672 3328 757 3414 (ἾῼῨῚ)
785 3343 937 3414 scripsisse,
957 3340 1007 3395 sed
1024 3341 1120 3410 potius
1140 3342 1177 3395 ab
1196 3343 1273 3407 aliis,
1291 3359 1367 3414 pres·

180 3435 298 3498 dicitur3
318 3435 425 3489 etenim
439 3436 560 3490 Ghomer
573 3435 631 3488 sive
644 3436 756 3490 Gorde-
784 3430 890 3499 hyteriss
916 3446 941 3482 V·
970 3433 983 3484 l
1007 3429 1181 3494 memorali&
1214 3431 1366 3491 audiviflw·

179 3539 240 3576 cem
257 3522 341 3592 Epha
363 3522 484 3592 triginta
503 3522 572 3575 Sata
594 3521 757 3590 complecti·
783 3517 904 3586 Papiam
935 3517 1031 3570 autem
1066 3515 1166 3570 eadem
1194 3521 1226 3571 et
1254 3517 1367 3585 quidem

178 3609 239 3669 tur;
258 3607 362 3678 Papias
376 3608 491 3664 exhibet
509 3608 612 3678 viginti
631 3608 757 3675 quinque
785 3605 894 3672 scripta
922 3603 1071 3666 exhibere,
1099 3619 1193 3670 neque
1221 3621 1293 3659 vero
1320 3602 1369 3658 ills

179 3696 313 3748 metretas
342 3710 376 3747 ex
402 3712 459 3749 uno
489 3695 571 3748 acino
602 3710 757 3764 expressas,
785 3689 875 3744 solum
893 3690 1018 3752 tradere,
1044 3689 1204 3744 sedetiam
1230 3691 1293 3746 alia
1312 3690 1368 3746 adi·

180 3780 256 3846 quod
273 3780 361 3834 multo
387 3782 573 3836 monstrosius
591 3784 642 3835 est
679 3780 758 3834 Haec
786 3792 855 3838 cere,
876 3775 1061 3829 scilicetne.
1082 3775 1124 3830 Of.
1141 3775 1230 3840 zaim,
1249 3779 1368 3835 Fora&

180 3866 294 3931 quidem
320 3866 471 3921 Delitzsch.
514 3867 687 3922 Monendum
714 3871 758 3921 est
783 3881 872 3932 aspen
889 3862 935 3924 Vl,
955 3863 997 3915 89.
1034 3862 1184 3927 Hamack,
1211 3865 1369 3922 Gescliiclrta

180 3956 290 4015 autem,
323 3953 479 4007 orationem
505 3954 589 4007 valde
615 3954 758 4022 poeticam
784 3951 832 4004 der
859 3952 999 4005 altcbristl.
1027 3951 1183 4006 Litteratur
1209 3953 1299 4018 11,1,
1319 3953 1369 4008 336

179 4053 236 4089 non
255 4038 425 4093 adverbum
443 4039 609 4093 sumendam
626 4055 695 4093 esse.
715 4039 757 4094 cf.
784 4043 841 4092 not.
860 4039 946 4092 verba
957 4043 1004 4096 καὶ
1024 4043 1053 4093 et
1065 4037 1256 4114 ἐπιμαρτυρεῖ
1268 4058 1370 4112 urgen-

181 4121 265 4186 Zahn,
278 4123 473 4195 Forsebunyen
485 4126 526 4179 Vl
539 4125 638 4195 (1900),
652 4128 702 4180 152
715 4143 756 4193 sq.
784 4126 821 4178 da
848 4141 908 4178 esse
934 4129 1021 4195 negat
1049 4129 1078 4179 et
1105 4141 1206 4179 versus
1235 4129 1308 4185 a-3
1335 4127 1370 4181 ad

216 4207 239 4261 3.
258 4210 378 4276 pacifica
396 4212 460 4281 ete]
480 4213 522 4267 cf.
537 4212 589 4265 les.
602 4214 642 4276 ll,
653 4213 669 4267 6
680 4229 756 4278 sqq.;
785 4212 902 4281 Papiam
911 4213 1004 4281 ipsum
1017 4212 1113 4266 refert.
1133 4212 1273 4269 Fortasse
1283 4216 1370 4286 uerba

180 4290 224 4353 65,
243 4293 284 4346 25.
786 4299 826 4351 sic
844 4297 974 4367 intellegi
1000 4302 1135 4368 possent,
1164 4299 1190 4353 si
1208 4319 1271 4356 non
1298 4302 1370 4357 alius
