<?xml version="1.0" encoding="UTF-8"?>
<!DOCTYPE html PUBLIC "-//W3C//DTD XHTML 1.0 Transitional//EN"
    "http://www.w3.org/TR/xhtml1/DTD/xhtml1-transitional.dtd">
<html xmlns="http://www.w3.org/1999/xhtml" xml:lang="en" lang="en">
 <head>
  <title>
</title>
<meta http-equiv="Content-Type" content="text/html;charset=utf-8" />
  <meta name='ocr-system' content='tesseract 3.04.00' />
  <meta name='ocr-capabilities' content='ocr_page ocr_carea ocr_par ocr_line ocrx_word'/>
</head>
<body>
  <div class='ocr_page' id='page_1' title='image "./patresapostolic00piongoog_0519.png"; bbox 0 0 2834 5018; ppageno 0'>
   <div class='ocr_carea' id='block_1_1' title="bbox 179 361 952 437">
    <p class='ocr_par' dir='ltr' id='par_1_1' title="bbox 179 361 952 437">
     <span class='ocr_line' id='line_1_1' title="bbox 179 361 952 437; baseline -0.001 -19"><span class='ocrx_word' id='word_1_1' title='bbox 179 371 243 437; x_wconf 82' lang='lat'>356</span> <span class='ocrx_word' id='word_1_2' title='bbox 576 362 708 418; x_wconf 69' lang='lat' dir='ltr'>mmm</span> <span class='ocrx_word' id='word_1_3' title='bbox 725 361 952 419; x_wconf 73' lang='grc' dir='ltr'>σσιυιωυτι</span> 
     </span>
    </p>
   </div>
   <div class='ocr_carea' id='block_1_2' title="bbox 141 541 1363 2510">
    <p class='ocr_par' dir='ltr' id='par_1_2' title="bbox 153 541 1363 1148">
     <span class='ocr_line' id='line_1_2' title="bbox 179 541 1363 629; baseline -0.004 -20"><span class='ocrx_word' id='word_1_4' title='bbox 179 548 251 621; x_wconf 87' lang='grc' dir='ltr'>τοὺς</span> <span class='ocrx_word' id='word_1_5' title='bbox 273 546 328 629; x_wconf 86' lang='grc' dir='ltr'>μὲν</span> <span class='ocrx_word' id='word_1_6' title='bbox 351 552 413 609; x_wconf 90' lang='grc' dir='ltr'>τῶν</span> <span class='ocrx_word' id='word_1_7' title='bbox 436 543 620 608; x_wconf 80' lang='grc' dir='ltr'>ἀποστόλων</span> <span class='ocrx_word' id='word_1_8' title='bbox 650 543 762 628; x_wconf 77' lang='grc' dir='ltr'>λόγους</span> <span class='ocrx_word' id='word_1_9' title='bbox 784 545 869 626; x_wconf 79' lang='grc' dir='ltr'>παρὰ</span> <span class='ocrx_word' id='word_1_10' title='bbox 892 551 954 606; x_wconf 90' lang='grc' dir='ltr'>τῶν</span> <span class='ocrx_word' id='word_1_11' title='bbox 978 545 1082 619; x_wconf 85' lang='grc' dir='ltr'>αύτοῐς</span> <span class='ocrx_word' id='word_1_12' title='bbox 1111 541 1363 627; x_wconf 86' lang='grc' dir='ltr'>παρηκολουθη-</span> 
     </span>
     <span class='ocr_line' id='line_1_3' title="bbox 179 645 1361 734; baseline -0.004 -20"><span class='ocrx_word' id='word_1_13' title='bbox 179 650 281 714; x_wconf 89' lang='grc' dir='ltr'>κότων</span> <span class='ocrx_word' id='word_1_14' title='bbox 304 649 449 734; x_wconf 81' lang='grc' dir='ltr'>ὁμολογεῖ</span> <span class='ocrx_word' id='word_1_15' title='bbox 469 648 705 734; x_wconf 78' lang='grc' dir='ltr'>παρειληφέναι,</span> <span class='ocrx_word' id='word_1_16' title='bbox 721 647 919 731; x_wconf 79' lang='grc' dir='ltr'>Ἀριστίωνος</span> <span class='ocrx_word' id='word_1_17' title='bbox 941 648 976 711; x_wconf 91' lang='grc' dir='ltr'>δέ</span> <span class='ocrx_word' id='word_1_18' title='bbox 998 650 1052 711; x_wconf 87' lang='grc' dir='ltr'>καί</span> <span class='ocrx_word' id='word_1_19' title='bbox 1075 657 1129 711; x_wconf 94' lang='grc' dir='ltr'>τοῦ</span> <span class='ocrx_word' id='word_1_20' title='bbox 1145 645 1361 732; x_wconf 77' lang='grc' dir='ltr'>πρεσβυτέρου</span> 
     </span>
     <span class='ocr_line' id='line_1_4' title="bbox 180 749 1359 838; baseline -0.004 -20"><span class='ocrx_word' id='word_1_21' title='bbox 180 752 328 818; x_wconf 78' lang='grc' dir='ltr'>Ἰωάννου</span> <span class='ocrx_word' id='word_1_22' title='bbox 351 753 504 837; x_wconf 75' lang='grc' dir='ltr'>αύτίγκοον</span> <span class='ocrx_word' id='word_1_23' title='bbox 527 752 637 816; x_wconf 88' lang='grc' dir='ltr'>ἑαυτόν</span> <span class='ocrx_word' id='word_1_24' title='bbox 662 774 735 838; x_wconf 91' lang='grc' dir='ltr'>φησι</span> <span class='ocrx_word' id='word_1_25' title='bbox 758 752 919 837; x_wconf 87' lang='grc' dir='ltr'>γενέσθαι.</span> <span class='ocrx_word' id='word_1_26' title='bbox 965 753 1113 836; x_wconf 81' lang='grc' dir='ltr'>ὀνομαστί</span> <span class='ocrx_word' id='word_1_27' title='bbox 1136 761 1214 835; x_wconf 90' lang='grc' dir='ltr'>γοῦν</span> <span class='ocrx_word' id='word_1_28' title='bbox 1237 749 1359 814; x_wconf 89' lang='grc' dir='ltr'>πολλά-</span> 
     </span>
     <span class='ocr_line' id='line_1_5' title="bbox 179 854 1358 943; baseline -0.005 -20"><span class='ocrx_word' id='word_1_29' title='bbox 179 880 229 935; x_wconf 92' lang='grc' dir='ltr'>κις</span> <span class='ocrx_word' id='word_1_30' title='bbox 250 860 352 923; x_wconf 82' lang='grc' dir='ltr'>αὐτῶν</span> <span class='ocrx_word' id='word_1_31' title='bbox 374 859 597 943; x_wconf 76' lang='grc' dir='ltr'>μνημονεύσας,</span> <span class='ocrx_word' id='word_1_32' title='bbox 621 857 732 933; x_wconf 82' lang='grc' dir='ltr'>ἐντοῖς</span> <span class='ocrx_word' id='word_1_33' title='bbox 754 858 850 920; x_wconf 89' lang='grc' dir='ltr'>αύτοῦ</span> <span class='ocrx_word' id='word_1_34' title='bbox 867 857 1086 941; x_wconf 79' lang='grc' dir='ltr'>συγγράμμασι</span> <span class='ocrx_word' id='word_1_35' title='bbox 1109 854 1236 940; x_wconf 90' lang='grc' dir='ltr'>τίθησιν</span> <span class='ocrx_word' id='word_1_36' title='bbox 1251 857 1358 918; x_wconf 88' lang='grc' dir='ltr'>αὐτῶν</span> 
     </span>
     <span class='ocr_line' id='line_1_6' title="bbox 153 960 1357 1046; baseline -0.002 -22"><span class='ocrx_word' id='word_1_37' title='bbox 153 966 232 1028; x_wconf 81' lang='grc' dir='ltr'>ικαί</span> <span class='ocrx_word' id='word_1_38' title='bbox 253 963 449 1046; x_wconf 89' lang='grc' dir='ltr'>παραδόσεις.</span> <span class='ocrx_word' id='word_1_39' title='bbox 495 963 549 1026; x_wconf 86' lang='grc' dir='ltr'>καί</span> <span class='ocrx_word' id='word_1_40' title='bbox 571 972 671 1026; x_wconf 89' lang='grc' dir='ltr'>ταῦτα</span> <span class='ocrx_word' id='word_1_41' title='bbox 693 961 722 1025; x_wconf 87' lang='grc' dir='ltr'>δ’</span> <span class='ocrx_word' id='word_1_42' title='bbox 743 961 815 1045; x_wconf 77' lang='grc' dir='ltr'>ημῖν</span> <span class='ocrx_word' id='word_1_43' title='bbox 831 963 890 1025; x_wconf 91' lang='grc' dir='ltr'>ούκ</span> <span class='ocrx_word' id='word_1_44' title='bbox 912 962 955 1036; x_wconf 86' lang='grc' dir='ltr'>είς</span> <span class='ocrx_word' id='word_1_45' title='bbox 970 963 1007 1024; x_wconf 88' lang='grc' dir='ltr'>τό</span> <span class='ocrx_word' id='word_1_46' title='bbox 1030 963 1187 1045; x_wconf 78' lang='grc' dir='ltr'>ἄχρηστον</span> <span class='ocrx_word' id='word_1_47' title='bbox 1203 960 1357 1045; x_wconf 81' lang='grc' dir='ltr'>εἰρήσθω.</span> 
     </span>
     <span class='ocr_line' id='line_1_7' title="bbox 267 1064 1356 1148; baseline -0.007 -13"><span class='ocrx_word' id='word_1_48' title='bbox 267 1072 297 1135; x_wconf 87' lang='grc'>8.</span> <span class='ocrx_word' id='word_1_49' title='bbox 321 1067 428 1145; x_wconf 86' lang='grc' dir='ltr'>Ἀξιον</span> <span class='ocrx_word' id='word_1_50' title='bbox 450 1067 485 1130; x_wconf 82' lang='grc' dir='ltr'>δὲ</span> <span class='ocrx_word' id='word_1_51' title='bbox 506 1075 573 1142; x_wconf 83' lang='grc' dir='ltr'>ταῖς</span> <span class='ocrx_word' id='word_1_52' title='bbox 596 1065 821 1141; x_wconf 87' lang='grc' dir='ltr'>ἀποδοθείσαις</span> <span class='ocrx_word' id='word_1_53' title='bbox 843 1075 898 1129; x_wconf 90' lang='grc' dir='ltr'>τοῦ</span> <span class='ocrx_word' id='word_1_54' title='bbox 920 1064 1030 1129; x_wconf 90' lang='grc' dir='ltr'>Παπία</span> <span class='ocrx_word' id='word_1_55' title='bbox 1052 1074 1170 1148; x_wconf 81' lang='grc' dir='ltr'>φωναῖς</span> <span class='ocrx_word' id='word_1_56' title='bbox 1192 1065 1356 1148; x_wconf 81' lang='grc' dir='ltr'>προσάψαι</span> 
     </span>
    </p>

    <p class='ocr_par' dir='ltr' id='par_1_3' title="bbox 141 1169 1358 2510">
     <span class='ocr_line' id='line_1_8' title="bbox 179 1169 1357 1254; baseline -0.003 -17"><span class='ocrx_word' id='word_1_57' title='bbox 179 1171 276 1251; x_wconf 84' lang='grc' dir='ltr'>λέξεις</span> <span class='ocrx_word' id='word_1_58' title='bbox 298 1171 404 1254; x_wconf 82' lang='grc' dir='ltr'>ἑτέρας</span> <span class='ocrx_word' id='word_1_59' title='bbox 426 1173 532 1251; x_wconf 87' lang='grc' dir='ltr'>αὐτοῦ,</span> <span class='ocrx_word' id='word_1_60' title='bbox 555 1170 595 1235; x_wconf 90' lang='grc' dir='ltr'>δι’</span> <span class='ocrx_word' id='word_1_61' title='bbox 610 1169 654 1236; x_wconf 83' lang='grc' dir='ltr'>ὧν</span> <span class='ocrx_word' id='word_1_62' title='bbox 676 1170 838 1254; x_wconf 90' lang='grc' dir='ltr'>παράδοξά</span> <span class='ocrx_word' id='word_1_63' title='bbox 860 1193 928 1235; x_wconf 86' lang='grc' dir='ltr'>τινα</span> <span class='ocrx_word' id='word_1_64' title='bbox 944 1171 1058 1253; x_wconf 87' lang='grc' dir='ltr'>ίστορεῖ</span> <span class='ocrx_word' id='word_1_65' title='bbox 1080 1173 1134 1234; x_wconf 86' lang='grc' dir='ltr'>καί</span> <span class='ocrx_word' id='word_1_66' title='bbox 1151 1170 1244 1252; x_wconf 84' lang='grc' dir='ltr'>ἀλλα,</span> <span class='ocrx_word' id='word_1_67' title='bbox 1270 1170 1357 1234; x_wconf 80' lang='grc' dir='ltr'>ὡσάν</span> 
     </span>
     <span class='ocr_line' id='line_1_9' title="bbox 179 1273 1356 1359; baseline -0.001 -19"><span class='ocrx_word' id='word_1_68' title='bbox 179 1276 217 1340; x_wconf 82' lang='grc' dir='ltr'>ἐκ</span> <span class='ocrx_word' id='word_1_69' title='bbox 236 1276 438 1359; x_wconf 82' lang='grc' dir='ltr'>παραδόσεως</span> <span class='ocrx_word' id='word_1_70' title='bbox 460 1275 503 1352; x_wconf 88' lang='grc' dir='ltr'>είς</span> <span class='ocrx_word' id='word_1_71' title='bbox 525 1277 619 1339; x_wconf 91' lang='grc' dir='ltr'>αύτδν</span> <span class='ocrx_word' id='word_1_72' title='bbox 643 1274 790 1342; x_wconf 85' lang='grc' dir='ltr'>ἐλθόντα.</span> <span class='ocrx_word' id='word_1_73' title='bbox 836 1278 866 1341; x_wconf 88' lang='grc'>9.</span> <span class='ocrx_word' id='word_1_74' title='bbox 892 1276 928 1337; x_wconf 91' lang='grc' dir='ltr'>τδ</span> <span class='ocrx_word' id='word_1_75' title='bbox 950 1276 1006 1358; x_wconf 86' lang='grc' dir='ltr'>μέν</span> <span class='ocrx_word' id='word_1_76' title='bbox 1029 1273 1083 1339; x_wconf 91' lang='grc' dir='ltr'>ούν</span> <span class='ocrx_word' id='word_1_77' title='bbox 1113 1277 1196 1338; x_wconf 84' lang='grc' dir='ltr'>κατὰ</span> <span class='ocrx_word' id='word_1_78' title='bbox 1218 1278 1276 1359; x_wconf 82' lang='grc' dir='ltr'>τὴν</span> <span class='ocrx_word' id='word_1_79' title='bbox 1301 1274 1356 1341; x_wconf 87' lang='grc' dir='ltr'>Ἱε-</span> 
     </span>
     <span class='ocr_line' id='line_1_10' title="bbox 180 1378 1353 1465; baseline -0.001 -20"><span class='ocrx_word' id='word_1_80' title='bbox 180 1379 310 1465; x_wconf 89' lang='grc' dir='ltr'>ράπολιν</span> <span class='ocrx_word' id='word_1_81' title='bbox 332 1378 489 1444; x_wconf 88' lang='grc' dir='ltr'>Φίλιππον</span> <span class='ocrx_word' id='word_1_82' title='bbox 520 1381 574 1443; x_wconf 91' lang='grc' dir='ltr'>τδν</span> <span class='ocrx_word' id='word_1_83' title='bbox 597 1378 772 1444; x_wconf 80' lang='grc' dir='ltr'>ἀπόστολον</span> <span class='ocrx_word' id='word_1_84' title='bbox 796 1381 861 1463; x_wconf 89' lang='grc' dir='ltr'>άμα</span> <span class='ocrx_word' id='word_1_85' title='bbox 891 1389 960 1454; x_wconf 87' lang='grc' dir='ltr'>ταῖς</span> <span class='ocrx_word' id='word_1_86' title='bbox 983 1381 1160 1465; x_wconf 70' lang='grc' dir='ltr'>θυγατράσι</span> <span class='ocrx_word' id='word_1_87' title='bbox 1183 1381 1353 1464; x_wconf 84' lang='grc' dir='ltr'>διατρῖψαι,</span> 
     </span>
     <span class='ocr_line' id='line_1_11' title="bbox 141 1483 1355 1568; baseline -0.002 -18"><span class='ocrx_word' id='word_1_88' title='bbox 141 1486 231 1550; x_wconf 81' lang='grc' dir='ltr'>ιοδιά</span> <span class='ocrx_word' id='word_1_89' title='bbox 253 1494 316 1549; x_wconf 89' lang='grc' dir='ltr'>τῶν</span> <span class='ocrx_word' id='word_1_90' title='bbox 337 1485 477 1568; x_wconf 89' lang='grc' dir='ltr'>πρόσθεν</span> <span class='ocrx_word' id='word_1_91' title='bbox 500 1484 691 1568; x_wconf 77' lang='grc' dir='ltr'>δεδήλωται,</span> <span class='ocrx_word' id='word_1_92' title='bbox 725 1483 824 1560; x_wconf 85' lang='grc' dir='ltr'>ὡςδὲ</span> <span class='ocrx_word' id='word_1_93' title='bbox 847 1487 930 1547; x_wconf 84' lang='grc' dir='ltr'>κατά</span> <span class='ocrx_word' id='word_1_94' title='bbox 958 1488 1030 1560; x_wconf 86' lang='grc' dir='ltr'>τοὺς</span> <span class='ocrx_word' id='word_1_95' title='bbox 1052 1487 1165 1560; x_wconf 88' lang='grc' dir='ltr'>αύτούς</span> <span class='ocrx_word' id='word_1_96' title='bbox 1188 1485 1206 1548; x_wconf 88' lang='grc' dir='ltr'>δ</span> <span class='ocrx_word' id='word_1_97' title='bbox 1228 1484 1355 1561; x_wconf 78' lang='grc' dir='ltr'>Παπίας</span> 
     </span>
     <span class='ocr_line' id='line_1_12' title="bbox 179 1588 1354 1675; baseline -0.003 -21"><span class='ocrx_word' id='word_1_98' title='bbox 179 1589 343 1675; x_wconf 87' lang='grc' dir='ltr'>γενόμενος</span> <span class='ocrx_word' id='word_1_99' title='bbox 358 1589 498 1674; x_wconf 75' lang='grc' dir='ltr'>διήγησιν</span> <span class='ocrx_word' id='word_1_100' title='bbox 517 1588 741 1675; x_wconf 77' lang='grc' dir='ltr'>παρειληφέναι</span> <span class='ocrx_word' id='word_1_101' title='bbox 757 1589 938 1673; x_wconf 72' lang='grc' dir='ltr'>θαυμασίαν</span> <span class='ocrx_word' id='word_1_102' title='bbox 961 1589 1021 1653; x_wconf 89' lang='grc' dir='ltr'>ύπό</span> <span class='ocrx_word' id='word_1_103' title='bbox 1037 1598 1099 1654; x_wconf 91' lang='grc' dir='ltr'>τῶν</span> <span class='ocrx_word' id='word_1_104' title='bbox 1121 1598 1177 1652; x_wconf 88' lang='grc' dir='ltr'>τοῦ</span> <span class='ocrx_word' id='word_1_105' title='bbox 1193 1588 1354 1654; x_wconf 88' lang='grc' dir='ltr'>Φιλίππου</span> 
     </span>
     <span class='ocr_line' id='line_1_13' title="bbox 180 1693 1356 1781; baseline -0.002 -22"><span class='ocrx_word' id='word_1_106' title='bbox 180 1694 364 1781; x_wconf 77' lang='grc' dir='ltr'>θυγατέρων</span> <span class='ocrx_word' id='word_1_107' title='bbox 386 1694 585 1781; x_wconf 79' lang='grc' dir='ltr'>μνημονεύει,</span> <span class='ocrx_word' id='word_1_108' title='bbox 618 1697 733 1759; x_wconf 82' lang='grc' dir='ltr'>τὰνῦν</span> <span class='ocrx_word' id='word_1_109' title='bbox 756 1693 955 1779; x_wconf 86' lang='grc' dir='ltr'>σημειωτέον.</span> <span class='ocrx_word' id='word_1_110' title='bbox 1001 1703 1112 1776; x_wconf 84' lang='grc' dir='ltr'>νεκροῦ</span> <span class='ocrx_word' id='word_1_111' title='bbox 1134 1695 1196 1777; x_wconf 84' lang='grc' dir='ltr'>γάρ</span> <span class='ocrx_word' id='word_1_112' title='bbox 1219 1694 1356 1757; x_wconf 80' lang='grc' dir='ltr'>ἀνάστα·</span> 
     </span>
     <span class='ocr_line' id='line_1_14' title="bbox 180 1797 1355 1885; baseline -0.003 -21"><span class='ocrx_word' id='word_1_113' title='bbox 180 1821 228 1865; x_wconf 91' lang='grc' dir='ltr'>σιν</span> <span class='ocrx_word' id='word_1_114' title='bbox 249 1798 321 1863; x_wconf 85' lang='grc' dir='ltr'>κατ’</span> <span class='ocrx_word' id='word_1_115' title='bbox 343 1801 437 1864; x_wconf 87' lang='grc' dir='ltr'>αὐτόν</span> <span class='ocrx_word' id='word_1_116' title='bbox 459 1809 622 1885; x_wconf 86' lang='grc' dir='ltr'>γεγονυῖαν</span> <span class='ocrx_word' id='word_1_117' title='bbox 647 1800 770 1882; x_wconf 88' lang='grc' dir='ltr'>ίστορεῖ,</span> <span class='ocrx_word' id='word_1_118' title='bbox 792 1801 846 1863; x_wconf 81' lang='grc' dir='ltr'>καί</span> <span class='ocrx_word' id='word_1_119' title='bbox 870 1797 909 1863; x_wconf 91' lang='grc' dir='ltr'>αύ</span> <span class='ocrx_word' id='word_1_120' title='bbox 932 1799 1026 1863; x_wconf 91' lang='grc' dir='ltr'>πάλιν</span> <span class='ocrx_word' id='word_1_121' title='bbox 1049 1801 1154 1881; x_wconf 90' lang='grc' dir='ltr'>έτερον</span> <span class='ocrx_word' id='word_1_122' title='bbox 1177 1798 1355 1881; x_wconf 84' lang='grc' dir='ltr'>παράδοξον</span> 
     </span>
     <span class='ocr_line' id='line_1_15' title="bbox 178 1901 1354 1991; baseline -0.001 -23"><span class='ocrx_word' id='word_1_123' title='bbox 178 1907 247 1989; x_wconf 88' lang='grc' dir='ltr'>περί</span> <span class='ocrx_word' id='word_1_124' title='bbox 270 1904 408 1969; x_wconf 82' lang='grc' dir='ltr'>Ἰοῦστον</span> <span class='ocrx_word' id='word_1_125' title='bbox 431 1906 485 1968; x_wconf 89' lang='grc' dir='ltr'>τδν</span> <span class='ocrx_word' id='word_1_126' title='bbox 507 1904 721 1990; x_wconf 76' lang='grc' dir='ltr'>ἐπικληθέντα</span> <span class='ocrx_word' id='word_1_127' title='bbox 735 1904 926 1991; x_wconf 75' lang='grc' dir='ltr'>Βαρσαββᾶν</span> <span class='ocrx_word' id='word_1_128' title='bbox 947 1904 1085 1990; x_wconf 86' lang='grc' dir='ltr'>γεγονός,</span> <span class='ocrx_word' id='word_1_129' title='bbox 1110 1902 1152 1979; x_wconf 85' lang='grc' dir='ltr'>ὡς</span> <span class='ocrx_word' id='word_1_130' title='bbox 1168 1901 1354 1988; x_wconf 80' lang='grc' dir='ltr'>δηλητήριον</span> 
     </span>
     <span class='ocr_line' id='line_1_16' title="bbox 142 2007 1355 2096; baseline -0.004 -21"><span class='ocrx_word' id='word_1_131' title='bbox 142 2036 167 2075; x_wconf 78' lang='grc' dir='ltr'>ιι</span> <span class='ocrx_word' id='word_1_132' title='bbox 180 2008 344 2093; x_wconf 90' lang='grc' dir='ltr'>φάρμακον</span> <span class='ocrx_word' id='word_1_133' title='bbox 373 2008 534 2093; x_wconf 82' lang='grc' dir='ltr'>ἐμπιόντας</span> <span class='ocrx_word' id='word_1_134' title='bbox 557 2012 610 2073; x_wconf 91' lang='grc' dir='ltr'>καί</span> <span class='ocrx_word' id='word_1_135' title='bbox 641 2010 736 2096; x_wconf 83' lang='grc' dir='ltr'>μηδὲν</span> <span class='ocrx_word' id='word_1_136' title='bbox 761 2010 853 2095; x_wconf 87' lang='grc' dir='ltr'>ἀηδές</span> <span class='ocrx_word' id='word_1_137' title='bbox 882 2010 933 2073; x_wconf 82' lang='grc' dir='ltr'>διό</span> <span class='ocrx_word' id='word_1_138' title='bbox 956 2012 1011 2093; x_wconf 80' lang='grc' dir='ltr'>τὴν</span> <span class='ocrx_word' id='word_1_139' title='bbox 1042 2017 1097 2072; x_wconf 89' lang='grc' dir='ltr'>τοῦ</span> <span class='ocrx_word' id='word_1_140' title='bbox 1123 2007 1233 2090; x_wconf 83' lang='grc' dir='ltr'>κυρίου</span> <span class='ocrx_word' id='word_1_141' title='bbox 1266 2008 1355 2092; x_wconf 83' lang='grc' dir='ltr'>χάριν</span> 
     </span>
     <span class='ocr_line' id='line_1_17' title="bbox 179 2113 1356 2198; baseline -0.003 -21"><span class='ocrx_word' id='word_1_142' title='bbox 179 2113 409 2198; x_wconf 83' lang='grc' dir='ltr'>ὑπομείναντος.</span> <span class='ocrx_word' id='word_1_143' title='bbox 457 2119 507 2183; x_wconf 91' lang='grc'>10.</span> <span class='ocrx_word' id='word_1_144' title='bbox 531 2125 640 2179; x_wconf 89' lang='grc' dir='ltr'>τοῦτον</span> <span class='ocrx_word' id='word_1_145' title='bbox 663 2116 698 2179; x_wconf 85' lang='grc' dir='ltr'>δὲ</span> <span class='ocrx_word' id='word_1_146' title='bbox 720 2117 772 2180; x_wconf 92' lang='grc' dir='ltr'>τδν</span> <span class='ocrx_word' id='word_1_147' title='bbox 796 2114 934 2179; x_wconf 82' lang='grc' dir='ltr'>Ἰοῦστον</span> <span class='ocrx_word' id='word_1_148' title='bbox 957 2115 1036 2198; x_wconf 80' lang='grc' dir='ltr'>μετὰ</span> <span class='ocrx_word' id='word_1_149' title='bbox 1058 2115 1114 2196; x_wconf 83' lang='grc' dir='ltr'>τὴν</span> <span class='ocrx_word' id='word_1_150' title='bbox 1136 2121 1192 2175; x_wconf 94' lang='grc' dir='ltr'>τοῦ</span> <span class='ocrx_word' id='word_1_151' title='bbox 1216 2122 1356 2196; x_wconf 75' lang='grc' dir='ltr'>σωτῆρος</span> 
     </span>
     <span class='ocr_line' id='line_1_18' title="bbox 179 2215 1356 2303; baseline -0.003 -22"><span class='ocrx_word' id='word_1_152' title='bbox 179 2217 334 2303; x_wconf 85' lang='grc' dir='ltr'>ἀνάληψιν</span> <span class='ocrx_word' id='word_1_153' title='bbox 367 2222 438 2295; x_wconf 91' lang='grc' dir='ltr'>τούς</span> <span class='ocrx_word' id='word_1_154' title='bbox 468 2219 566 2302; x_wconf 80' lang='grc' dir='ltr'>ἱερούς</span> <span class='ocrx_word' id='word_1_155' title='bbox 596 2219 790 2294; x_wconf 86' lang='grc' dir='ltr'>ἀποστόλους</span> <span class='ocrx_word' id='word_1_156' title='bbox 821 2221 899 2303; x_wconf 85' lang='grc' dir='ltr'>μετὰ</span> <span class='ocrx_word' id='word_1_157' title='bbox 929 2217 1060 2284; x_wconf 88' lang='grc' dir='ltr'>Ματθία</span> <span class='ocrx_word' id='word_1_158' title='bbox 1092 2215 1205 2301; x_wconf 75' lang='grc' dir='ltr'>στῆσαί</span> <span class='ocrx_word' id='word_1_159' title='bbox 1235 2237 1273 2280; x_wconf 90' lang='grc' dir='ltr'>τε</span> <span class='ocrx_word' id='word_1_160' title='bbox 1303 2217 1356 2278; x_wconf 87' lang='grc' dir='ltr'>καί</span> 
     </span>
     <span class='ocr_line' id='line_1_19' title="bbox 180 2320 1355 2405; baseline 0 -21"><span class='ocrx_word' id='word_1_161' title='bbox 180 2320 374 2398; x_wconf 78' lang='grc' dir='ltr'>ἐπεύξασθαι</span> <span class='ocrx_word' id='word_1_162' title='bbox 404 2323 471 2386; x_wconf 90' lang='grc' dir='ltr'>ἀντί</span> <span class='ocrx_word' id='word_1_163' title='bbox 501 2332 556 2386; x_wconf 92' lang='grc' dir='ltr'>τοῦ</span> <span class='ocrx_word' id='word_1_164' title='bbox 584 2321 737 2404; x_wconf 87' lang='grc' dir='ltr'>προδότου</span> <span class='ocrx_word' id='word_1_165' title='bbox 760 2320 862 2388; x_wconf 87' lang='grc' dir='ltr'>Ἰούδα</span> <span class='ocrx_word' id='word_1_166' title='bbox 891 2321 941 2385; x_wconf 83' lang='grc' dir='ltr'>ἐπί</span> <span class='ocrx_word' id='word_1_167' title='bbox 964 2323 1017 2385; x_wconf 91' lang='grc' dir='ltr'>τδν</span> <span class='ocrx_word' id='word_1_168' title='bbox 1046 2321 1164 2405; x_wconf 79' lang='grc' dir='ltr'>κλῆρον</span> <span class='ocrx_word' id='word_1_169' title='bbox 1191 2330 1248 2405; x_wconf 81' lang='grc' dir='ltr'>της</span> <span class='ocrx_word' id='word_1_170' title='bbox 1279 2322 1355 2384; x_wconf 90' lang='grc' dir='ltr'>ἀνα-</span> 
     </span>
     <span class='ocr_line' id='line_1_20' title="bbox 178 2422 1358 2510; baseline 0.001 -21"><span class='ocrx_word' id='word_1_171' title='bbox 178 2424 369 2510; x_wconf 81' lang='grc' dir='ltr'>πληρώσεως</span> <span class='ocrx_word' id='word_1_172' title='bbox 391 2437 446 2490; x_wconf 93' lang='grc' dir='ltr'>τοῦ</span> <span class='ocrx_word' id='word_1_173' title='bbox 470 2428 572 2490; x_wconf 89' lang='grc' dir='ltr'>αύτῶν</span> <span class='ocrx_word' id='word_1_174' title='bbox 595 2428 744 2510; x_wconf 75' lang='grc' dir='ltr'>ἀριθμοῦ,</span> <span class='ocrx_word' id='word_1_175' title='bbox 768 2426 788 2509; x_wconf 77' lang='grc' dir='ltr'>η</span> <span class='ocrx_word' id='word_1_176' title='bbox 811 2436 872 2491; x_wconf 89' lang='grc' dir='ltr'>τῶν</span> <span class='ocrx_word' id='word_1_177' title='bbox 895 2424 1044 2509; x_wconf 89' lang='grc' dir='ltr'>Πράξεων</span> <span class='ocrx_word' id='word_1_178' title='bbox 1067 2422 1128 2489; x_wconf 85' lang='grc' dir='ltr'>ὧδέ</span> <span class='ocrx_word' id='word_1_179' title='bbox 1151 2446 1219 2501; x_wconf 92' lang='grc' dir='ltr'>πως</span> <span class='ocrx_word' id='word_1_180' title='bbox 1242 2426 1358 2509; x_wconf 79' lang='grc' dir='ltr'>ἱστορεῖ</span> 
     </span>
    </p>
   </div>
   <div class='ocr_carea' id='block_1_3' title="bbox 139 2528 1358 3244">
    <p class='ocr_par' dir='ltr' id='par_1_4' title="bbox 139 2528 1358 3244">
     <span class='ocr_line' id='line_1_21' title="bbox 140 2528 1356 2617; baseline -0.001 -21"><span class='ocrx_word' id='word_1_181' title='bbox 140 2558 166 2596; x_wconf 79' lang='grc' dir='ltr'>ιο</span> <span class='ocrx_word' id='word_1_182' title='bbox 179 2530 298 2615; x_wconf 80' lang='grc' dir='ltr'>γραφή·</span> <span class='ocrx_word' id='word_1_183' title='bbox 322 2530 393 2596; x_wconf 84' lang='grc' dir='ltr'>Καί</span> <span class='ocrx_word' id='word_1_184' title='bbox 409 2533 557 2617; x_wconf 84' lang='grc' dir='ltr'>ἔστησαν</span> <span class='ocrx_word' id='word_1_185' title='bbox 580 2531 651 2611; x_wconf 80' lang='grc' dir='ltr'>δύο,</span> <span class='ocrx_word' id='word_1_186' title='bbox 667 2532 799 2616; x_wconf 80' lang='grc' dir='ltr'>Ἰωσὴφ</span> <span class='ocrx_word' id='word_1_187' title='bbox 815 2533 876 2597; x_wconf 86' lang='grc' dir='ltr'>τὸν</span> <span class='ocrx_word' id='word_1_188' title='bbox 898 2531 1113 2612; x_wconf 77' lang='grc' dir='ltr'>καλούμενον</span> <span class='ocrx_word' id='word_1_189' title='bbox 1127 2528 1356 2616; x_wconf 85' lang='grc' dir='ltr'>Βαρσαββᾶν,</span> 
     </span>
     <span class='ocr_line' id='line_1_22' title="bbox 179 2633 1354 2722; baseline -0.002 -22"><span class='ocrx_word' id='word_1_190' title='bbox 179 2639 215 2717; x_wconf 83' lang='grc' dir='ltr'>ὃς</span> <span class='ocrx_word' id='word_1_191' title='bbox 232 2636 407 2722; x_wconf 80' lang='grc' dir='ltr'>ἐπεκλήθη</span> <span class='ocrx_word' id='word_1_192' title='bbox 424 2637 582 2718; x_wconf 83' lang='grc' dir='ltr'>Ἰοῦστος,</span> <span class='ocrx_word' id='word_1_193' title='bbox 597 2637 654 2701; x_wconf 84' lang='grc' dir='ltr'>καί</span> <span class='ocrx_word' id='word_1_194' title='bbox 671 2635 853 2702; x_wconf 78' lang='grc' dir='ltr'>Ματθίαν·</span> <span class='ocrx_word' id='word_1_195' title='bbox 878 2638 934 2702; x_wconf 84' lang='grc' dir='ltr'>καί</span> <span class='ocrx_word' id='word_1_196' title='bbox 950 2633 1224 2721; x_wconf 80' lang='grc' dir='ltr'>προσευξάμενοι</span> <span class='ocrx_word' id='word_1_197' title='bbox 1240 2637 1354 2701; x_wconf 76' lang='grc' dir='ltr'>εἶπαν.</span> 
     </span>
     <span class='ocr_line' id='line_1_23' title="bbox 180 2738 1356 2823; baseline -0.003 -15"><span class='ocrx_word' id='word_1_198' title='bbox 180 2745 229 2808; x_wconf 91' lang='grc'>11.</span> <span class='ocrx_word' id='word_1_199' title='bbox 254 2743 307 2805; x_wconf 83' lang='grc' dir='ltr'>καί</span> <span class='ocrx_word' id='word_1_200' title='bbox 331 2740 414 2806; x_wconf 82' lang='grc' dir='ltr'>ἀλλα</span> <span class='ocrx_word' id='word_1_201' title='bbox 436 2743 470 2805; x_wconf 89' lang='grc' dir='ltr'>δέ</span> <span class='ocrx_word' id='word_1_202' title='bbox 493 2742 510 2806; x_wconf 88' lang='grc' dir='ltr'>ό</span> <span class='ocrx_word' id='word_1_203' title='bbox 542 2742 634 2817; x_wconf 88' lang='grc' dir='ltr'>αύτδς</span> <span class='ocrx_word' id='word_1_204' title='bbox 657 2740 743 2804; x_wconf 81' lang='grc' dir='ltr'>ὡσάν</span> <span class='ocrx_word' id='word_1_205' title='bbox 766 2740 804 2803; x_wconf 89' lang='grc' dir='ltr'>έκ</span> <span class='ocrx_word' id='word_1_206' title='bbox 831 2741 1034 2823; x_wconf 87' lang='grc' dir='ltr'>παραδόσεως</span> <span class='ocrx_word' id='word_1_207' title='bbox 1064 2738 1209 2823; x_wconf 81' lang='grc' dir='ltr'>ἀγράφου</span> <span class='ocrx_word' id='word_1_208' title='bbox 1232 2739 1278 2815; x_wconf 87' lang='grc' dir='ltr'>είς</span> <span class='ocrx_word' id='word_1_209' title='bbox 1301 2742 1356 2804; x_wconf 86' lang='grc' dir='ltr'>αύ-</span> 
     </span>
     <span class='ocr_line' id='line_1_24' title="bbox 177 2843 1357 2930; baseline -0.002 -20"><span class='ocrx_word' id='word_1_210' title='bbox 177 2848 230 2911; x_wconf 87' lang='grc' dir='ltr'>τόν</span> <span class='ocrx_word' id='word_1_211' title='bbox 252 2847 370 2930; x_wconf 75' lang='grc' dir='ltr'>ἥκοντα</span> <span class='ocrx_word' id='word_1_212' title='bbox 393 2845 633 2929; x_wconf 85' lang='grc' dir='ltr'>παρατέθειται,</span> <span class='ocrx_word' id='word_1_213' title='bbox 657 2844 746 2923; x_wconf 82' lang='grc' dir='ltr'>ξένας</span> <span class='ocrx_word' id='word_1_214' title='bbox 768 2843 802 2908; x_wconf 91' lang='grc' dir='ltr'>τέ</span> <span class='ocrx_word' id='word_1_215' title='bbox 824 2866 907 2920; x_wconf 90' lang='grc' dir='ltr'>τινας</span> <span class='ocrx_word' id='word_1_216' title='bbox 930 2843 1112 2930; x_wconf 86' lang='grc' dir='ltr'>παραβολάς</span> <span class='ocrx_word' id='word_1_217' title='bbox 1135 2852 1191 2906; x_wconf 88' lang='grc' dir='ltr'>τοῦ</span> <span class='ocrx_word' id='word_1_218' title='bbox 1216 2854 1357 2930; x_wconf 71' lang='grc' dir='ltr'>σωτῆρος</span> 
     </span>
     <span class='ocr_line' id='line_1_25' title="bbox 177 2946 1358 3032; baseline -0.002 -18"><span class='ocrx_word' id='word_1_219' title='bbox 177 2952 231 3014; x_wconf 85' lang='grc' dir='ltr'>καί</span> <span class='ocrx_word' id='word_1_220' title='bbox 259 2949 462 3026; x_wconf 87' lang='grc' dir='ltr'>διδασκαλίας</span> <span class='ocrx_word' id='word_1_221' title='bbox 493 2951 588 3013; x_wconf 84' lang='grc' dir='ltr'>αὐτοῦ</span> <span class='ocrx_word' id='word_1_222' title='bbox 618 2948 673 3012; x_wconf 91' lang='grc' dir='ltr'>καί</span> <span class='ocrx_word' id='word_1_223' title='bbox 702 2970 771 3013; x_wconf 89' lang='grc' dir='ltr'>τινα</span> <span class='ocrx_word' id='word_1_224' title='bbox 800 2948 883 3012; x_wconf 85' lang='grc' dir='ltr'>ἀλλα</span> <span class='ocrx_word' id='word_1_225' title='bbox 911 2947 1121 3032; x_wconf 84' lang='grc' dir='ltr'>μυθικώτερα.</span> <span class='ocrx_word' id='word_1_226' title='bbox 1170 2951 1221 3014; x_wconf 89' lang='grc'>12.</span> <span class='ocrx_word' id='word_1_227' title='bbox 1249 2948 1284 3012; x_wconf 80' lang='grc' dir='ltr'>ἐν</span> <span class='ocrx_word' id='word_1_228' title='bbox 1313 2946 1358 3025; x_wconf 89' lang='grc' dir='ltr'>οίς</span> 
     </span>
     <span class='ocr_line' id='line_1_26' title="bbox 139 3053 1358 3139; baseline -0.002 -20"><span class='ocrx_word' id='word_1_229' title='bbox 139 3080 165 3119; x_wconf 74' lang='grc' dir='ltr'>τι</span> <span class='ocrx_word' id='word_1_230' title='bbox 177 3055 230 3117; x_wconf 86' lang='grc' dir='ltr'>καί</span> <span class='ocrx_word' id='word_1_231' title='bbox 253 3054 380 3137; x_wconf 91' lang='grc' dir='ltr'>χιλιάδα</span> <span class='ocrx_word' id='word_1_232' title='bbox 410 3055 478 3118; x_wconf 90' lang='grc' dir='ltr'>τινά</span> <span class='ocrx_word' id='word_1_233' title='bbox 501 3075 594 3139; x_wconf 91' lang='grc' dir='ltr'>φησιν</span> <span class='ocrx_word' id='word_1_234' title='bbox 621 3053 699 3117; x_wconf 84' lang='grc' dir='ltr'>ἐτῶν</span> <span class='ocrx_word' id='word_1_235' title='bbox 722 3055 854 3120; x_wconf 81' lang='grc' dir='ltr'>ἔσεσθαι</span> <span class='ocrx_word' id='word_1_236' title='bbox 883 3055 961 3137; x_wconf 83' lang='grc' dir='ltr'>μετά</span> <span class='ocrx_word' id='word_1_237' title='bbox 990 3056 1045 3137; x_wconf 73' lang='grc' dir='ltr'>τἠν</span> <span class='ocrx_word' id='word_1_238' title='bbox 1070 3053 1106 3114; x_wconf 85' lang='grc' dir='ltr'>ἐκ</span> <span class='ocrx_word' id='word_1_239' title='bbox 1138 3061 1260 3135; x_wconf 83' lang='grc' dir='ltr'>νεκρῶν</span> <span class='ocrx_word' id='word_1_240' title='bbox 1284 3054 1358 3117; x_wconf 86' lang='grc' dir='ltr'>ἀνά·</span> 
     </span>
     <span class='ocr_line' id='line_1_27' title="bbox 178 3156 1358 3244; baseline -0.002 -22"><span class='ocrx_word' id='word_1_241' title='bbox 178 3179 302 3239; x_wconf 92' lang='grc' dir='ltr'>στασιν,</span> <span class='ocrx_word' id='word_1_242' title='bbox 333 3167 518 3243; x_wconf 86' lang='grc' dir='ltr'>σωματικῶς</span> <span class='ocrx_word' id='word_1_243' title='bbox 549 3168 603 3243; x_wconf 79' lang='grc' dir='ltr'>της</span> <span class='ocrx_word' id='word_1_244' title='bbox 626 3156 763 3241; x_wconf 90' lang='grc' dir='ltr'>Χριστοῦ</span> <span class='ocrx_word' id='word_1_245' title='bbox 797 3157 955 3244; x_wconf 87' lang='grc' dir='ltr'>βασιλείας</span> <span class='ocrx_word' id='word_1_246' title='bbox 978 3157 1027 3220; x_wconf 89' lang='grc' dir='ltr'>έπί</span> <span class='ocrx_word' id='word_1_247' title='bbox 1060 3157 1190 3241; x_wconf 84' lang='grc' dir='ltr'>ταυτησί</span> <span class='ocrx_word' id='word_1_248' title='bbox 1213 3168 1271 3242; x_wconf 80' lang='grc' dir='ltr'>τῆς</span> <span class='ocrx_word' id='word_1_249' title='bbox 1301 3169 1358 3243; x_wconf 78' lang='grc' dir='ltr'>γῆς</span> 
     </span>
    </p>
   </div>
   <div class='ocr_carea' id='block_1_4' title="bbox 140 3261 1358 3870">
    <p class='ocr_par' dir='ltr' id='par_1_5' title="bbox 140 3261 1358 3870">
     <span class='ocr_line' id='line_1_28' title="bbox 178 3261 1356 3348; baseline -0.001 -21"><span class='ocrx_word' id='word_1_250' title='bbox 178 3263 440 3348; x_wconf 87' lang='grc' dir='ltr'>ύποστησομένης.</span> <span class='ocrx_word' id='word_1_251' title='bbox 486 3264 507 3326; x_wconf 85' lang='grc' dir='ltr'>ἀ</span> <span class='ocrx_word' id='word_1_252' title='bbox 529 3265 582 3327; x_wconf 87' lang='grc' dir='ltr'>καί</span> <span class='ocrx_word' id='word_1_253' title='bbox 612 3262 747 3348; x_wconf 73' lang='grc' dir='ltr'>ἡγοῦμαι</span> <span class='ocrx_word' id='word_1_254' title='bbox 769 3265 824 3339; x_wconf 84' lang='grc' dir='ltr'>τὰς</span> <span class='ocrx_word' id='word_1_255' title='bbox 847 3261 1058 3336; x_wconf 83' lang='grc' dir='ltr'>ἀποστολικόις</span> <span class='ocrx_word' id='word_1_256' title='bbox 1080 3261 1356 3346; x_wconf 87' lang='grc' dir='ltr'>παρεκδεξάμενον</span> 
     </span>
     <span class='ocr_line' id='line_1_29' title="bbox 178 3366 1357 3452; baseline 0 -22"><span class='ocrx_word' id='word_1_257' title='bbox 178 3367 334 3452; x_wconf 83' lang='grc' dir='ltr'>διηγήσεις</span> <span class='ocrx_word' id='word_1_258' title='bbox 350 3366 527 3452; x_wconf 83' lang='grc' dir='ltr'>ὑπολαβεῖν,</span> <span class='ocrx_word' id='word_1_259' title='bbox 543 3369 583 3430; x_wconf 88' lang='grc' dir='ltr'>τὰ</span> <span class='ocrx_word' id='word_1_260' title='bbox 606 3367 639 3431; x_wconf 88' lang='grc' dir='ltr'>έν</span> <span class='ocrx_word' id='word_1_261' title='bbox 655 3366 858 3451; x_wconf 86' lang='grc' dir='ltr'>ύποδείγμασι</span> <span class='ocrx_word' id='word_1_262' title='bbox 880 3368 956 3449; x_wconf 89' lang='grc' dir='ltr'>πρός</span> <span class='ocrx_word' id='word_1_263' title='bbox 971 3368 1075 3429; x_wconf 83' lang='grc' dir='ltr'>αὐτῶν</span> <span class='ocrx_word' id='word_1_264' title='bbox 1098 3374 1260 3446; x_wconf 84' lang='grc' dir='ltr'>μυστικῶς</span> <span class='ocrx_word' id='word_1_265' title='bbox 1276 3367 1357 3451; x_wconf 78' lang='grc' dir='ltr'>εἰρη-</span> 
     </span>
     <span class='ocr_line' id='line_1_30' title="bbox 178 3469 1357 3555; baseline 0.001 -20"><span class='ocrx_word' id='word_1_266' title='bbox 178 3470 256 3555; x_wconf 85' lang='grc' dir='ltr'>μένα</span> <span class='ocrx_word' id='word_1_267' title='bbox 278 3475 319 3555; x_wconf 81' lang='grc' dir='ltr'>μὴ</span> <span class='ocrx_word' id='word_1_268' title='bbox 343 3471 572 3553; x_wconf 89' lang='grc' dir='ltr'>συνεωρακότα.</span> <span class='ocrx_word' id='word_1_269' title='bbox 621 3476 669 3539; x_wconf 90' lang='grc'>13.</span> <span class='ocrx_word' id='word_1_270' title='bbox 694 3471 814 3554; x_wconf 88' lang='grc' dir='ltr'>σφόδρα</span> <span class='ocrx_word' id='word_1_271' title='bbox 836 3471 896 3554; x_wconf 87' lang='grc' dir='ltr'>γάρ</span> <span class='ocrx_word' id='word_1_272' title='bbox 918 3492 965 3533; x_wconf 89' lang='grc' dir='ltr'>τοι</span> <span class='ocrx_word' id='word_1_273' title='bbox 982 3470 1109 3553; x_wconf 83' lang='grc' dir='ltr'>σμικρός</span> <span class='ocrx_word' id='word_1_274' title='bbox 1133 3469 1177 3532; x_wconf 84' lang='grc' dir='ltr'>ὢν</span> <span class='ocrx_word' id='word_1_275' title='bbox 1201 3471 1257 3533; x_wconf 87' lang='grc' dir='ltr'>τόν</span> <span class='ocrx_word' id='word_1_276' title='bbox 1274 3481 1357 3555; x_wconf 82' lang='grc' dir='ltr'>νοῦν,</span> 
     </span>
     <span class='ocr_line' id='line_1_31' title="bbox 140 3572 1357 3659; baseline 0.002 -23"><span class='ocrx_word' id='word_1_277' title='bbox 140 3598 165 3636; x_wconf 85' lang='grc' dir='ltr'>ιι</span> <span class='ocrx_word' id='word_1_278' title='bbox 179 3575 265 3639; x_wconf 81' lang='grc' dir='ltr'>ὡσάν</span> <span class='ocrx_word' id='word_1_279' title='bbox 288 3576 408 3639; x_wconf 84' lang='grc' dir='ltr'>ἐκτῶν</span> <span class='ocrx_word' id='word_1_280' title='bbox 432 3577 527 3638; x_wconf 91' lang='grc' dir='ltr'>αύτοῦ</span> <span class='ocrx_word' id='word_1_281' title='bbox 550 3574 653 3659; x_wconf 88' lang='grc' dir='ltr'>λόγων</span> <span class='ocrx_word' id='word_1_282' title='bbox 675 3575 907 3659; x_wconf 89' lang='grc' dir='ltr'>τεκμηράμενον</span> <span class='ocrx_word' id='word_1_283' title='bbox 932 3574 1044 3652; x_wconf 81' lang='grc' dir='ltr'>εἰπεῖν,</span> <span class='ocrx_word' id='word_1_284' title='bbox 1074 3572 1237 3656; x_wconf 86' lang='grc' dir='ltr'>φαίνεται·</span> <span class='ocrx_word' id='word_1_285' title='bbox 1274 3574 1357 3659; x_wconf 75' lang='grc' dir='ltr'>πλὴν</span> 
     </span>
     <span class='ocr_line' id='line_1_32' title="bbox 179 3678 1358 3763; baseline 0.001 -21"><span class='ocrx_word' id='word_1_286' title='bbox 179 3682 232 3743; x_wconf 86' lang='grc' dir='ltr'>καί</span> <span class='ocrx_word' id='word_1_287' title='bbox 248 3689 310 3755; x_wconf 87' lang='grc' dir='ltr'>τοῖς</span> <span class='ocrx_word' id='word_1_288' title='bbox 333 3682 398 3763; x_wconf 83' lang='grc' dir='ltr'>μετ’</span> <span class='ocrx_word' id='word_1_289' title='bbox 414 3681 508 3743; x_wconf 89' lang='grc' dir='ltr'>αύτόν</span> <span class='ocrx_word' id='word_1_290' title='bbox 524 3679 679 3755; x_wconf 88' lang='grc' dir='ltr'>πλείστοις</span> <span class='ocrx_word' id='word_1_291' title='bbox 695 3682 778 3754; x_wconf 91' lang='grc' dir='ltr'>όσοις</span> <span class='ocrx_word' id='word_1_292' title='bbox 802 3689 863 3743; x_wconf 87' lang='grc' dir='ltr'>τῶν</span> <span class='ocrx_word' id='word_1_293' title='bbox 879 3678 1149 3763; x_wconf 85' lang='grc' dir='ltr'>ἐκκλησιαστικῶν</span> <span class='ocrx_word' id='word_1_294' title='bbox 1173 3688 1228 3762; x_wconf 77' lang='grc' dir='ltr'>τῆς</span> <span class='ocrx_word' id='word_1_295' title='bbox 1246 3679 1358 3763; x_wconf 83' lang='grc' dir='ltr'>ὁμοίας</span> 
     </span>
     <span class='ocr_line' id='line_1_33' title="bbox 180 3781 1358 3870; baseline 0.003 -25"><span class='ocrx_word' id='word_1_296' title='bbox 180 3785 263 3866; x_wconf 83' lang='grc' dir='ltr'>αὐτῷ</span> <span class='ocrx_word' id='word_1_297' title='bbox 286 3781 376 3866; x_wconf 84' lang='grc' dir='ltr'>δόξης</span> <span class='ocrx_word' id='word_1_298' title='bbox 398 3782 557 3865; x_wconf 89' lang='grc' dir='ltr'>παραίτιος</span> <span class='ocrx_word' id='word_1_299' title='bbox 579 3783 705 3868; x_wconf 82' lang='grc' dir='ltr'>γέγονε,</span> <span class='ocrx_word' id='word_1_300' title='bbox 733 3785 788 3866; x_wconf 76' lang='grc' dir='ltr'>τὴν</span> <span class='ocrx_word' id='word_1_301' title='bbox 812 3783 1003 3867; x_wconf 89' lang='grc' dir='ltr'>ἀρχαιότητα</span> <span class='ocrx_word' id='word_1_302' title='bbox 1025 3782 1154 3864; x_wconf 83' lang='grc' dir='ltr'>τάνδρός</span> <span class='ocrx_word' id='word_1_303' title='bbox 1176 3782 1358 3870; x_wconf 88' lang='grc' dir='ltr'>προβεβλη-</span> 
     </span>
    </p>
   </div>
   <div class='ocr_carea' id='block_1_5' title="bbox 179 3971 1360 4388">
    <p class='ocr_par' dir='ltr' id='par_1_6' title="bbox 179 3971 1360 4388">
     <span class='ocr_line' id='line_1_34' title="bbox 213 3971 1360 4044; baseline 0.003 -18"><span class='ocrx_word' id='word_1_304' title='bbox 213 3974 237 4028; x_wconf 92' lang='grc'>9.</span> <span class='ocrx_word' id='word_1_305' title='bbox 258 3976 397 4030; x_wconf 79' lang='grc' dir='ltr'>Φίλιππον</span> <span class='ocrx_word' id='word_1_306' title='bbox 405 3975 455 4030; x_wconf 84' lang='grc' dir='ltr'>τόν</span> <span class='ocrx_word' id='word_1_307' title='bbox 465 3971 633 4044; x_wconf 82' lang='grc' dir='ltr'>ἀπόστολον]</span> <span class='ocrx_word' id='word_1_308' title='bbox 644 3973 748 4043; x_wconf 85' lang='lat' dir='ltr'><strong>Philip·</strong></span> <span class='ocrx_word' id='word_1_309' title='bbox 775 3975 829 4037; x_wconf 74' lang='lat' dir='ltr'>tur,</span> <span class='ocrx_word' id='word_1_310' title='bbox 848 3974 1008 4042; x_wconf 78' lang='lat' dir='ltr'>apostolum</span> <span class='ocrx_word' id='word_1_311' title='bbox 1028 3974 1118 4027; x_wconf 80' lang='lat' dir='ltr'><strong>vocat.</strong></span> <span class='ocrx_word' id='word_1_312' title='bbox 1160 3972 1232 4027; x_wconf 86' lang='lat' dir='ltr'>Cum</span> <span class='ocrx_word' id='word_1_313' title='bbox 1263 3978 1360 4029; x_wconf 72' lang='lat' dir='ltr'><strong>autem</strong></span> 
     </span>
     <span class='ocr_line' id='line_1_35' title="bbox 179 4058 1358 4130; baseline 0.004 -17"><span class='ocrx_word' id='word_1_314' title='bbox 179 4076 247 4127; x_wconf 87' lang='lat' dir='ltr'>pum</span> <span class='ocrx_word' id='word_1_315' title='bbox 257 4058 403 4129; x_wconf 80' lang='lat' dir='ltr'>Hierapoli</span> <span class='ocrx_word' id='word_1_316' title='bbox 411 4063 750 4114; x_wconf 75' lang='lat' dir='ltr'><strong>versatumacmortuum</strong></span> <span class='ocrx_word' id='word_1_317' title='bbox 776 4059 824 4114; x_wconf 85' lang='lat' dir='ltr'><strong>ille</strong></span> <span class='ocrx_word' id='word_1_318' title='bbox 842 4059 1007 4130; x_wconf 82' lang='lat' dir='ltr'>Philippus,</span> <span class='ocrx_word' id='word_1_319' title='bbox 1035 4060 1090 4113; x_wconf 80' lang='lat' dir='ltr'>nisi</span> <span class='ocrx_word' id='word_1_320' title='bbox 1117 4060 1214 4114; x_wconf 81' lang='lat' dir='ltr'><strong>omnia</strong></span> <span class='ocrx_word' id='word_1_321' title='bbox 1242 4062 1358 4119; x_wconf 63' lang='lat' dir='ltr'><strong>fallunt</strong></span> 
     </span>
     <span class='ocr_line' id='line_1_36' title="bbox 179 4144 1358 4217; baseline 0.003 -19"><span class='ocrx_word' id='word_1_322' title='bbox 179 4144 316 4200; x_wconf 79' lang='lat' dir='ltr'>Eusebius</span> <span class='ocrx_word' id='word_1_323' title='bbox 330 4145 503 4201; x_wconf 76' lang='lat' dir='ltr'><strong>etiamRE.</strong></span> <span class='ocrx_word' id='word_1_324' title='bbox 516 4146 562 4209; x_wconf 88' lang='grc' dir='ltr'>ΙΙΙ,</span> <span class='ocrx_word' id='word_1_325' title='bbox 576 4148 618 4209; x_wconf 80' lang='grc'>31,</span> <span class='ocrx_word' id='word_1_326' title='bbox 631 4147 698 4208; x_wconf 85' lang='grc'><strong>2.3;</strong></span> <span class='ocrx_word' id='word_1_327' title='bbox 718 4145 750 4208; x_wconf 87' lang='lat' dir='ltr'>V,</span> <span class='ocrx_word' id='word_1_328' title='bbox 778 4163 849 4199; x_wconf 83' lang='lat' dir='ltr'>unus</span> <span class='ocrx_word' id='word_1_329' title='bbox 877 4164 910 4200; x_wconf 83' lang='lat' dir='ltr'>ex</span> <span class='ocrx_word' id='word_1_330' title='bbox 938 4151 1046 4217; x_wconf 77' lang='lat' dir='ltr'><strong>septem</strong></span> <span class='ocrx_word' id='word_1_331' title='bbox 1065 4148 1137 4213; x_wconf 78' lang='lat' dir='ltr'><strong>(Act.</strong></span> <span class='ocrx_word' id='word_1_332' title='bbox 1157 4147 1182 4208; x_wconf 82' lang='lat'>6,</span> <span class='ocrx_word' id='word_1_333' title='bbox 1201 4148 1231 4214; x_wconf 84' lang='lat'>5)</span> <span class='ocrx_word' id='word_1_334' title='bbox 1261 4148 1358 4207; x_wconf 80' lang='lat' dir='ltr'>fuerit,</span> 
     </span>
     <span class='ocr_line' id='line_1_37' title="bbox 179 4230 1355 4303; baseline 0.004 -19"><span class='ocrx_word' id='word_1_335' title='bbox 179 4230 221 4295; x_wconf 78' lang='lat'>24,</span> <span class='ocrx_word' id='word_1_336' title='bbox 240 4232 272 4293; x_wconf 82' lang='lat'>2,</span> <span class='ocrx_word' id='word_1_337' title='bbox 301 4231 346 4284; x_wconf 83' lang='lat' dir='ltr'>vel</span> <span class='ocrx_word' id='word_1_338' title='bbox 371 4233 466 4303; x_wconf 83' lang='lat' dir='ltr'><strong>potius</strong></span> <span class='ocrx_word' id='word_1_339' title='bbox 483 4233 644 4302; x_wconf 75' lang='lat' dir='ltr'>Polycrates</span> <span class='ocrx_word' id='word_1_340' title='bbox 662 4232 751 4302; x_wconf 81' lang='lat' dir='ltr'>Ephe·</span> <span class='ocrx_word' id='word_1_341' title='bbox 778 4233 860 4295; x_wconf 82' lang='lat' dir='ltr'>idem,</span> <span class='ocrx_word' id='word_1_342' title='bbox 881 4235 916 4287; x_wconf 80' lang='lat' dir='ltr'>ad</span> <span class='ocrx_word' id='word_1_343' title='bbox 934 4249 1018 4302; x_wconf 87' lang='lat' dir='ltr'><strong>quem</strong></span> <span class='ocrx_word' id='word_1_344' title='bbox 1036 4232 1140 4287; x_wconf 78' lang='lat' dir='ltr'>Paulus</span> <span class='ocrx_word' id='word_1_345' title='bbox 1159 4250 1235 4287; x_wconf 72' lang='lat' dir='ltr'><strong>anno</strong></span> <span class='ocrx_word' id='word_1_346' title='bbox 1254 4235 1289 4288; x_wconf 84' lang='grc'>58</span> <span class='ocrx_word' id='word_1_347' title='bbox 1309 4236 1355 4289; x_wconf 81' lang='lat' dir='ltr'>de·</span> 
     </span>
     <span class='ocr_line' id='line_1_38' title="bbox 180 4316 1359 4388; baseline 0.004 -18"><span class='ocrx_word' id='word_1_348' title='bbox 180 4317 251 4381; x_wconf 80' lang='lat' dir='ltr'>sius,</span> <span class='ocrx_word' id='word_1_349' title='bbox 270 4316 349 4371; x_wconf 76' lang='lat' dir='ltr'>ouius</span> <span class='ocrx_word' id='word_1_350' title='bbox 367 4320 453 4373; x_wconf 76' lang='lat' dir='ltr'><strong>verba</strong></span> <span class='ocrx_word' id='word_1_351' title='bbox 469 4320 514 4373; x_wconf 81' lang='lat' dir='ltr'>his</span> <span class='ocrx_word' id='word_1_352' title='bbox 539 4318 608 4373; x_wconf 80' lang='lat' dir='ltr'><strong>locis</strong></span> <span class='ocrx_word' id='word_1_353' title='bbox 626 4320 750 4374; x_wconf 73' lang='grc' dir='ltr'>τοίοισιν·</span> <span class='ocrx_word' id='word_1_354' title='bbox 779 4319 864 4374; x_wconf 77' lang='lat' dir='ltr'><strong>vertit</strong></span> <span class='ocrx_word' id='word_1_355' title='bbox 875 4320 981 4387; x_wconf 89' lang='lat' dir='ltr'>quique</span> <span class='ocrx_word' id='word_1_356' title='bbox 993 4323 1054 4374; x_wconf 80' lang='lat' dir='ltr'>tum</span> <span class='ocrx_word' id='word_1_357' title='bbox 1065 4320 1203 4388; x_wconf 76' lang='lat' dir='ltr'><strong>temporis</strong></span> <span class='ocrx_word' id='word_1_358' title='bbox 1216 4326 1359 4388; x_wconf 73' lang='lat' dir='ltr'><strong>quattuor</strong></span> 
     </span>
    </p>
   </div>
   <div class='ocr_carea' id='block_1_6' title="bbox 0 0 1423 5018">
    <p class='ocr_par' dir='ltr' id='par_1_7' title="bbox 0 0 1423 5018">
     <span class='ocr_line' id='line_1_39' title="bbox 0 0 1423 5018; baseline 0 0"><span class='ocrx_word' id='word_1_359' title='bbox 0 0 1423 5018; x_wconf 95' lang='lat' dir='ltr'> </span> 
     </span>
    </p>
   </div>
  </div>
 </body>
</html>
