2834 5018
173 352 237 417 344
396 347 625 406 MARTYRIUM
643 348 670 403 8.
688 347 904 404 POLYCARPI.
940 347 1126 404 EPILOGUS.

173 522 372 608 Πολυκάρπῳ
395 523 601 608 Μαρκίωνος,
636 523 690 608 ἀφ’
712 522 749 588 ού
781 523 810 588 οἱ
842 523 1004 609 λεγόμενοι
1027 525 1281 609 Μαρκιωνισταύ,
1303 527 1359 590 καὶ

174 629 329 705 εἰπόντος·
352 627 561 714 Ἐπιγύνωσκε
576 629 668 713 ἡμᾶς,
684 627 886 712 Πολύκαρπε,
910 627 994 694 εἶπεν
1010 631 1103 706 αὐτὸς
1118 639 1162 714 τῷ
1178 630 1359 714 Μαρκίωνι·

175 732 412 819 Ἐπιγινιύσκω,
448 733 646 820 ἐπιγινύσκω
677 736 731 799 τὸν
764 734 963 817 πρωτότοκον
994 745 1049 798 τοῦ
1072 745 1202 799 σατανᾶ.
1247 739 1279 802 4.
1303 737 1359 799 καὶ

174 847 265 902 τοῦτο
288 839 323 902 δέ
339 840 465 924 φέρεται
488 839 524 905 ἐν
539 850 603 915 τοῖς
625 848 680 904 τοῦ
696 837 864 924 Εἰρηναύου
880 841 1127 924 συγγράμμασιν,
1151 842 1198 904 ὅτι
1221 838 1360 926 ηημέρμ

148 947 227 1009 ὅκαὶ
250 947 318 1031 ὥρᾳ
339 945 372 1010 ἐν
394 945 522 1030 Σμύρνη
553 943 764 1029 ἐμαρτύρησεν
787 943 804 1007 6
827 942 1051 1027 Πολύκαρπος,
1080 944 1219 1026 ἤκουσεν
1249 947 1359 1029 φωνην

175 1047 207 1112 ἐν
223 1059 261 1134 τη
277 1048 442 1134 Ῥωμαίων
457 1049 547 1113 πόλει
563 1049 712 1132 ὑπάρχων
729 1048 745 1110 6
761 1047 924 1133 Εἰρηναῖος
941 1048 984 1124 ὡς
1000 1048 1171 1133 σάλπιγγος
1187 1049 1358 1136 λεγούσης·

50 1154 53 1161 ’
173 1149 380 1236 Πολύκαρπος
403 1153 624 1238 ἐμαρτύρησεν.

264 1262 292 1323 5.
318 1256 378 1320 Ἐκ
399 1257 518 1321 τούτων
543 1255 606 1338 οὖν,
630 1256 672 1332 ὡς
695 1255 913 1339 προλέλεκται,
936 1266 999 1321 τῶν
1021 1266 1076 1321 τοῦ
1091 1256 1259 1343 Εἰρηναίου
1283 1280 1359 1343 συγ-

175 1362 365 1446 γραμμάτων
380 1361 474 1438 Γάϊος
496 1361 728 1446 μετεγράψατο,
752 1361 840 1425 ἐκδὲ
862 1368 923 1424 τῶν
940 1359 1036 1424 Γαΐου
1060 1362 1261 1447 ἀντιγράφων
1278 1361 1360 1427 Ἰσο-

138 1483 162 1521 10
175 1465 291 1550 κράτης
313 1464 346 1528 ἐν
369 1465 531 1550 Κορίνθῳ.
578 1465 640 1552 ἐγὼ
663 1467 698 1530 δέ
727 1465 821 1530 πάλιν
845 1464 969 1540 Πιύνιος
999 1465 1037 1529 ἐκ
1067 1475 1129 1530 τῶν
1154 1465 1359 1550 Ἰσοκράτους

176 1569 373 1654 ἀντιγράφων
396 1571 520 1655 ἔγραψα
542 1572 626 1634 κατά
649 1569 849 1651 ἀποκάλυψιν
873 1577 927 1632 τοῦ
951 1569 1041 1655 ἁγίου
1064 1569 1277 1654 Πολυκάρπου
1300 1572 1358 1656 ζη-

175 1673 271 1758 τήσας
295 1675 393 1754 αὐτά,
426 1677 612 1761 συναγαγὼν
637 1676 718 1738 αύτά
739 1674 799 1759 ἤδη
823 1673 936 1758 σχεδὸν
960 1673 998 1737 ἐκ
1020 1683 1075 1738 τοῦ
1098 1674 1213 1758 χρύνου
1235 1696 1358 1760 κεκμη-

176 1777 272 1859 κύτα,
303 1781 355 1843 ἵνα
380 1780 464 1863 κάμὲ
496 1780 659 1865 συναγάγη
688 1779 706 1842 6
734 1779 838 1861 κύριος
871 1777 992 1863 Ἰησοῦς
1023 1780 1155 1862 Χριστὸς
1187 1781 1267 1863 μετὰ
1295 1790 1360 1844 τῶν

177 1881 335 1947 ἐκλεκτῶν
365 1886 460 1947 αὐτοῦ
491 1884 534 1959 εἰς
556 1885 612 1967 την
642 1880 824 1966 ἐπουράνιον
849 1885 944 1947 αὐτοῦ
974 1882 1155 1969 βασιλείαν·
1190 1881 1360 1968 wien

137 2009 163 2046 ιι
177 1991 233 2053 σὺν
255 1995 299 2070 τῷ
322 1990 414 2071 πατρὶ
437 1989 491 2051 καί
514 1995 558 2070 τῷ
582 1985 639 2070 υἱῷ
664 1989 718 2051 καί
741 1995 786 2073 τῷ
802 1986 882 2073 ἁγίῳ
904 1986 1056 2071 πνεύματι
1079 1986 1122 2062 εἰς
1144 1989 1218 2062 τοὺς
1241 1987 1360 2063 αἰῶνας

176 2101 239 2157 τῶν
262 2091 393 2159 αἰώνων.
439 2091 531 2176 ἀμήν.

248 2229 261 2281 1
283 2233 451 2305 Μαρκίωνος
463 2249 469 2283 :
480 2232 607 2302 μαρκίων
625 2228 680 2284 cod
700 2229 704 2300 Ι
726 2230 743 2283 2
761 2224 839 2286 εἶπεν
851 2246 857 2282 :
871 2225 958 2286 εἰπεῖν
977 2227 1030 2283 cod
1051 2230 1055 2296 Ι
1078 2229 1095 2282 8
1114 2227 1243 2286 τούτωνε
1258 2229 1361 2286 τούτου

177 2314 230 2369 cod
246 2316 250 2385 Ι
267 2313 433 2389 Εἰρηνοάουι
448 2315 584 2390 εἰρηναῖος
602 2315 657 2370 cod

213 2435 237 2489 3.
256 2434 333 2489 Haec
360 2452 395 2489 ex
420 2435 491 2491 Iren.
514 2437 585 2492 Adv:
610 2438 687 2492 haer.
705 2438 752 2503 111,
766 2443 835 2517 §non
853 2439 996 2509 leguntur.
1015 2437 1125 2492 Similia
1140 2439 1174 2492 de
1194 2437 1260 2492 aliis
1280 2453 1359 2492 sanc·

178 2524 202 2587 3,
220 2526 238 2577 4
256 2524 406 2592 desumpta
424 2528 498 2578 sunt.
777 2526 816 2581 tis
834 2527 992 2580 narrantur.

213 2610 238 2664 4.
258 2610 336 2675 Quae
360 2610 407 2665 hic
433 2610 468 2665 de
486 2612 602 2666 Irenaeo
627 2613 751 2666 referun-
813 2612 839 2666 5.
862 2613 1055 2687 Πολυκάριιου]
1081 2614 1150 2668 Post
1167 2614 1243 2668 hanc
1260 2630 1360 2669 vocem

178 2698 274 2762 tur‚in
294 2697 408 2767 scriptis
417 2698 527 2753 Irenaei
545 2699 626 2754 nobie
636 2699 751 2754 traditis
779 2698 851 2754 alter
875 2701 971 2755 textus
1000 2701 1093 2755 addit:
1119 2699 1218 2768 καθὼς
1245 2700 1360 2772 άηλὼσω
