2834 5018
151 329 193 393 30
647 321 835 377 nouimus

151 520 245 584 ματι·
276 500 328 576 δός
350 521 400 583 μοι
424 497 554 583 ἀργύρια
576 498 596 581 ἡ
619 497 710 579 ἕτεροί
731 518 816 578 τινα,
848 500 906 562 οὐκ
929 498 1109 565 ἀκούσεσθε
1132 501 1242 563 αὐτοῦ·
1277 499 1333 565 ἐὰν

151 605 185 668 δὲ
208 606 276 687 περὶ
308 604 414 668 ἄλλων
446 603 656 685 ὑστεροὺντιον
679 605 750 686 εἴπῃ
780 603 905 682 δοῦναι,
929 603 1034 688 μηδεὶς
1066 605 1160 666 αὐτὸν
1189 603 1332 686 κρινέτω.

238 711 309 775 XII.
345 708 413 784 Πᾶς
442 708 476 772 δέ
509 712 527 774 ὁ
559 710 741 795 ἐρχόμενος
771 710 809 774 ἐν
839 711 981 791 ὀνόματι
1012 713 1131 796 κυρίου
1161 710 1331 794 δεχθήτω·

151 813 257 877 ἔπειτα
280 814 315 877 δὲ
337 814 561 897 δοκιμάσαντες
584 815 678 877 αὐτὸν
701 812 877 897 γνώσεσθε,
901 813 1022 879 σύνεσιν
1045 817 1105 898 γὰρ
1121 813 1206 892 ἕξετε
1228 815 1332 892 δεξιὰν

124 919 203 981 caci
226 918 399 1000 ἀριστεράν.
445 922 474 984 2.
511 919 538 981 εἰ
560 919 616 1001 μὲν
645 918 789 1000 παροδιός
820 917 902 981 ἐστιν
934 918 1153 1002 ὁέρχόρενος,
1184 919 1332 1004 βοηθεῖτε

150 1024 251 1104 αὐτῷ,
281 1024 355 1085 ὅσον
377 1021 533 1087 δύνασθε·
564 1023 600 1085 οὐ
630 1030 715 1104 μενεῖ
737 1021 772 1084 δὲ
793 1023 869 1103 πρὸς
901 1022 981 1104 ὑμᾶς
1015 1023 1041 1087 εἰ
1064 1025 1106 1107 μὴ
1130 1022 1185 1087 δύο
1207 1024 1229 1106 ἢ
1251 1032 1331 1105 τρεῖς

150 1127 276 1212 ἡμέρας,
299 1126 354 1189 ἐὰν
377 1124 397 1210 ᾖ
420 1126 552 1211 ἀνάγκη.
584 1130 614 1193 3.
639 1127 666 1189 εἰ
689 1126 723 1188 δὲ
746 1125 834 1192 θέλει
859 1128 934 1209 πρὸς
958 1127 1038 1210 ὑμᾶς
1053 1130 1232 1211 καθῆσθαι,
1256 1147 1330 1210 τεχ-
1369 1130 1371 1135 ’

150 1232 232 1316 νίιης
256 1232 309 1309 ὢν,
333 1228 518 1314 ἐργαζέσθω
540 1231 594 1292 καὶ
618 1230 754 1315 ιραγέτιο.
786 1236 815 1297 4.
840 1231 867 1294 εἰ
889 1232 923 1295 δέ
947 1234 1005 1295 οὐκ
1021 1233 1085 1316 ἔχει
1101 1232 1223 1316 τέχνην,
1247 1233 1331 1294 κατὰ

149 1339 204 1419 τὴν
228 1335 350 1400 σύνεσιν
373 1336 458 1418 ὑμῶν
482 1335 685 1418 προνοήσατε,
708 1344 774 1411 πῶς
798 1338 840 1419 μὴ
864 1337 959 1420 ἀργὸς
982 1336 1057 1420 μεθ’
1087 1337 1173 1420 ὑμῶν
1202 1334 1330 1418 ζήσεται

111 1457 135 1494 1⁰
149 1437 344 1522 Χριστιανός.
391 1444 419 1506 5.
455 1439 481 1502 ei
504 1439 532 1502 δ’
555 1442 591 1503 οὐ
621 1439 710 1507 θέλει
742 1444 824 1505 οὕτω
850 1451 966 1521 ποιεῖν,
1000 1440 1224 1525 χριστέμπορός
1247 1439 1329 1502 ἐστι·

149 1544 319 1628 προσέχετε
341 1546 404 1608 ἀπὸ
426 1553 488 1608 τῶν
515 1545 672 1609 τοιούτων.

237 1652 322 1717 XIII.
346 1648 414 1726 Πᾶς
429 1651 463 1715 δέ
475 1650 634 1735 προφήτης
651 1650 811 1734 ἀληθινός,
838 1650 944 1717 θέλων
960 1652 1131 1734 καθῆσθαι
1147 1651 1223 1732 πρὸς
1239 1650 1329 1732 ὑμᾶς,

150 1754 242 1836 ἄξιός
266 1754 330 1818 ἐστι
353 1762 412 1840 τῆς
435 1762 563 1841 τροφῆς
586 1757 700 1820 αὐτοῦ.
736 1760 766 1821 2.
791 1755 941 1831 ὡσαύτως
965 1753 1153 1829 διδάσκαλος
1177 1753 1329 1837 ἀληθινός

219 1893 234 1945 7
253 1899 396 1963 καθῆσθαι
417 1893 477 1956 cod,
497 1892 563 1945 item
583 1893 600 1945 l.
624 1893 656 1946 12
669 1911 675 1944 :
687 1899 809 1965 καθΐρσαι
828 1894 873 1956 Βτ,
892 1896 1007 1950 καθίσαι
1027 1892 1081 1947 edd
1099 1893 1194 1962 plures

148 2015 195 2068 hic
214 2016 424 2085 generationem
436 2018 639 2085 prophetaram
653 2016 722 2070 chri-
735 2018 737 2057 ¹
751 2017 823 2070 enda
835 2018 891 2071 sint
901 2034 963 2070 cum
974 2014 1129 2089 γνώσεσθε,
1148 2016 1191 2069 ita
1201 2020 1234 2070 ut
1242 2014 1330 2069 verba

149 2102 305 2155 stianorum
315 2103 448 2156 inruente
460 2103 599 2165 habuisse,
613 2103 724 2156 scilicet
749 2104 859 2160 σύνεσιν
882 2103 934 2176 γὰρ
956 2099 1032 2172 ἕξετε
1050 2103 1080 2155 in
1097 2102 1262 2170 parenthesi
1280 2119 1329 2171 po·

149 2188 721 2259 Aga-burn,Iudam,Silam,Philippifilias,
749 2191 843 2244 nenda
861 2190 925 2249 sint,
946 2207 982 2243 an
1001 2207 1064 2243 curn
1085 2189 1209 2252 σύνεσιν,
1238 2188 1280 2242 ita
1296 2192 1329 2242 ut

148 2275 288 2328 Ammiam
306 2275 577 2344 Philasielphensem,
598 2277 722 2343 Quadra·
751 2279 828 2331 locus
838 2276 989 2331 vertendus
1002 2277 1053 2329 sit:
1067 2276 1243 2330 intellectum
1254 2277 1328 2328 enim

148 2363 222 2426 tum,
255 2379 326 2428 quos
357 2363 478 2432 scriptor
505 2365 621 2432 ignotus
648 2348 891 2418 circu'habebitis
912 2363 1115 2416 diiudicantem
1135 2362 1280 2415 dexteram
1300 2366 1328 2416 et

149 2466 252 2503 armum
279 2449 329 2504 192
356 2449 433 2518 apud
459 2450 612 2506 Eusebium
639 2452 672 2504 H.
692 2451 722 2505 D.
751 2451 903 2505 sinistram.
940 2449 992 2504 Illa
1019 2449 1189 2504 constructio
1214 2449 1329 2515 quidem

148 2536 181 2599 V,
203 2537 234 2589 17
253 2540 387 2598 recenset,
408 2541 436 2591 et
455 2539 478 2590 si
491 2539 629 2592 Doctrina
647 2539 723 2592 circa
750 2537 841 2591 minus
855 2538 925 2590 dura
940 2541 990 2591 est.
1018 2539 1152 2591 Attamen
1163 2535 1235 2589 haec
1247 2551 1327 2605 prae·

147 2622 193 2677 vel
210 2629 277 2692 post
295 2624 438 2677 sacculum
451 2627 477 2679 II
489 2625 614 2679 medium
626 2631 723 2681 exorta
750 2624 868 2677 ferenda
881 2641 940 2678 esse
954 2625 1072 2678 videtur.
1103 2623 1327 2678 constitutiones

149 2715 200 2772 est,
211 2710 298 2764 dehis
313 2710 545 2782 cogitaripotest.
565 2712 613 2765 Sin
628 2717 722 2767 autem
751 2715 841 2780 apost.
861 2711 974 2772 171128
999 2715 1065 2780 post
1091 2706 1167 2782 ἔχετε
1185 2710 1327 2764 inserunt:

147 2797 287 2865 scriptura
305 2798 340 2851 ad
359 2797 442 2852 finem
461 2799 566 2852 saeculi
577 2802 588 2854 Ι
601 2801 721 2854 referen·
749 2802 795 2854 scat
802 2798 922 2855 δύνασθε
933 2807 1038 2871 γνῶναι
1057 2816 1092 2852 sc.
1112 2798 1204 2867 δεξιὰν
1212 2805 1272 2854 κτλ.
1298 2829 1320 2835 —

148 2884 245 2947 duest,
260 2885 347 2937 verba
361 2886 456 2954 potius
468 2885 502 2939 de
512 2886 659 2956 prophetis
669 2887 721 2940 Ve-
749 2884 842 2954 δεξιὰν
859 2885 929 2954 rat]
938 2886 979 2940 cf.
994 2886 1052 2940 Ion
1065 2887 1089 2949 4,
1102 2888 1132 2940 11
1142 2905 1149 2948 ς
1160 2887 1184 2939 H
1196 2885 1257 2940 Cor.
1269 2886 1292 2946 6,
1302 2885 1324 2937 1.

146 2969 214 3024 teris
227 2972 402 3025 Testamenti
421 2972 636 3042 interpretanda
648 2976 721 3026 sunt.
784 2974 808 3026 2.
829 2972 913 3025 Teste
932 2972 1041 3025 Iustino
1061 2973 1143 3042 Apol.
1162 2973 1182 3034 Ι,
1198 2974 1231 3026 67
1251 2973 1326 3025 dona

185 3059 223 3112 12.
252 3060 300 3125 δός
316 3079 364 3127 μοι
382 3058 452 3127 κτλ]
481 3058 619 3114 Dominus
647 3059 721 3112 enim
748 3059 778 3111 in
797 3058 917 3111 ecclesia
935 3057 1054 3113 collecta
1066 3060 1152 3112 etiam
1171 3061 1206 3112 ad
1226 3060 1323 3112 subve-

146 3144 247 3198 Matth.
261 3145 299 3206 10,
314 3144 330 3197 8
343 3144 427 3198 dixit:
448 3144 542 3199 Gratis
562 3145 719 3215 accepistis,
748 3145 882 3198 niensium
900 3143 1116 3199 advenientibus
1128 3163 1244 3216 peregre
1263 3147 1326 3200 hos·

146 3231 235 3300 gratis
249 3230 322 3284 date.
343 3231 384 3285 of.
400 3232 490 3294 Acts,
503 3233 618 3295 18-2o;
637 3234 719 3289 Mich.
747 3232 855 3301 pitibus
867 3233 1079 3305 (παρεπιδήμοις
1090 3228 1151 3290 oica
1164 3233 1264 3302 ξένοις)
1278 3233 1324 3286 ad·

146 3319 169 3381 3,
191 3318 230 3371 ll.
749 3319 926 3373 hibebantur.
964 3319 1038 3373 cf.1
1065 3320 1148 3374 Clam.
1170 3321 1192 3383 1,
1212 3322 1240 3384 2;
1265 3323 1323 3392 ign

215 3406 274 3462 XII.
293 3407 447 3472 Postquam
467 3414 565 3460 auctor
581 3407 719 3476 exposuit,
748 3406 825 3458 Rom.
845 3406 869 3469 9,
889 3406 913 3459 3.

146 3491 288 3558 quomodo
314 3492 437 3561 apostoli
461 3496 489 3546 ct
513 3495 670 3562 prophetae
690 3493 720 3546 in
782 3491 805 3545 3.
817 3490 1057 3564 ἐργαζέσθιοκτλ]
1069 3493 1323 3557 Gf.IIThess.3,10.

146 3578 293 3632 ecclesiam
311 3580 355 3632 vel
369 3578 405 3631 ad
422 3579 523 3633 fratres
537 3580 719 3635 advenientes
780 3580 805 3631 4.
834 3583 872 3648 μὴ
891 3577 988 3651 ἀργός]
1009 3580 1217 3645 Animadverte,
1237 3597 1325 3648 quan·

146 3664 719 3733 suscipiendisint,docetquarationere·
747 3666 844 3733 topere
873 3665 1010 3720 Doctrina
1038 3667 1127 3721 otium
1157 3667 1326 3721 condemnet

144 3749 215 3817 liqui
230 3751 356 3806 advenae
372 3753 518 3808 christiani
534 3754 718 3823 accipiantur.
747 3755 832 3818 atque
862 3752 987 3807 officium
1012 3752 1118 3807 laboris
1142 3753 1272 3808 inculcet.
1292 3786 1324 3794 —

182 3840 203 3891 1.
232 3839 369 3911 textritio]
397 3839 414 3892 i.
434 3856 457 3897 e.
477 3840 656 3909 hospitaliter
675 3856 718 3892 su·
745 3839 923 3912 Χριστιανός]
947 3840 1025 3893 Haec
1050 3857 1104 3894 vox
1131 3839 1185 3894 hoo
1212 3843 1325 3895 tantum

145 3924 288 3993 scipiatur,
309 3926 477 3992 etquidem,
497 3932 529 3981 ut
549 3944 583 3980 ex
602 3943 717 3993 sequen·
745 3925 899 3979 Doctrinae
917 3925 979 3981 loco
999 3928 1099 3980 exstat

144 4007 219 4062 tibus
238 4013 326 4079 patet,
346 4014 494 4068 confestim
513 4018 542 4068 et
554 4014 718 4082 priusquam
780 4013 803 4065 5.
833 4013 1049 4086 χριστέμπορος]
1080 4013 1141 4067 Vox
1170 4013 1259 4066 etiam
1288 4012 1324 4065 ab

143 4094 288 4163 probatur.
303 4129 335 4137 -
349 4094 442 4157 ἔπειτα
455 4101 525 4170 κτλ.]
546 4100 648 4153 Sensus
661 4115 718 4152 non
745 4098 901 4167 Hippolyto
922 4101 952 4153 ln
971 4099 1047 4153 Ruth
1067 4101 1151 4169 (Opp.
1170 4099 1232 4153 edd.
1252 4101 1323 4154 Bon·

145 4185 189 4235 est
208 4181 315 4236 dubius.
354 4186 503 4249 Quaeritur
522 4188 630 4248 autem,
649 4202 717 4238 num
744 4185 850 4238 wetseh
869 4187 1023 4240 etAchelis
1042 4189 1062 4250 I,
1081 4188 1107 4241 ΙΙ
1127 4186 1194 4241 1897
1213 4206 1240 4257 p.
1254 4188 1322 4256 120).

144 4268 230 4321 verba
248 4270 338 4337 δεξιὰν
355 4276 401 4328 καὶ
426 4272 576 4346 ἀριστεράν
594 4275 717 4325 constru·
745 4271 950 4342 oPs.-Ignstio
973 4272 1058 4326 Trall.
1078 4273 1142 4336 6,2
1171 4278 1200 4329 et
1227 4275 1322 4345 Magn.
