2834 5018
118 262 197 330 vm
559 258 843 316 anonacounnn.

116 445 224 517 turae,
250 463 344 524 quarn
367 439 514 505 Germani
545 443 773 524 Apostoliaclac
794 442 1089 521 Kirctencrdnaap
1112 462 1295 524 nuncupare

114 544 234 623 solent,
263 546 413 610 maiorem
438 550 563 630 partem
589 545 657 609 viae
684 545 768 609 vitae
792 543 843 607 vel
871 543 1002 622 1-4,8
1029 549 1060 608 91
1083 542 1192 622 alab,
1218 567 1294 608 auc·

115 654 166 715 tor
183 649 449 716 Constitutionum
465 649 682 735 apostolorum
696 649 780 714 libro
792 647 854 713 VII
868 652 970 713 totam
985 649 1174 732 scripturam
1187 654 1294 713 trans-

115 755 252 839 scripsit,
276 754 379 820 multa
400 759 525 819 mutans
549 776 585 819 ac
602 755 697 839 plura
714 755 840 819 addens.
881 753 1020 819 Schnudi
1044 754 1142 819 abbas
1166 752 1293 838 (1451)

115 860 286 926 monachos
316 861 460 926 erudiens
482 860 653 925 Doctrinae
683 860 912 943 expositionem
942 860 980 923 de
1003 859 1125 924 duabus
1156 859 1215 923 viis
1238 859 1294 922 ad-

113 965 278 1030 hibebat¹.
317 964 466 1051 Vestigia
494 966 632 1030 eiusdem
661 966 763 1050 partis
785 964 860 1030 libri
881 964 1083 1029 inveniuntur
1104 966 1137 1028 in
1152 964 1294 1047 descrip-

115 1070 200 1135 tione
222 1070 306 1134 vitae
329 1070 519 1134 christianae
542 1091 578 1134 ac
593 1070 794 1147 monasticae,
815 1090 896 1152 quae
911 1068 1119 1154 Syntagmate
1134 1069 1295 1133 doctrinae

116 1172 185 1255 (Pu
208 1174 259 1250 28,
281 1172 358 1255 835)
391 1179 423 1239 91
455 1175 637 1240 Didascalia
665 1173 853 1240 CCCXVIII
885 1179 1012 1259 patrum
1044 1196 1099 1239 seu
1131 1173 1209 1239 Fide
1232 1174 1294 1238 Ni-

115 1300 213 1344 caena
250 1278 320 1361 (Pu
351 1281 402 1358 28,
433 1281 529 1360 1638)
560 1278 768 1354 exhibetur²;
802 1280 836 1343 in
868 1282 1007 1345 tractatu
1038 1280 1076 1344 de
1110 1280 1294 1364 virginitate

116 1407 141 1449 c.
160 1385 210 1461 13,
233 1384 287 1468 qui
310 1405 409 1468 aeque
432 1405 469 1449 ac
491 1385 565 1449 illae
590 1386 670 1449 duae
694 1386 870 1470 scripturae
894 1385 952 1450 sub
974 1385 1099 1449 nomine
1123 1384 1295 1449 Athanasii

116 1488 156 1552 ad
178 1509 236 1552 nos
258 1488 401 1571 pervenit
424 1487 493 1570 (Pu
515 1490 567 1566 28,
588 1488 675 1571 251),
707 1488 866 1573 particula
892 1490 1045 1553 orationis
1067 1489 1294 1553 eucharisticae

115 1592 167 1655 vel
189 1592 360 1657 Doctrinae
383 1594 413 1670 9,
430 1593 515 1657 3-4
539 1596 679 1676 apparet.
715 1591 909 1657 Particulam
932 1593 999 1669 9,4
1023 1593 1149 1658 saeculo
1165 1591 1293 1657 111119-

116 1698 167 1762 dio
192 1698 345 1782 Serapion
368 1697 557 1762 Thmuensis
588 1696 748 1762 nonnullis
779 1698 883 1762 verbis
905 1697 1035 1762 mutatis
1057 1697 1091 1761 in
1114 1718 1294 1762 sacramen-

116 1803 197 1867 tario
219 1802 381 1868 inseruit³.
433 1802 565 1868 Saeculo
581 1801 644 1866 VH
665 1802 795 1866 ineunte
817 1802 999 1866 Dorotheus
1021 1801 1120 1866 abbas
1136 1802 1294 1867 Palaesti-

115 1909 221 1972 nensis
244 1908 353 1973 Doctr.
376 1905 465 1986 XIII,
484 1910 518 1983 13
542 1907 604 1991 Ep.
620 1906 668 1970 III
690 1906 877 1971 Doctrinam
899 1908 929 1982 3,
947 1908 988 1971 10
1011 1905 1130 1990 allegat
1154 1905 1224 1986 (PG
1242 1908 1293 1983 88,

118 2013 211 2077 1761.
238 2011 351 2094 1840),
381 2012 445 2077 nisi
474 2013 556 2077 forte
579 2012 746 2077 Barnabae
769 2010 937 2095 epistulam
962 2013 1049 2089 19,6
1079 2012 1129 2076 vel
1153 2010 1295 2076 Canones

116 2117 345 2182 ecclesiasticos
371 2117 421 2195 11,
440 2119 459 2182 6
482 2117 631 2200 respexit.
677 2115 764 2180 Inter
785 2114 913 2179 hatinos
936 2117 1124 2199 scripturam
1146 2118 1180 2181 in
1202 2139 1296 2180 usum

116 2242 207 2287 suum
235 2226 457 2287 converterunt
488 2221 672 2286 Lactantius
700 2219 806 2285 Divin-
838 2220 937 2283 instit.
962 2219 1025 2299 VI,
1048 2222 1174 2297 3-23;
1205 2221 1294 2305 Epit.

116 2347 141 2390 9.
168 2326 306 2403 59-64,
330 2330 362 2390 91
385 2325 518 2391 Severus
541 2326 669 2411 quidam
691 2324 859 2408 episcopus
883 2323 1129 2407 (Coloniensis‘t)
1152 2326 1187 2390 in
1208 2326 1295 2390 Doc-

115 2432 200 2496 trina
222 2433 260 2496 de
282 2431 446 2514 sapientia,
480 2453 574 2515 quam
604 2429 666 2493 Pet
687 2429 721 2492 in
744 2428 907 2493 Thesauro
937 2430 1162 2494 anecdotorum
1185 2429 1240 2507 IV,
1264 2429 1296 2492 ll

117 2534 238 2616 (1723),
265 2537 281 2599 1
306 2535 411 2600 edidit.
458 2534 570 2599 Plures
599 2534 718 2597 dictum
745 2534 907 2618 sinffrlare
936 2536 974 2599 de
997 2535 1196 2618 eleemosyna
1221 2535 1249 2611 1,
1275 2535 1294 2598 6

115 2641 254 2705 laudant.
312 2640 474 2724 Scriptura
507 2638 604 2702 etiam
634 2638 667 2701 in
696 2636 839 2722 linguam
870 2636 1003 2703 latinam
1034 2638 1191 2703 translata
1222 2639 1294 2703 fuit.

116 2744 280 2810 Particula
294 2744 456 2819 versionis,
476 2742 669 2826 amplectens
680 2763 706 2806 c.
726 2743 819 2818 1—2,
836 2742 866 2818 6,
880 2743 985 2807 codice
997 2765 1077 2808 saec.
1095 2743 1125 2807 X
1146 2745 1293 2821 traditur,

119 2849 173 2934 qui
194 2870 325 2913 numero
348 2848 412 2912 914
436 2846 525 2928 (olim
549 2843 576 2921 Q
597 2845 652 2926 51)
676 2846 820 2930 signatus
841 2846 875 2909 in
898 2846 1036 2911 claustro
1058 2847 1147 2912 Melk
1169 2850 1203 2913 in
1224 2848 1293 2914 Au·

120 2953 200 3018 stria
214 2951 363 3015 inferiore
385 2951 447 3015 sito
464 2953 650 3027 asservatur,
668 2953 700 3013 et
722 2972 741 3013 a
756 2949 919 3014 Bemardo
934 2949 996 3014 Pez
1011 2951 1031 3014 1.
1049 2973 1074 3015 9.
1092 2974 1122 3036 p.
1141 2954 1171 3030 5,
1188 2955 1294 3019 codice

118 3057 220 3121 denuo
231 3056 374 3140 inspecto
392 3075 472 3118 ame
483 3053 517 3117 in
528 3053 699 3117 Doctrinae
710 3053 847 3118 editione
861 3055 945 3118 1887
957 3079 988 3140 p.
1002 3057 1294 3141 102—104pub1i-

119 3165 191 3224 cata
213 3163 269 3224 est.
303 3158 408 3224 Codex
426 3157 625 3222 Monacensis
641 3157 696 3222 lat.
715 3157 800 3222 6264
816 3179 895 3222 saec.
912 3158 967 3234 XI,
988 3158 1065 3224 olim
1080 3159 1295 3244 Frisingensis

119 3266 169 3341 64,
193 3268 316 3348 partem
331 3264 506 3347 scripturae
528 3263 665 3346 priorem
686 3263 737 3328 vel
760 3264 990 3348 expositionem
1013 3265 1148 3329 duarum
1171 3268 1296 3332 viarum

119 3374 221 3434 totam
243 3369 394 3451 (9.1-6,
414 3368 445 3449 1)
468 3368 616 3446 continet,
639 3389 771 3453 eamque
786 3367 811 3432 Ι.
830 3367 978 3433 Schlecht
1000 3390 1027 3432 a.
1047 3369 1132 3435 1960
1159 3371 1258 3434 edidit
1270 3370 1292 3434 ⁴.

189 3522 201 3574 l
221 3520 315 3584 1991111,
335 3521 408 3574 Eine
420 3521 509 3576 119199
525 3522 694 3576 9919199119
708 3520 822 3576 Veraion
839 3521 886 3575 des
903 3526 992 3575 ersten
1006 3521 1091 3575 Tritos
1111 3523 1159 3577 der
1170 3524 1294 3590 111199191-

119 3609 188 3663 lehrc
208 3607 283 3672 1895,
301 3607 332 3661 in
353 3607 432 3662 Tecta
448 3608 508 3662 aad
530 3606 767 3677 damnatam
785 3623 836 3661 sacr
850 3606 1003 3661 Geache'chte
1020 3607 1068 3661 der
1086 3609 1296 3664 91191911191911

118 3693 272 3749 1111999199
295 3693 357 3747 edd.
378 3692 409 3748 0.
435 3693 469 3747 de
487 3691 635 3748 Gebhardt
658 3696 687 3747 et
704 3693 737 3745 A.
756 3692 889 3745 Hamaclr
907 3691 979 3755 xm,
1001 3691 1042 3745 1¹».
1080 3694 1180 3748 Verrio
1208 3696 1295 3749 Vitae

120 3780 232 3835 abbatis
251 3780 375 3834 Schuudi
394 3780 511 3849 syriaca,
532 3795 618 3847 quam
636 3779 664 3832 F.
684 3776 747 3831 Nau
768 3777 835 3833 1900
851 3776 966 3830 Parisiis
988 3777 1083 3842 edidit,
1103 3779 1173 3833 nihil
1192 3781 1227 3835 de
1240 3781 1295 3836 hac

118 3884 148 3922 re
168 3867 302 3921 continet

188 3955 205 4008 2
224 3955 266 4010 Cf.
285 3954 409 4017 Batiffol‚
429 3951 530 4008 Studia
546 3951 697 4020 patriotica
715 3951 741 4004 ll
759 3950 858 4020 (1890),
879 3950 1023 4004 117-160.

188 4040 204 4095 3
225 4042 303 4096 Tecta
328 4042 387 4095 und
418 4040 661 4107 Ueteracctunpen.
698 4037 775 4092 Neue
794 4037 878 4105 Folpc
895 4035 935 4098 11.
954 4037 984 4090 11δ
1011 4036 1101 4106 (1899)
1128 4054 1155 4106 p.
1176 4039 1200 4091 5.
1242 4039 1296 4095 tta

119 4129 239 4185 Joumal
255 4129 288 4195 cf
304 4128 471 4197 Ilteolcpical
488 4125 598 4181 81911191
616 4125 629 4177 l
647 4124 745 4195 (1899),
767 4125 822 4179 106.

187 4216 206 4268 4
224 4213 360 4269 Doctrina
377 4213 430 4267 XII
448 4211 642 4281 apostolorum
662 4211 772 4278 19001).
793 4207 886 4264 7-10.
