2834 5018
513 612 693 669 EPISTULA
712 614 758 677 XI,
779 614 853 669 1-8.
1228 622 1269 687 73

94 794 130 856 de
152 814 239 876 equs
261 796 295 856 et
318 792 355 856 de
378 813 478 855 cruce.
525 792 574 855 De
597 814 680 875 equs
703 792 830 872 quidem
852 792 1005 876 seriptum
1028 798 1077 857 est
1104 797 1144 859 sd
1167 795 1269 860 Israe-

93 898 182 976 litas,
215 899 375 981 quomodo
399 898 602 982 baptismum,
627 897 682 981 qui
704 897 798 961 effert
820 902 1020 978 peccatorum
1042 900 1268 978 remissionem,

94 1023 156 1067 non
178 1003 245 1066 sint
267 1001 436 1086 recepturi,
460 1002 515 1064 sed
530 1002 630 1065 alium
652 1001 713 1065 sibi
728 1001 881 1084 paraturi.
928 1004 958 1064 2.
983 1002 1070 1066 Dicit
1093 1025 1170 1088 ergo
1193 1026 1269 1088 pro·

95 1107 207 1190 pheta:
237 1111 423 1188 Obstupeas
439 1110 578 1187 caetum,
602 1116 634 1170 et
648 1127 749 1188 saper
770 1109 831 1169 boc
846 1113 953 1186 inopis
975 1110 1147 1172 inhorrent
1167 1117 1270 1190 terra,

95 1218 171 1292 prtia
191 1215 258 1276 duo
282 1223 315 1277 et
329 1215 421 1277 acala
440 1216 527 1290 fecit
540 1215 593 1276 bic
607 1215 774 1293 papatus:
797 1231 849 1274 rue
863 1213 1120 1292 dereliquerunt,
1140 1216 1297 1290 fonteius

96 1323 200 1395 citae,
233 1327 267 1382 et
292 1320 456 1395 foderuut
486 1320 552 1380 sibi
579 1319 714 1395 foveam
743 1323 871 1380 mortis.
917 1317 947 1381 3.
980 1318 1148 1398 barrio-reid
1171 1327 1271 1399 petra

96 1426 224 1487 sterilis
248 1432 300 1486 est
321 1442 416 1486 raons
439 1431 575 1486 sauctus
598 1441 690 1486 ruens
715 1423 823 1485 Sitris?
851 1424 958 1485 Eritis
981 1429 1067 1486 eairu
1091 1425 1178 1486 neiat
1200 1428 1272 1486 anis

93 1531 179 1608 palli
202 1532 377 1592 avolantes
399 1530 477 1591 nido
501 1531 623 1591 ablato.
670 1529 700 1589 4.
724 1527 768 1590 Et
790 1548 897 1589 rursus
921 1526 967 1590 sit
995 1526 1167 1609 propheta:
1202 1530 1271 1608 Epo

97 1635 147 1696 ibo
172 1642 253 1696 ante
277 1643 310 1696 te
333 1641 365 1696 et
387 1641 516 1695 oroutes
532 1633 747 1712 complanabo
772 1640 805 1695 et
823 1640 942 1712 portas
957 1652 1081 1696 aerceas
1104 1642 1272 1697 conteram

98 1747 129 1801 et
150 1747 260 1801 nectes
280 1739 418 1815 ferreos
441 1740 663 1816 ιοιιιιιιιραιιι,
687 1744 720 1800 et
734 1738 819 1800 dabo
843 1739 904 1799 tibi
926 1738 1102 1800 thesauros
1117 1741 1273 1817 occultos,
1287 1756 1311 1793 ¹⁰

99 1844 321 1921 absconditor,
343 1845 540 1919 tractabiles,
562 1850 599 1904 at
621 1847 740 1920 sciant,
763 1846 840 1920 ostia
864 1860 922 1919 epo
946 1843 1100 1904 desiduus
1122 1844 1213 1905 dass.
1243 1844 1271 1905 5.

97 1947 153 2010 Et:
179 1949 357 2011 Habitabis
379 1953 414 2010 ιιι
438 1949 573 2010 excelsa
588 1949 746 2026 spetunca
763 1952 885 2025 petrae
903 1948 1117 2022 fortissimae
1140 1956 1172 2010 et
1187 1966 1273 2026 apia

99 2055 191 2116 illias
219 2043 352 2131 tidelis;
382 2072 493 2131 repens
523 2071 595 2115 caru
623 2054 735 2130 pieria
765 2053 934 2130 ridebitis,
966 2059 999 2114 et
1027 2057 1139 2114 ararica
1163 2059 1274 2114 cestra

99 2157 315 2220 meditabitur
338 2161 490 2219 timorem
521 2157 656 2218 ιιοιιιιιιι.
703 2155 731 2217 6.
756 2154 799 2217 Et
825 2155 941 2218 iterum
970 2155 1003 2217 in
1026 2154 1089 2218 alio
1115 2154 1274 2237 prophete

100 2260 189 2324 dicit:
226 2261 269 2323 Et
292 2265 368 2339 erit,
391 2267 447 2339 orci
469 2263 550 2324 baec
570 2262 710 2340 fecerit,
733 2270 889 2340 tartonam
914 2264 1049 2341 lipsiam,
1073 2262 1160 2341 qaod
1176 2263 1313 2341 ptari-1⁶

101 2375 204 2430 tatum
229 2373 280 2429 est
302 2385 399 2429 secus
422 2367 582 2429 ctecursas
597 2385 771 2445 aaronem,
794 2368 881 2446 qaod
898 2369 1048 2443 sructura
1071 2385 1166 2429 aerim
1182 2367 1276 2429 clabit

101 2477 132 2533 ia
156 2480 307 2552 tempore
328 2490 401 2549 aco,
424 2479 457 2534 et
476 2473 600 2547 sottum
624 2477 695 2535 etas
718 2492 784 2535 noa
807 2475 944 2554 (defluet,
978 2479 1011 2535 et
1032 2478 1154 2551 ooroia,
1177 2490 1274 2551 qrcae·

100 2595 236 2656 acrisque
256 2577 379 2654 faciet,
406 2578 703 2656 prosperabantur.
751 2577 779 2639 7.
803 2579 878 2639 Νοιι
901 2582 950 2640 sic
978 2581 1091 2657 impii,
1118 2596 1183 2639 nou
1206 2580 1275 2650 sic;

100 2683 159 2745 sed
189 2690 348 2760 tanquam
374 2682 494 2760 palea,
529 2700 625 2760 arcam
656 2688 771 2743 ceritas
802 2682 953 2761 dispellit
984 2701 1004 2743 a
1032 2683 1126 2757 facie
1153 2689 1273 2743 terrae.

101 2789 177 2850 Ideo
201 2805 268 2849 noa
283 2786 420 2848 stabant
442 2791 537 2866 impii
552 2792 586 2848 ιιι
609 2788 731 2849 iudicio
747 2805 851 2865 ireque
869 2794 1063 2865 peccatores
1086 2787 1274 2849 incensitis
1289 2796 1314 2835 2⁰

100 2895 275 2969 iustorum,
298 2896 453 2969 oaorriaos
475 2896 565 2953 nouit
587 2892 740 2953 doctrinas
762 2896 848 2953 ciam
871 2896 1050 2969 tartara-ra,
1074 2898 1107 2953 et
1128 2895 1194 2953 iter
1215 2895 1275 2952 iru-

96 3002 230 3075 pioraar
249 2997 384 3076 peribit.
431 2996 459 3058 8.
484 2994 750 3071 Animadvertite‚
784 2996 940 3078 quomodo
964 3015 1078 3076 uquam
1099 2997 1130 3056 et
1153 3014 1277 3056 crucem

101 3100 194 3164 simul
216 3099 425 3182 descripserit.
472 3097 556 3162 Hlud
578 3099 661 3161 enim
684 3099 776 3163 dicit:
800 3099 895 3175 besti,
921 3099 983 3181 qui,
1008 3119 1080 3162 cum
1096 3100 1276 3178 sperassent

101 3204 132 3270 in
154 3226 294 3282 crucem,
326 3204 554 3268 descenderunt
582 3202 614 3267 in
642 3226 772 3287 aquam,
806 3203 882 3286 quia
910 3202 1086 3266 mercedem
1117 3200 1275 3285 significet

101 3310 204 3375 verbis
234 3316 269 3373 iu
294 3319 441 3391 ternpore
472 3328 552 3387 sao‚·
581 3313 672 3384 tune,
705 3308 825 3390 inquit,
856 3309 1037 3372 retribuam.
1085 3305 1179 3369 Nunc
1202 3326 1275 3369 vero
1289 3320 1315 3358 ²⁶

103 3415 187 3497 quod
211 3414 273 3479 sit:
295 3416 385 3492 folia
409 3434 475 3476 aaa
490 3415 645 3496 desisterit,
667 3413 728 3476 hoc
744 3412 914 3496 significat,
939 3413 1024 3494 quod
1045 3410 1147 3475 omnis
1163 3431 1276 3486 sermo,

169 3619 256 3673 41er.
276 3621 301 3681 Q,
323 3621 362 3673 12.
384 3622 423 3675 13.
442 3653 478 3660 -
497 3622 511 3675 7
532 3622 582 3675 les.
607 3623 646 3680 16,
667 3621 690 3674 1.
709 3621 733 3674 2.
753 3651 786 3660 -
805 3621 822 3674 9
840 3620 891 3673 Ier.
912 3621 953 3683 45,
974 3620 998 3671 2.
1018 3622 1041 3674 3.
1062 3649 1095 3658 -
1115 3620 1147 3672 13
1165 3619 1215 3672 Iss.
1236 3617 1276 3680 33,

103 3706 212 3762 16-18.
232 3737 267 3745 -
288 3708 319 3762 16
338 3708 382 3760 ΡΒ.
405 3711 426 3771 1,
446 3710 523 3763 3-6.
541 3740 576 3748 -
594 3709 672 3773 stret
692 3709 735 3761 Ps.
756 3712 778 3771 1,
798 3707 821 3761 3.

102 3878 246 3932 Barnabas
271 3880 305 3932 cle
323 3879 464 3949 baptismo
488 3880 622 3947 loquitur.
642 3911 676 3920 -
704 3881 812 3935 sontem
839 3880 954 3933 habens.
991 3878 1089 3935 Gratis
1114 3877 1174 3931 eius
1196 3876 1276 3931 vobis

103 3960 202 4023 ἔσεσθε
230 3968 301 4036 κτι,.]
328 3967 346 4020 i.
367 3983 389 4020 e.
414 3984 459 4022 me
484 3969 676 4035 relinquentes
705 3969 911 4037 inperpetuum
921 3966 1032 4028 uclfluit;
1051 3964 1203 4032 aliquando
1211 3981 1276 4019 vero

104 4054 182 4107 eritis
203 4053 335 4108 destituti
354 4055 428 4108 sicut
447 4054 519 4123 pulli
540 4055 607 4108 nido
631 4057 677 4109 ub-
705 4057 839 4111 videbitis
868 4074 930 4110 cum
957 4055 987 4108 in
1014 4054 1163 4107 maiestate
1190 4054 1219 4106 et
1237 4067 1277 4105 re·

103 4138 168 4195 loto.
706 4144 853 4213 plebimini
871 4141 1029 4198 reverentia
1047 4139 1174 4211 (Hefele).

137 4230 161 4281 4.
190 4228 309 4282 Sensus:
337 4227 411 4281 Deus
430 4243 481 4297 per
508 4229 677 4298 prophetam
740 4231 765 4284 6.
795 4230 879 4284 Hisce
909 4228 1001 4283 verbis
1031 4226 1176 4281 Barnabas
1206 4225 1280 4279 bonu

105 4315 247 4383 promittit
258 4315 406 4369 thesauros
419 4314 450 4369 in
467 4318 551 4385 petra
563 4315 678 4369 abscon·
705 4316 787 4386 lsrgs
804 4315 925 4377 indicat,
946 4330 1019 4380 quse
1038 4331 1072 4367 ex
1092 4311 1232 4382 baptismo
1250 4314 1279 4365 et

106 4400 177 4455 ditos
195 4402 213 4455 i.
234 4419 257 4456 e.
276 4402 456 4472 baptismum.
706 4419 787 4456 cruce
806 4402 888 4455 nobis
907 4400 1028 4454 affluunt
1045 4398 1174 4469 (Hefele).

139 4491 163 4542 5.
182 4490 300 4544 Sensus:
320 4491 448 4545 Christus
469 4493 512 4544 est
524 4506 600 4556 equa
617 4505 679 4559 per·
741 4490 765 4545 8.
785 4497 869 4546 τοῦτο
887 4509 912 4560 y·
932 4487 1015 4560 λέγει]
1043 4486 1060 4539 i.
1080 4503 1103 4540 e.
1122 4486 1176 4541 hoc
1193 4485 1279 4557 signi·

108 4575 184 4629 ermis
201 4578 336 4648 (πιστόν),
363 4578 394 4632 in
413 4578 558 4632 cacumine
576 4576 680 4631 montis
707 4576 774 4628 ficet
785 4575 911 4645 psalmus
923 4573 1110 4643 spiritualiter
1120 4580 1278 4644 perceptus.
