<?xml version="1.0" encoding="UTF-8"?>
<!DOCTYPE html PUBLIC "-//W3C//DTD XHTML 1.0 Transitional//EN"
    "http://www.w3.org/TR/xhtml1/DTD/xhtml1-transitional.dtd">
<html xmlns="http://www.w3.org/1999/xhtml" xml:lang="en" lang="en">
 <head>
  <title>
</title>
<meta http-equiv="Content-Type" content="text/html;charset=utf-8" />
  <meta name='ocr-system' content='tesseract 3.04.00' />
  <meta name='ocr-capabilities' content='ocr_page ocr_carea ocr_par ocr_line ocrx_word'/>
</head>
<body>
  <div class='ocr_page' id='page_1' title='image "./patresapostolic00piongoog_0594.png"; bbox 0 0 2834 5018; ppageno 0'>
   <div class='ocr_carea' id='block_1_1' title="bbox 417 666 1248 743">
    <p class='ocr_par' dir='ltr' id='par_1_1' title="bbox 417 666 1248 743">
     <span class='ocr_line' id='line_1_1' title="bbox 417 666 1248 743; baseline 0.002 -21"><span class='ocrx_word' id='word_1_1' title='bbox 417 681 420 685; x_wconf 92' lang='lat'>·</span> <span class='ocrx_word' id='word_1_2' title='bbox 536 666 601 722; x_wconf 83' lang='lat' dir='ltr'><strong>vrs.</strong></span> <span class='ocrx_word' id='word_1_3' title='bbox 621 668 654 733; x_wconf 91' lang='lat'><strong>11,</strong></span> <span class='ocrx_word' id='word_1_4' title='bbox 673 668 698 732; x_wconf 86' lang='lat'><strong>4,</strong></span> <span class='ocrx_word' id='word_1_5' title='bbox 718 670 793 726; x_wconf 84' lang='lat' dir='ltr'><strong>1-s.</strong></span> <span class='ocrx_word' id='word_1_6' title='bbox 1186 679 1248 743; x_wconf 83' lang='lat'><strong>431</strong></span> 
     </span>
    </p>
   </div>
   <div class='ocr_carea' id='block_1_2' title="bbox 73 845 1288 2284">
    <p class='ocr_par' dir='ltr' id='par_1_2' title="bbox 73 845 1288 2284">
     <span class='ocr_line' id='line_1_2' title="bbox 76 845 1249 935; baseline 0.009 -28"><span class='ocrx_word' id='word_1_7' title='bbox 76 845 308 927; x_wconf 85' lang='lat' dir='ltr'><strong>speciosissimo</strong></span> <span class='ocrx_word' id='word_1_8' title='bbox 341 845 465 910; x_wconf 78' lang='lat' dir='ltr'><strong>dicente</strong></span> <span class='ocrx_word' id='word_1_9' title='bbox 487 847 587 910; x_wconf 88' lang='lat' dir='ltr'><strong>mihi:</strong></span> <span class='ocrx_word' id='word_1_10' title='bbox 621 847 743 925; x_wconf 89' lang='lat' dir='ltr'><strong>Anum,</strong></span> <span class='ocrx_word' id='word_1_11' title='bbox 778 871 797 912; x_wconf 89' lang='lat' dir='ltr'><strong>a</strong></span> <span class='ocrx_word' id='word_1_12' title='bbox 827 871 889 933; x_wconf 89' lang='lat' dir='ltr'><strong>qua</strong></span> <span class='ocrx_word' id='word_1_13' title='bbox 920 851 1070 935; x_wconf 88' lang='lat' dir='ltr'><strong>accepisti</strong></span> <span class='ocrx_word' id='word_1_14' title='bbox 1096 852 1249 932; x_wconf 89' lang='lat' dir='ltr'><strong>libellum,</strong></span> 
     </span>
     <span class='ocr_line' id='line_1_3' title="bbox 77 950 1248 1037; baseline 0.01 -26"><span class='ocrx_word' id='word_1_15' title='bbox 77 971 173 1031; x_wconf 86' lang='lat' dir='ltr'><strong>quam</strong></span> <span class='ocrx_word' id='word_1_16' title='bbox 195 953 289 1032; x_wconf 90' lang='lat' dir='ltr'><strong>putas</strong></span> <span class='ocrx_word' id='word_1_17' title='bbox 312 953 406 1014; x_wconf 80' lang='lat' dir='ltr'><strong>esse?</strong></span> <span class='ocrx_word' id='word_1_18' title='bbox 428 951 499 1035; x_wconf 86' lang='lat' dir='ltr'><strong>Ego</strong></span> <span class='ocrx_word' id='word_1_19' title='bbox 517 951 602 1014; x_wconf 89' lang='lat' dir='ltr'><strong>dico:</strong></span> <span class='ocrx_word' id='word_1_20' title='bbox 627 950 792 1035; x_wconf 83' lang='lat' dir='ltr'><strong>Sibyllam.</strong></span> <span class='ocrx_word' id='word_1_21' title='bbox 837 954 944 1032; x_wconf 82' lang='lat' dir='ltr'><strong>Erras,</strong></span> <span class='ocrx_word' id='word_1_22' title='bbox 968 955 1079 1037; x_wconf 90' lang='lat' dir='ltr'><strong>inquit,</strong></span> <span class='ocrx_word' id='word_1_23' title='bbox 1104 979 1168 1022; x_wconf 89' lang='lat' dir='ltr'><strong>nou</strong></span> <span class='ocrx_word' id='word_1_24' title='bbox 1191 963 1248 1023; x_wconf 88' lang='lat' dir='ltr'><strong>est.</strong></span> 
     </span>
     <span class='ocr_line' id='line_1_4' title="bbox 77 1051 1250 1139; baseline 0.009 -23"><span class='ocrx_word' id='word_1_25' title='bbox 77 1051 165 1128; x_wconf 86' lang='lat' dir='ltr'><strong>Quae</strong></span> <span class='ocrx_word' id='word_1_26' title='bbox 189 1058 237 1117; x_wconf 88' lang='lat' dir='ltr'><strong>est</strong></span> <span class='ocrx_word' id='word_1_27' title='bbox 252 1058 350 1138; x_wconf 84' lang='lat' dir='ltr'><strong>ergo?</strong></span> <span class='ocrx_word' id='word_1_28' title='bbox 371 1055 510 1139; x_wconf 89' lang='lat' dir='ltr'><strong>inquam.</strong></span> <span class='ocrx_word' id='word_1_29' title='bbox 557 1055 756 1139; x_wconf 78' lang='lat' dir='ltr'><strong>Respondet:</strong></span> <span class='ocrx_word' id='word_1_30' title='bbox 779 1057 933 1122; x_wconf 81' lang='lat' dir='ltr'><strong>Ecclesia.</strong></span> <span class='ocrx_word' id='word_1_31' title='bbox 980 1059 1056 1123; x_wconf 83' lang='lat' dir='ltr'><strong>Dixi</strong></span> <span class='ocrx_word' id='word_1_32' title='bbox 1076 1061 1120 1124; x_wconf 92' lang='lat' dir='ltr'><strong>ei:</strong></span> <span class='ocrx_word' id='word_1_33' title='bbox 1145 1061 1250 1138; x_wconf 85' lang='lat' dir='ltr'><strong>Quare</strong></span> 
     </span>
     <span class='ocr_line' id='line_1_5' title="bbox 75 1158 1248 1244; baseline 0.008 -23"><span class='ocrx_word' id='word_1_34' title='bbox 75 1158 176 1243; x_wconf 89' lang='lat' dir='ltr'><strong>igitur</strong></span> <span class='ocrx_word' id='word_1_35' title='bbox 198 1181 276 1222; x_wconf 86' lang='lat' dir='ltr'><strong>anus</strong></span> <span class='ocrx_word' id='word_1_36' title='bbox 299 1163 371 1223; x_wconf 82' lang='lat' dir='ltr'><strong>est?</strong></span> <span class='ocrx_word' id='word_1_37' title='bbox 405 1158 577 1238; x_wconf 78' lang='lat' dir='ltr'><strong>Quoniam,</strong></span> <span class='ocrx_word' id='word_1_38' title='bbox 601 1161 719 1242; x_wconf 88' lang='lat' dir='ltr'><strong>inquit,</strong></span> <span class='ocrx_word' id='word_1_39' title='bbox 743 1162 884 1225; x_wconf 90' lang='lat' dir='ltr'><strong>omnium</strong></span> <span class='ocrx_word' id='word_1_40' title='bbox 906 1163 1010 1244; x_wconf 89' lang='lat' dir='ltr'><strong>prima</strong></span> <span class='ocrx_word' id='word_1_41' title='bbox 1032 1165 1160 1229; x_wconf 89' lang='lat' dir='ltr'><strong>condita</strong></span> <span class='ocrx_word' id='word_1_42' title='bbox 1182 1172 1248 1242; x_wconf 86' lang='lat' dir='ltr'><strong>est;</strong></span> 
     </span>
     <span class='ocr_line' id='line_1_6' title="bbox 74 1262 1276 1349; baseline 0.006 -24"><span class='ocrx_word' id='word_1_43' title='bbox 74 1267 208 1346; x_wconf 89' lang='lat' dir='ltr'><strong>propter</strong></span> <span class='ocrx_word' id='word_1_44' title='bbox 229 1262 290 1327; x_wconf 91' lang='lat' dir='ltr'><strong>hoc</strong></span> <span class='ocrx_word' id='word_1_45' title='bbox 322 1287 401 1328; x_wconf 88' lang='lat' dir='ltr'><strong>anus</strong></span> <span class='ocrx_word' id='word_1_46' title='bbox 428 1269 491 1342; x_wconf 89' lang='lat' dir='ltr'><strong>est,</strong></span> <span class='ocrx_word' id='word_1_47' title='bbox 523 1270 554 1328; x_wconf 90' lang='lat' dir='ltr'><strong>et</strong></span> <span class='ocrx_word' id='word_1_48' title='bbox 581 1270 712 1348; x_wconf 88' lang='lat' dir='ltr'><strong>propter</strong></span> <span class='ocrx_word' id='word_1_49' title='bbox 744 1266 846 1349; x_wconf 82' lang='lat' dir='ltr'><strong>ipsam</strong></span> <span class='ocrx_word' id='word_1_50' title='bbox 875 1266 1010 1331; x_wconf 91' lang='lat' dir='ltr'><strong>mundus</strong></span> <span class='ocrx_word' id='word_1_51' title='bbox 1041 1273 1163 1333; x_wconf 91' lang='lat' dir='ltr'><strong>creatus</strong></span> <span class='ocrx_word' id='word_1_52' title='bbox 1190 1274 1276 1335; x_wconf 85' lang='lat' dir='ltr'><strong>ests</strong></span> 
     </span>
     <span class='ocr_line' id='line_1_7' title="bbox 77 1367 1251 1438; baseline 0.005 -7"><span class='ocrx_word' id='word_1_53' title='bbox 77 1369 106 1430; x_wconf 86' lang='lat'><strong>2.</strong></span> <span class='ocrx_word' id='word_1_54' title='bbox 130 1367 245 1432; x_wconf 86' lang='lat' dir='ltr'><strong>Postea</strong></span> <span class='ocrx_word' id='word_1_55' title='bbox 276 1372 381 1433; x_wconf 89' lang='lat' dir='ltr'><strong>autem</strong></span> <span class='ocrx_word' id='word_1_56' title='bbox 410 1370 561 1433; x_wconf 86' lang='lat' dir='ltr'><strong>visionem</strong></span> <span class='ocrx_word' id='word_1_57' title='bbox 592 1370 655 1433; x_wconf 93' lang='lat' dir='ltr'><strong>vidi</strong></span> <span class='ocrx_word' id='word_1_58' title='bbox 682 1370 715 1433; x_wconf 92' lang='lat' dir='ltr'><strong>in</strong></span> <span class='ocrx_word' id='word_1_59' title='bbox 747 1371 839 1435; x_wconf 91' lang='lat' dir='ltr'><strong>domo</strong></span> <span class='ocrx_word' id='word_1_60' title='bbox 867 1393 946 1435; x_wconf 89' lang='lat' dir='ltr'><strong>mea.</strong></span> <span class='ocrx_word' id='word_1_61' title='bbox 993 1370 1091 1435; x_wconf 90' lang='lat' dir='ltr'><strong>Venit</strong></span> <span class='ocrx_word' id='word_1_62' title='bbox 1117 1395 1195 1436; x_wconf 88' lang='lat' dir='ltr'><strong>anus</strong></span> <span class='ocrx_word' id='word_1_63' title='bbox 1218 1379 1251 1438; x_wconf 92' lang='lat' dir='ltr'><strong>et</strong></span> 
     </span>
     <span class='ocr_line' id='line_1_8' title="bbox 75 1472 1250 1563; baseline 0.008 -29"><span class='ocrx_word' id='word_1_64' title='bbox 75 1472 284 1556; x_wconf 88' lang='lat' dir='ltr'><strong>interrogavit</strong></span> <span class='ocrx_word' id='word_1_65' title='bbox 304 1494 371 1547; x_wconf 91' lang='lat' dir='ltr'><strong>me,</strong></span> <span class='ocrx_word' id='word_1_66' title='bbox 400 1496 440 1537; x_wconf 89' lang='lat' dir='ltr'><strong>au</strong></span> <span class='ocrx_word' id='word_1_67' title='bbox 463 1475 580 1539; x_wconf 90' lang='lat' dir='ltr'><strong>librum</strong></span> <span class='ocrx_word' id='word_1_68' title='bbox 611 1474 676 1538; x_wconf 88' lang='lat' dir='ltr'><strong>iam</strong></span> <span class='ocrx_word' id='word_1_69' title='bbox 699 1476 853 1540; x_wconf 81' lang='lat' dir='ltr'><strong>dedissem</strong></span> <span class='ocrx_word' id='word_1_70' title='bbox 876 1476 1079 1559; x_wconf 90' lang='lat' dir='ltr'><strong>presbyteris.</strong></span> <span class='ocrx_word' id='word_1_71' title='bbox 1124 1477 1250 1563; x_wconf 82' lang='lat' dir='ltr'><strong>Negavi</strong></span> 
     </span>
     <span class='ocr_line' id='line_1_9' title="bbox 75 1577 1249 1665; baseline 0.006 -26"><span class='ocrx_word' id='word_1_72' title='bbox 75 1598 126 1639; x_wconf 91' lang='lat' dir='ltr'><strong>me</strong></span> <span class='ocrx_word' id='word_1_73' title='bbox 150 1577 279 1640; x_wconf 89' lang='lat' dir='ltr'><strong>dedisse.</strong></span> <span class='ocrx_word' id='word_1_74' title='bbox 325 1578 421 1653; x_wconf 90' lang='lat' dir='ltr'><strong>Bene,</strong></span> <span class='ocrx_word' id='word_1_75' title='bbox 445 1579 558 1663; x_wconf 92' lang='lat' dir='ltr'><strong>inquit,</strong></span> <span class='ocrx_word' id='word_1_76' title='bbox 578 1578 700 1655; x_wconf 87' lang='lat' dir='ltr'><strong>fecisti;</strong></span> <span class='ocrx_word' id='word_1_77' title='bbox 725 1579 828 1645; x_wconf 90' lang='lat' dir='ltr'><strong>habeo</strong></span> <span class='ocrx_word' id='word_1_78' title='bbox 852 1579 936 1643; x_wconf 88' lang='lat' dir='ltr'><strong>enim</strong></span> <span class='ocrx_word' id='word_1_79' title='bbox 951 1580 1047 1644; x_wconf 90' lang='lat' dir='ltr'><strong>verba</strong></span> <span class='ocrx_word' id='word_1_80' title='bbox 1069 1581 1177 1665; x_wconf 89' lang='lat' dir='ltr'><strong>aliqua</strong></span> <span class='ocrx_word' id='word_1_81' title='bbox 1192 1583 1249 1646; x_wconf 86' lang='lat' dir='ltr'><strong>ad·</strong></span> 
     </span>
     <span class='ocr_line' id='line_1_10' title="bbox 76 1680 1250 1768; baseline 0.007 -25"><span class='ocrx_word' id='word_1_82' title='bbox 76 1682 156 1744; x_wconf 90' lang='lat' dir='ltr'><strong>dere.</strong></span> <span class='ocrx_word' id='word_1_83' title='bbox 204 1680 283 1746; x_wconf 93' lang='lat' dir='ltr'><strong>Cum</strong></span> <span class='ocrx_word' id='word_1_84' title='bbox 307 1704 383 1766; x_wconf 83' lang='lat' dir='ltr'><strong>ergo</strong></span> <span class='ocrx_word' id='word_1_85' title='bbox 406 1684 517 1747; x_wconf 89' lang='lat' dir='ltr'><strong>finiero</strong></span> <span class='ocrx_word' id='word_1_86' title='bbox 540 1684 646 1747; x_wconf 89' lang='lat' dir='ltr'><strong>omnia</strong></span> <span class='ocrx_word' id='word_1_87' title='bbox 667 1685 779 1761; x_wconf 89' lang='lat' dir='ltr'><strong>verba,</strong></span> <span class='ocrx_word' id='word_1_88' title='bbox 811 1706 868 1768; x_wconf 89' lang='lat' dir='ltr'><strong>per</strong></span> <span class='ocrx_word' id='word_1_89' title='bbox 890 1689 922 1748; x_wconf 87' lang='lat' dir='ltr'><strong>te</strong></span> <span class='ocrx_word' id='word_1_90' title='bbox 944 1690 1020 1748; x_wconf 90' lang='lat' dir='ltr'><strong>nota</strong></span> <span class='ocrx_word' id='word_1_91' title='bbox 1042 1686 1119 1749; x_wconf 89' lang='lat' dir='ltr'><strong>fient</strong></span> <span class='ocrx_word' id='word_1_92' title='bbox 1141 1685 1250 1751; x_wconf 91' lang='lat' dir='ltr'><strong>clectis</strong></span> 
     </span>
     <span class='ocr_line' id='line_1_11' title="bbox 75 1787 1288 1872; baseline 0.005 -23"><span class='ocrx_word' id='word_1_93' title='bbox 75 1787 230 1851; x_wconf 93' lang='lat' dir='ltr'><strong>omnibus.</strong></span> <span class='ocrx_word' id='word_1_94' title='bbox 276 1789 306 1852; x_wconf 91' lang='lat'><strong>3.</strong></span> <span class='ocrx_word' id='word_1_95' title='bbox 333 1788 459 1853; x_wconf 77' lang='lat' dir='ltr'><strong>Scribas</strong></span> <span class='ocrx_word' id='word_1_96' title='bbox 481 1789 581 1872; x_wconf 86' lang='lat' dir='ltr'><strong>igitur</strong></span> <span class='ocrx_word' id='word_1_97' title='bbox 604 1791 682 1853; x_wconf 92' lang='lat' dir='ltr'><strong>duos</strong></span> <span class='ocrx_word' id='word_1_98' title='bbox 705 1789 832 1853; x_wconf 89' lang='lat' dir='ltr'><strong>libellos</strong></span> <span class='ocrx_word' id='word_1_99' title='bbox 856 1794 888 1852; x_wconf 92' lang='lat' dir='ltr'><strong>et</strong></span> <span class='ocrx_word' id='word_1_100' title='bbox 908 1789 1016 1853; x_wconf 91' lang='lat' dir='ltr'><strong>mittes</strong></span> <span class='ocrx_word' id='word_1_101' title='bbox 1049 1812 1147 1853; x_wconf 91' lang='lat' dir='ltr'><strong>unum</strong></span> <span class='ocrx_word' id='word_1_102' title='bbox 1177 1789 1288 1855; x_wconf 81' lang='lat' dir='ltr'><strong>Cle-10</strong></span> 
     </span>
     <span class='ocr_line' id='line_1_12' title="bbox 73 1891 1248 1977; baseline 0.007 -25"><span class='ocrx_word' id='word_1_103' title='bbox 73 1892 172 1954; x_wconf 91' lang='lat' dir='ltr'><strong>menti</strong></span> <span class='ocrx_word' id='word_1_104' title='bbox 195 1895 227 1954; x_wconf 89' lang='lat' dir='ltr'><strong>et</strong></span> <span class='ocrx_word' id='word_1_105' title='bbox 249 1915 347 1955; x_wconf 92' lang='lat' dir='ltr'><strong>unum</strong></span> <span class='ocrx_word' id='word_1_106' title='bbox 370 1891 517 1976; x_wconf 80' lang='lat' dir='ltr'><strong>Graptae.</strong></span> <span class='ocrx_word' id='word_1_107' title='bbox 564 1893 674 1958; x_wconf 89' lang='lat' dir='ltr'><strong>Mittet</strong></span> <span class='ocrx_word' id='word_1_108' title='bbox 696 1915 773 1977; x_wconf 89' lang='lat' dir='ltr'><strong>ergo</strong></span> <span class='ocrx_word' id='word_1_109' title='bbox 797 1893 941 1958; x_wconf 80' lang='lat' dir='ltr'><strong>Clemens</strong></span> <span class='ocrx_word' id='word_1_110' title='bbox 964 1894 997 1957; x_wconf 93' lang='lat' dir='ltr'><strong>in</strong></span> <span class='ocrx_word' id='word_1_111' title='bbox 1024 1898 1147 1959; x_wconf 86' lang='lat' dir='ltr'><strong>exteras</strong></span> <span class='ocrx_word' id='word_1_112' title='bbox 1171 1897 1248 1960; x_wconf 90' lang='lat' dir='ltr'><strong>civi-</strong></span> 
     </span>
     <span class='ocr_line' id='line_1_13' title="bbox 73 1993 1249 2080; baseline 0.008 -25"><span class='ocrx_word' id='word_1_113' title='bbox 73 1996 172 2067; x_wconf 88' lang='lat' dir='ltr'><strong>tates;</strong></span> <span class='ocrx_word' id='word_1_114' title='bbox 206 1993 255 2057; x_wconf 91' lang='lat' dir='ltr'><strong>illi</strong></span> <span class='ocrx_word' id='word_1_115' title='bbox 278 1995 361 2058; x_wconf 89' lang='lat' dir='ltr'><strong>enim</strong></span> <span class='ocrx_word' id='word_1_116' title='bbox 390 1996 575 2079; x_wconf 89' lang='lat' dir='ltr'><strong>mandatum</strong></span> <span class='ocrx_word' id='word_1_117' title='bbox 598 2001 661 2071; x_wconf 74' lang='lat' dir='ltr'><strong>est,</strong></span> <span class='ocrx_word' id='word_1_118' title='bbox 697 1997 816 2080; x_wconf 84' lang='lat' dir='ltr'><strong>Grapte</strong></span> <span class='ocrx_word' id='word_1_119' title='bbox 839 2003 946 2062; x_wconf 90' lang='lat' dir='ltr'><strong>autem</strong></span> <span class='ocrx_word' id='word_1_120' title='bbox 975 1999 1116 2062; x_wconf 86' lang='lat' dir='ltr'><strong>monebit</strong></span> <span class='ocrx_word' id='word_1_121' title='bbox 1138 2000 1249 2064; x_wconf 91' lang='lat' dir='ltr'><strong>viduas</strong></span> 
     </span>
     <span class='ocr_line' id='line_1_14' title="bbox 73 2098 1247 2186; baseline 0.007 -27"><span class='ocrx_word' id='word_1_122' title='bbox 73 2101 105 2159; x_wconf 86' lang='lat' dir='ltr'><strong>et</strong></span> <span class='ocrx_word' id='word_1_123' title='bbox 127 2098 297 2180; x_wconf 90' lang='lat' dir='ltr'><strong>orphanos.</strong></span> <span class='ocrx_word' id='word_1_124' title='bbox 344 2100 393 2163; x_wconf 84' lang='lat' dir='ltr'><strong>Tu</strong></span> <span class='ocrx_word' id='word_1_125' title='bbox 416 2106 522 2164; x_wconf 89' lang='lat' dir='ltr'><strong>autem</strong></span> <span class='ocrx_word' id='word_1_126' title='bbox 545 2101 633 2186; x_wconf 89' lang='lat' dir='ltr'><strong>leges</strong></span> <span class='ocrx_word' id='word_1_127' title='bbox 655 2103 689 2166; x_wconf 91' lang='lat' dir='ltr'><strong>in</strong></span> <span class='ocrx_word' id='word_1_128' title='bbox 711 2102 773 2166; x_wconf 88' lang='lat' dir='ltr'><strong>ista</strong></span> <span class='ocrx_word' id='word_1_129' title='bbox 796 2102 925 2166; x_wconf 89' lang='lat' dir='ltr'><strong>civitate</strong></span> <span class='ocrx_word' id='word_1_130' title='bbox 948 2124 1019 2166; x_wconf 93' lang='lat' dir='ltr'><strong>cum</strong></span> <span class='ocrx_word' id='word_1_131' title='bbox 1042 2104 1247 2186; x_wconf 88' lang='lat' dir='ltr'><strong>presbyteris,</strong></span> 
     </span>
     <span class='ocr_line' id='line_1_15' title="bbox 74 2201 483 2284; baseline 0.017 -22"><span class='ocrx_word' id='word_1_132' title='bbox 74 2201 128 2283; x_wconf 92' lang='lat' dir='ltr'><strong>qui</strong></span> <span class='ocrx_word' id='word_1_133' title='bbox 150 2208 302 2284; x_wconf 73' lang='lat' dir='ltr'><strong>praesunt</strong></span> <span class='ocrx_word' id='word_1_134' title='bbox 323 2204 483 2269; x_wconf 88' lang='lat' dir='ltr'><strong>ecclesiae.</strong></span> 
     </span>
    </p>
   </div>
   <div class='ocr_carea' id='block_1_3' title="bbox 64 2370 1250 4526">
    <p class='ocr_par' dir='ltr' id='par_1_3' title="bbox 71 2370 1249 2704">
     <span class='ocr_line' id='line_1_16' title="bbox 72 2370 1248 2443; baseline 0.002 -18"><span class='ocrx_word' id='word_1_135' title='bbox 72 2370 216 2425; x_wconf 82' lang='lat' dir='ltr'><strong>Christum</strong></span> <span class='ocrx_word' id='word_1_136' title='bbox 243 2371 333 2425; x_wconf 86' lang='lat' dir='ltr'><strong>Deum</strong></span> <span class='ocrx_word' id='word_1_137' title='bbox 365 2372 500 2425; x_wconf 91' lang='lat' dir='ltr'><strong>mundum</strong></span> <span class='ocrx_word' id='word_1_138' title='bbox 530 2372 647 2435; x_wconf 72' lang='lat' dir='ltr'><strong>fecisse,</strong></span> <span class='ocrx_word' id='word_1_139' title='bbox 674 2371 815 2426; x_wconf 87' lang='lat' dir='ltr'><strong>rarissime</strong></span> <span class='ocrx_word' id='word_1_140' title='bbox 824 2373 971 2442; x_wconf 88' lang='lat' dir='ltr'><strong>reperitur,</strong></span> <span class='ocrx_word' id='word_1_141' title='bbox 988 2388 1010 2426; x_wconf 89' lang='lat' dir='ltr'><strong>c.</strong></span> <span class='ocrx_word' id='word_1_142' title='bbox 1022 2391 1049 2442; x_wconf 86' lang='lat' dir='ltr'><strong>g.</strong></span> <span class='ocrx_word' id='word_1_143' title='bbox 1060 2374 1168 2443; x_wconf 86' lang='lat' dir='ltr'><strong>Ioseph</strong></span> <span class='ocrx_word' id='word_1_144' title='bbox 1179 2374 1248 2427; x_wconf 92' lang='lat' dir='ltr'><strong>Bell.</strong></span> 
     </span>
     <span class='ocr_line' id='line_1_17' title="bbox 72 2457 1249 2533; baseline 0.002 -21"><span class='ocrx_word' id='word_1_145' title='bbox 72 2459 149 2528; x_wconf 85' lang='lat' dir='ltr'><strong>Orig.</strong></span> <span class='ocrx_word' id='word_1_146' title='bbox 169 2459 199 2514; x_wconf 89' lang='lat' dir='ltr'><strong>C.</strong></span> <span class='ocrx_word' id='word_1_147' title='bbox 219 2460 330 2514; x_wconf 83' lang='lat' dir='ltr'><strong>Celsum</strong></span> <span class='ocrx_word' id='word_1_148' title='bbox 348 2458 394 2522; x_wconf 83' lang='lat' dir='ltr'><strong>IV,</strong></span> <span class='ocrx_word' id='word_1_149' title='bbox 414 2461 460 2522; x_wconf 80' lang='lat'><strong>74,</strong></span> <span class='ocrx_word' id='word_1_150' title='bbox 485 2460 533 2513; x_wconf 89' lang='lat' dir='ltr'><strong>ubi</strong></span> <span class='ocrx_word' id='word_1_151' title='bbox 550 2458 647 2514; x_wconf 87' lang='lat' dir='ltr'><strong>Celsus</strong></span> <span class='ocrx_word' id='word_1_152' title='bbox 674 2457 729 2513; x_wconf 91' lang='lat' dir='ltr'><strong>iud.</strong></span> <span class='ocrx_word' id='word_1_153' title='bbox 761 2458 793 2523; x_wconf 90' lang='lat' dir='ltr'><strong>V,</strong></span> <span class='ocrx_word' id='word_1_154' title='bbox 812 2461 836 2513; x_wconf 83' lang='lat'><strong>9.</strong></span> <span class='ocrx_word' id='word_1_155' title='bbox 867 2491 901 2499; x_wconf 93' lang='lat'>-</span> <span class='ocrx_word' id='word_1_156' title='bbox 931 2457 1137 2533; x_wconf 76' lang='grc' dir='ltr'><strong><em>ἐπιτέτραπται]</em></strong></span> <span class='ocrx_word' id='word_1_157' title='bbox 1169 2460 1211 2514; x_wconf 84' lang='lat' dir='ltr'><strong>Cf.</strong></span> <span class='ocrx_word' id='word_1_158' title='bbox 1236 2461 1249 2514; x_wconf 97' lang='grc' dir='ltr'>Ι</span> 
     </span>
     <span class='ocr_line' id='line_1_18' title="bbox 71 2546 1249 2615; baseline -0.001 -15"><span class='ocrx_word' id='word_1_159' title='bbox 71 2546 247 2601; x_wconf 79' lang='lat' dir='ltr'><strong>Christianos</strong></span> <span class='ocrx_word' id='word_1_160' title='bbox 267 2550 381 2600; x_wconf 89' lang='lat' dir='ltr'><strong>accusat</strong></span> <span class='ocrx_word' id='word_1_161' title='bbox 399 2547 532 2610; x_wconf 88' lang='lat' dir='ltr'><strong>dicentes,</strong></span> <span class='ocrx_word' id='word_1_162' title='bbox 552 2563 570 2599; x_wconf 92' lang='lat' dir='ltr'><strong>a</strong></span> <span class='ocrx_word' id='word_1_163' title='bbox 587 2547 646 2601; x_wconf 87' lang='lat' dir='ltr'><strong>Deo</strong></span> <span class='ocrx_word' id='word_1_164' title='bbox 675 2547 735 2602; x_wconf 87' lang='lat' dir='ltr'><strong>Cor.</strong></span> <span class='ocrx_word' id='word_1_165' title='bbox 757 2548 796 2609; x_wconf 78' lang='grc'><strong>14,</strong></span> <span class='ocrx_word' id='word_1_166' title='bbox 816 2548 861 2609; x_wconf 81' lang='grc'><strong>34;</strong></span> <span class='ocrx_word' id='word_1_167' title='bbox 880 2547 974 2615; x_wconf 90' lang='lat' dir='ltr'><strong>Polyc.</strong></span> <span class='ocrx_word' id='word_1_168' title='bbox 994 2546 1065 2600; x_wconf 88' lang='lat' dir='ltr'><strong>Phil.</strong></span> <span class='ocrx_word' id='word_1_169' title='bbox 1086 2549 1162 2610; x_wconf 90' lang='grc'>12,1.</span> <span class='ocrx_word' id='word_1_170' title='bbox 1187 2546 1249 2600; x_wconf 87' lang='lat' dir='ltr'><strong>Vox</strong></span> 
     </span>
     <span class='ocr_line' id='line_1_19' title="bbox 71 2633 1248 2704; baseline 0.001 -17"><span class='ocrx_word' id='word_1_171' title='bbox 71 2634 167 2688; x_wconf 88' lang='lat' dir='ltr'><strong>omnia</strong></span> <span class='ocrx_word' id='word_1_172' title='bbox 182 2637 300 2704; x_wconf 88' lang='lat' dir='ltr'><strong>propter</strong></span> <span class='ocrx_word' id='word_1_173' title='bbox 317 2635 460 2690; x_wconf 88' lang='lat' dir='ltr'><strong>hominem</strong></span> <span class='ocrx_word' id='word_1_174' title='bbox 480 2634 558 2687; x_wconf 83' lang='lat' dir='ltr'><strong>lacta</strong></span> <span class='ocrx_word' id='word_1_175' title='bbox 576 2649 645 2688; x_wconf 89' lang='lat' dir='ltr'><strong>esse.</strong></span> <span class='ocrx_word' id='word_1_176' title='bbox 674 2635 703 2688; x_wconf 89' lang='lat' dir='ltr'><strong>et</strong></span> <span class='ocrx_word' id='word_1_177' title='bbox 716 2635 869 2703; x_wconf 74' lang='lat' dir='ltr'><strong>permittere</strong></span> <span class='ocrx_word' id='word_1_178' title='bbox 887 2636 917 2687; x_wconf 88' lang='lat' dir='ltr'><strong>et</strong></span> <span class='ocrx_word' id='word_1_179' title='bbox 937 2635 1068 2689; x_wconf 74' lang='lat' dir='ltr'><strong>mandare</strong></span> <span class='ocrx_word' id='word_1_180' title='bbox 1098 2633 1248 2703; x_wconf 86' lang='lat' dir='ltr'><strong>significat,</strong></span> 
     </span>
    </p>

    <p class='ocr_par' dir='ltr' id='par_1_4' title="bbox 106 2719 1249 2794">
     <span class='ocr_line' id='line_1_20' title="bbox 106 2719 1249 2794; baseline -0.001 -19"><span class='ocrx_word' id='word_1_181' title='bbox 106 2724 130 2775; x_wconf 85' lang='lat'><strong>2.</strong></span> <span class='ocrx_word' id='word_1_182' title='bbox 149 2723 290 2794; x_wconf 58' lang='grc' dir='ltr'>1111σρ111]</span> <span class='ocrx_word' id='word_1_183' title='bbox 310 2723 351 2776; x_wconf 85' lang='lat' dir='ltr'><strong>Cf.</strong></span> <span class='ocrx_word' id='word_1_184' title='bbox 371 2740 395 2775; x_wconf 88' lang='lat' dir='ltr'><strong>v.</strong></span> <span class='ocrx_word' id='word_1_185' title='bbox 406 2724 436 2781; x_wconf 87' lang='lat'><strong>3;</strong></span> <span class='ocrx_word' id='word_1_186' title='bbox 455 2721 513 2776; x_wconf 84' lang='lat' dir='ltr'><strong>Vis.</strong></span> <span class='ocrx_word' id='word_1_187' title='bbox 529 2721 576 2785; x_wconf 88' lang='grc'>111,</span> <span class='ocrx_word' id='word_1_188' title='bbox 588 2724 610 2784; x_wconf 90' lang='grc'><strong>1,</strong></span> <span class='ocrx_word' id='word_1_189' title='bbox 621 2721 645 2775; x_wconf 91' lang='grc'><strong>8.</strong></span> <span class='ocrx_word' id='word_1_190' title='bbox 674 2724 703 2774; x_wconf 88' lang='lat' dir='ltr'><strong>et</strong></span> <span class='ocrx_word' id='word_1_191' title='bbox 722 2738 820 2775; x_wconf 91' lang='lat' dir='ltr'><strong>sensus</strong></span> <span class='ocrx_word' id='word_1_192' title='bbox 839 2719 1156 2775; x_wconf 77' lang='grc'>11111111001111111</span> <span class='ocrx_word' id='word_1_193' title='bbox 1175 2721 1249 2775; x_wconf 91' lang='lat' dir='ltr'><strong>euim</strong></span> 
     </span>
    </p>

    <p class='ocr_par' dir='ltr' id='par_1_5' title="bbox 64 2806 1250 4526">
     <span class='ocr_line' id='line_1_21' title="bbox 106 2806 1250 2878; baseline 0 -16"><span class='ocrx_word' id='word_1_194' title='bbox 106 2809 130 2862; x_wconf 83' lang='lat'><strong>3.</strong></span> <span class='ocrx_word' id='word_1_195' title='bbox 150 2809 226 2878; x_wconf 86' lang='lat' dir='ltr'><strong>Orig.</strong></span> <span class='ocrx_word' id='word_1_196' title='bbox 238 2808 279 2862; x_wconf 90' lang='lat' dir='ltr'><strong>De</strong></span> <span class='ocrx_word' id='word_1_197' title='bbox 299 2809 387 2878; x_wconf 87' lang='lat' dir='ltr'><strong>princ.</strong></span> <span class='ocrx_word' id='word_1_198' title='bbox 408 2808 458 2872; x_wconf 85' lang='lat' dir='ltr'><strong>IV,</strong></span> <span class='ocrx_word' id='word_1_199' title='bbox 477 2810 507 2862; x_wconf 94' lang='grc'><strong>11</strong></span> <span class='ocrx_word' id='word_1_200' title='bbox 533 2807 576 2861; x_wconf 90' lang='lat' dir='ltr'><strong>ed.</strong></span> <span class='ocrx_word' id='word_1_201' title='bbox 596 2808 646 2861; x_wconf 86' lang='lat' dir='ltr'><strong>Be·</strong></span> <span class='ocrx_word' id='word_1_202' title='bbox 675 2823 761 2871; x_wconf 87' lang='lat' dir='ltr'><strong>arne,</strong></span> <span class='ocrx_word' id='word_1_203' title='bbox 781 2806 798 2860; x_wconf 93' lang='lat' dir='ltr'><strong>i.</strong></span> <span class='ocrx_word' id='word_1_204' title='bbox 819 2824 840 2861; x_wconf 91' lang='lat' dir='ltr'><strong>e.</strong></span> <span class='ocrx_word' id='word_1_205' title='bbox 861 2807 896 2860; x_wconf 92' lang='lat' dir='ltr'><strong>ab</strong></span> <span class='ocrx_word' id='word_1_206' title='bbox 916 2807 1057 2871; x_wconf 81' lang='lat' dir='ltr'><strong>Ecclesia,</strong></span> <span class='ocrx_word' id='word_1_207' title='bbox 1085 2809 1250 2863; x_wconf 85' lang='lat' dir='ltr'><strong>mandatum</strong></span> 
     </span>
     <span class='ocr_line' id='line_1_22' title="bbox 70 2894 1247 2968; baseline 0.001 -20"><span class='ocrx_word' id='word_1_208' title='bbox 70 2897 133 2948; x_wconf 90' lang='lat' dir='ltr'><strong>ned.</strong></span> <span class='ocrx_word' id='word_1_209' title='bbox 152 2897 172 2959; x_wconf 90' lang='lat' dir='ltr'><strong>I,</strong></span> <span class='ocrx_word' id='word_1_210' title='bbox 193 2896 250 2950; x_wconf 89' lang='grc'><strong>168.</strong></span> <span class='ocrx_word' id='word_1_211' title='bbox 269 2928 303 2936; x_wconf 93' lang='grc'><strong>-</strong></span> <span class='ocrx_word' id='word_1_212' title='bbox 323 2896 440 2968; x_wconf 80' lang='grc' dir='ltr'><em>γράψεις</em></span> <span class='ocrx_word' id='word_1_213' title='bbox 457 2896 527 2965; x_wconf 71' lang='lat' dir='ltr'><strong>rest]</strong></span> <span class='ocrx_word' id='word_1_214' title='bbox 550 2894 648 2948; x_wconf 87' lang='lat' dir='ltr'><strong>Simile</strong></span> <span class='ocrx_word' id='word_1_215' title='bbox 675 2897 734 2956; x_wconf 87' lang='lat' dir='ltr'><strong>est,</strong></span> <span class='ocrx_word' id='word_1_216' title='bbox 760 2894 804 2947; x_wconf 86' lang='lat' dir='ltr'><strong>vel</strong></span> <span class='ocrx_word' id='word_1_217' title='bbox 832 2894 875 2947; x_wconf 93' lang='lat' dir='ltr'><strong>illi</strong></span> <span class='ocrx_word' id='word_1_218' title='bbox 894 2894 947 2948; x_wconf 90' lang='lat' dir='ltr'><strong>hoc</strong></span> <span class='ocrx_word' id='word_1_219' title='bbox 974 2912 1075 2947; x_wconf 87' lang='lat' dir='ltr'><strong>munus</strong></span> <span class='ocrx_word' id='word_1_220' title='bbox 1102 2895 1247 2950; x_wconf 81' lang='lat' dir='ltr'><strong>incumbit</strong></span> 
     </span>
     <span class='ocr_line' id='line_1_23' title="bbox 69 2979 1248 3055; baseline 0.003 -21"><span class='ocrx_word' id='word_1_221' title='bbox 69 2983 235 3035; x_wconf 86' lang='lat' dir='ltr'><strong>mandatum</strong></span> <span class='ocrx_word' id='word_1_222' title='bbox 254 2983 371 3037; x_wconf 89' lang='lat' dir='ltr'><strong>loannes</strong></span> <span class='ocrx_word' id='word_1_223' title='bbox 397 2981 542 3051; x_wconf 89' lang='lat' dir='ltr'><strong>apostolus</strong></span> <span class='ocrx_word' id='word_1_224' title='bbox 570 2998 647 3035; x_wconf 90' lang='lat' dir='ltr'><strong>accc·</strong></span> <span class='ocrx_word' id='word_1_225' title='bbox 658 3038 661 3053; x_wconf 47' lang='grc' dir='ltr'>Ι</span> <span class='ocrx_word' id='word_1_226' title='bbox 674 2979 772 3047; x_wconf 82' lang='lat' dir='ltr'><strong>Heyne</strong></span> <span class='ocrx_word' id='word_1_227' title='bbox 790 2980 808 3032; x_wconf 95' lang='lat' dir='ltr'><strong>l.</strong></span> <span class='ocrx_word' id='word_1_228' title='bbox 819 2997 840 3034; x_wconf 88' lang='lat' dir='ltr'><strong>c.</strong></span> <span class='ocrx_word' id='word_1_229' title='bbox 859 2998 887 3049; x_wconf 90' lang='lat' dir='ltr'><strong>p.</strong></span> <span class='ocrx_word' id='word_1_230' title='bbox 908 2983 940 3036; x_wconf 90' lang='grc'>18</span> <span class='ocrx_word' id='word_1_231' title='bbox 958 2983 1046 3036; x_wconf 88' lang='lat' dir='ltr'><strong>verba</strong></span> <span class='ocrx_word' id='word_1_232' title='bbox 1063 2980 1101 3038; x_wconf 79' lang='grc' dir='ltr'><strong>ἐκ.</strong></span> <span class='ocrx_word' id='word_1_233' title='bbox 1121 2982 1175 3055; x_wconf 82' lang='grc' dir='ltr'><strong>γὰρ</strong></span> <span class='ocrx_word' id='word_1_234' title='bbox 1193 2981 1248 3039; x_wconf 76' lang='grc' dir='ltr'><em>ἐπι-</em></span> 
     </span>
     <span class='ocr_line' id='line_1_24' title="bbox 68 3058 1249 3140; baseline 0 -18"><span class='ocrx_word' id='word_1_235' title='bbox 68 3070 115 3138; x_wconf 90' lang='lat' dir='ltr'><strong>pit</strong></span> <span class='ocrx_word' id='word_1_236' title='bbox 133 3069 162 3122; x_wconf 91' lang='lat' dir='ltr'><strong>in</strong></span> <span class='ocrx_word' id='word_1_237' title='bbox 173 3071 345 3140; x_wconf 86' lang='lat' dir='ltr'><strong>Apocalypsi</strong></span> <span class='ocrx_word' id='word_1_238' title='bbox 358 3072 431 3131; x_wconf 87' lang='lat'><strong>1‚11.</strong></span> <span class='ocrx_word' id='word_1_239' title='bbox 444 3071 477 3123; x_wconf 89' lang='grc'><strong>19</strong></span> <span class='ocrx_word' id='word_1_240' title='bbox 487 3073 515 3123; x_wconf 89' lang='lat' dir='ltr'><strong>et</strong></span> <span class='ocrx_word' id='word_1_241' title='bbox 525 3058 839 3139; x_wconf 58' lang='lat' dir='ltr'><strong>Pseudo-tremata,</strong></span> <span class='ocrx_word' id='word_1_242' title='bbox 868 3068 973 3137; x_wconf 89' lang='lat' dir='ltr'><strong>quippe</strong></span> <span class='ocrx_word' id='word_1_243' title='bbox 992 3084 1066 3135; x_wconf 89' lang='lat' dir='ltr'><strong>quae</strong></span> <span class='ocrx_word' id='word_1_244' title='bbox 1093 3067 1123 3120; x_wconf 91' lang='lat' dir='ltr'><strong>in</strong></span> <span class='ocrx_word' id='word_1_245' title='bbox 1141 3068 1249 3122; x_wconf 87' lang='lat' dir='ltr'><strong>duabus</strong></span> 
     </span>
     <span class='ocr_line' id='line_1_25' title="bbox 69 3153 1249 3225; baseline 0.003 -18"><span class='ocrx_word' id='word_1_246' title='bbox 69 3155 175 3210; x_wconf 87' lang='lat' dir='ltr'><strong>Esdras</strong></span> <span class='ocrx_word' id='word_1_247' title='bbox 194 3157 232 3211; x_wconf 90' lang='lat' dir='ltr'><strong>IV</strong></span> <span class='ocrx_word' id='word_1_248' title='bbox 249 3158 309 3212; x_wconf 83' lang='lat' dir='ltr'><strong>Esr.</strong></span> <span class='ocrx_word' id='word_1_249' title='bbox 332 3160 372 3220; x_wconf 87' lang='grc'><strong>12,</strong></span> <span class='ocrx_word' id='word_1_250' title='bbox 392 3158 432 3211; x_wconf 78' lang='grc'><strong>31.</strong></span> <span class='ocrx_word' id='word_1_251' title='bbox 452 3157 493 3210; x_wconf 87' lang='grc'><strong>38.</strong></span> <span class='ocrx_word' id='word_1_252' title='bbox 514 3188 548 3195; x_wconf 92' lang='grc'>-</span> <span class='ocrx_word' id='word_1_253' title='bbox 575 3159 647 3225; x_wconf 78' lang='grc' dir='ltr'><strong>Κλὴ-</strong></span> <span class='ocrx_word' id='word_1_254' title='bbox 673 3153 848 3207; x_wconf 84' lang='lat' dir='ltr'><strong>versionibus</strong></span> <span class='ocrx_word' id='word_1_255' title='bbox 867 3154 961 3208; x_wconf 88' lang='lat' dir='ltr'><strong>desint</strong></span> <span class='ocrx_word' id='word_1_256' title='bbox 973 3172 1064 3222; x_wconf 89' lang='lat' dir='ltr'><strong>neque</strong></span> <span class='ocrx_word' id='word_1_257' title='bbox 1077 3154 1112 3207; x_wconf 90' lang='lat' dir='ltr'><strong>ab</strong></span> <span class='ocrx_word' id='word_1_258' title='bbox 1127 3154 1249 3224; x_wconf 81' lang='lat' dir='ltr'><strong>Origene</strong></span> 
     </span>
     <span class='ocr_line' id='line_1_26' title="bbox 68 3242 1249 3313; baseline -0.003 -14"><span class='ocrx_word' id='word_1_259' title='bbox 68 3244 159 3313; x_wconf 80' lang='grc' dir='ltr'><strong><em>μεντι]</em></strong></span> <span class='ocrx_word' id='word_1_260' title='bbox 179 3245 196 3296; x_wconf 95' lang='grc'><strong>1.</strong></span> <span class='ocrx_word' id='word_1_261' title='bbox 217 3246 312 3299; x_wconf 79' lang='lat' dir='ltr'><strong>asine</strong></span> <span class='ocrx_word' id='word_1_262' title='bbox 331 3246 417 3299; x_wconf 90' lang='lat' dir='ltr'><strong>dubio</strong></span> <span class='ocrx_word' id='word_1_263' title='bbox 431 3243 569 3299; x_wconf 85' lang='lat' dir='ltr'><strong>Clementi</strong></span> <span class='ocrx_word' id='word_1_264' title='bbox 583 3258 645 3295; x_wconf 88' lang='lat' dir='ltr'><strong>auc·</strong></span> <span class='ocrx_word' id='word_1_265' title='bbox 674 3244 870 3309; x_wconf 82' lang='lat' dir='ltr'><strong>agnoscantur,</strong></span> <span class='ocrx_word' id='word_1_266' title='bbox 890 3242 1014 3309; x_wconf 81' lang='lat' dir='ltr'><strong>glossam</strong></span> <span class='ocrx_word' id='word_1_267' title='bbox 1026 3246 1110 3311; x_wconf 86' lang='lat' dir='ltr'><strong>putat</strong></span> <span class='ocrx_word' id='word_1_268' title='bbox 1127 3243 1249 3311; x_wconf 89' lang='lat' dir='ltr'><strong>primum</strong></span> 
     </span>
     <span class='ocr_line' id='line_1_27' title="bbox 69 3326 1249 3401; baseline -0.001 -18"><span class='ocrx_word' id='word_1_269' title='bbox 69 3331 127 3383; x_wconf 88' lang='lat' dir='ltr'><strong>tori</strong></span> <span class='ocrx_word' id='word_1_270' title='bbox 154 3332 291 3401; x_wconf 84' lang='lat' dir='ltr'><strong>epistulae</strong></span> <span class='ocrx_word' id='word_1_271' title='bbox 320 3333 356 3386; x_wconf 83' lang='lat' dir='ltr'><strong>ad</strong></span> <span class='ocrx_word' id='word_1_272' title='bbox 375 3331 535 3387; x_wconf 88' lang='lat' dir='ltr'><strong>Corinthios</strong></span> <span class='ocrx_word' id='word_1_273' title='bbox 555 3334 596 3392; x_wconf 88' lang='lat' dir='ltr'><strong>et,</strong></span> <span class='ocrx_word' id='word_1_274' title='bbox 615 3332 647 3382; x_wconf 91' lang='lat' dir='ltr'><strong>ut</strong></span> <span class='ocrx_word' id='word_1_275' title='bbox 674 3342 692 3378; x_wconf 79' lang='lat' dir='ltr'><strong>a</strong></span> <span class='ocrx_word' id='word_1_276' title='bbox 709 3326 838 3390; x_wconf 80' lang='lat' dir='ltr'><strong>librario,</strong></span> <span class='ocrx_word' id='word_1_277' title='bbox 858 3328 906 3394; x_wconf 88' lang='lat' dir='ltr'><strong>qui</strong></span> <span class='ocrx_word' id='word_1_278' title='bbox 924 3326 1091 3381; x_wconf 83' lang='lat' dir='ltr'><strong>mandatum</strong></span> <span class='ocrx_word' id='word_1_279' title='bbox 1110 3327 1249 3382; x_wconf 88' lang='lat' dir='ltr'><strong>Clementi</strong></span> 
     </span>
     <span class='ocr_line' id='line_1_28' title="bbox 70 3413 1247 3488; baseline -0.002 -17"><span class='ocrx_word' id='word_1_280' title='bbox 70 3434 105 3471; x_wconf 85' lang='lat' dir='ltr'><strong>ex</strong></span> <span class='ocrx_word' id='word_1_281' title='bbox 133 3418 266 3473; x_wconf 89' lang='lat' dir='ltr'><strong>hocloco</strong></span> <span class='ocrx_word' id='word_1_282' title='bbox 294 3420 399 3481; x_wconf 89' lang='lat' dir='ltr'><strong>elucet,</strong></span> <span class='ocrx_word' id='word_1_283' title='bbox 421 3419 565 3488; x_wconf 86' lang='lat' dir='ltr'><strong>episcopo.</strong></span> <span class='ocrx_word' id='word_1_284' title='bbox 603 3415 645 3470; x_wconf 84' lang='lat' dir='ltr'><strong>cf.</strong></span> <span class='ocrx_word' id='word_1_285' title='bbox 675 3413 773 3467; x_wconf 87' lang='lat' dir='ltr'><strong>datum</strong></span> <span class='ocrx_word' id='word_1_286' title='bbox 796 3415 963 3484; x_wconf 87' lang='lat' dir='ltr'><strong>argumento</strong></span> <span class='ocrx_word' id='word_1_287' title='bbox 982 3413 1092 3467; x_wconf 87' lang='lat' dir='ltr'><strong>firmare</strong></span> <span class='ocrx_word' id='word_1_288' title='bbox 1116 3416 1247 3479; x_wconf 89' lang='lat' dir='ltr'><strong>voluerit,</strong></span> 
     </span>
     <span class='ocr_line' id='line_1_29' title="bbox 68 3500 1248 3573; baseline -0.001 -16"><span class='ocrx_word' id='word_1_289' title='bbox 68 3504 181 3573; x_wconf 87' lang='lat' dir='ltr'><strong>Lipsius</strong></span> <span class='ocrx_word' id='word_1_290' title='bbox 199 3506 230 3558; x_wconf 93' lang='lat' dir='ltr'><strong>in</strong></span> <span class='ocrx_word' id='word_1_291' title='bbox 248 3506 430 3560; x_wconf 77' lang='lat' dir='ltr'><strong>Bibcllcciccn</strong></span> <span class='ocrx_word' id='word_1_292' title='bbox 449 3505 491 3557; x_wconf 91' lang='lat' dir='ltr'><strong>ed.</strong></span> <span class='ocrx_word' id='word_1_293' title='bbox 507 3502 646 3558; x_wconf 85' lang='lat' dir='ltr'><strong>Schenkel</strong></span> <span class='ocrx_word' id='word_1_294' title='bbox 673 3501 795 3570; x_wconf 88' lang='lat' dir='ltr'><strong>margini</strong></span> <span class='ocrx_word' id='word_1_295' title='bbox 814 3501 1000 3570; x_wconf 86' lang='lat' dir='ltr'><strong>adscriptam,</strong></span> <span class='ocrx_word' id='word_1_296' title='bbox 1027 3500 1127 3553; x_wconf 89' lang='lat' dir='ltr'><strong>deinde</strong></span> <span class='ocrx_word' id='word_1_297' title='bbox 1152 3506 1248 3556; x_wconf 88' lang='lat' dir='ltr'><strong>autom</strong></span> 
     </span>
     <span class='ocr_line' id='line_1_30' title="bbox 68 3586 1249 3660; baseline -0.001 -17"><span class='ocrx_word' id='word_1_298' title='bbox 68 3591 118 3653; x_wconf 92' lang='lat' dir='ltr'><strong>IIl,</strong></span> <span class='ocrx_word' id='word_1_299' title='bbox 137 3592 178 3645; x_wconf 87' lang='grc'><strong>23.</strong></span> <span class='ocrx_word' id='word_1_300' title='bbox 216 3592 296 3647; x_wconf 85' lang='lat' dir='ltr'><strong>Clare</strong></span> <span class='ocrx_word' id='word_1_301' title='bbox 316 3593 390 3645; x_wconf 89' lang='lat' dir='ltr'><strong>euim</strong></span> <span class='ocrx_word' id='word_1_302' title='bbox 415 3609 479 3645; x_wconf 90' lang='lat' dir='ltr'><strong>cum</strong></span> <span class='ocrx_word' id='word_1_303' title='bbox 498 3608 515 3644; x_wconf 86' lang='lat' dir='ltr'><strong>a</strong></span> <span class='ocrx_word' id='word_1_304' title='bbox 531 3592 645 3660; x_wconf 88' lang='lat' dir='ltr'><strong>presby·</strong></span> <span class='ocrx_word' id='word_1_305' title='bbox 674 3586 793 3642; x_wconf 83' lang='lat' dir='ltr'><strong>aliorum</strong></span> <span class='ocrx_word' id='word_1_306' title='bbox 811 3604 903 3642; x_wconf 87' lang='lat' dir='ltr'><strong>errore</strong></span> <span class='ocrx_word' id='word_1_307' title='bbox 921 3586 950 3641; x_wconf 91' lang='lat' dir='ltr'><strong>in</strong></span> <span class='ocrx_word' id='word_1_308' title='bbox 969 3587 1062 3658; x_wconf 90' lang='lat' dir='ltr'><strong>ipsum</strong></span> <span class='ocrx_word' id='word_1_309' title='bbox 1080 3589 1189 3641; x_wconf 87' lang='lat' dir='ltr'><strong>textum</strong></span> <span class='ocrx_word' id='word_1_310' title='bbox 1207 3606 1249 3643; x_wconf 88' lang='lat' dir='ltr'><strong>re·</strong></span> 
     </span>
     <span class='ocr_line' id='line_1_31' title="bbox 67 3673 1249 3747; baseline -0.001 -17"><span class='ocrx_word' id='word_1_311' title='bbox 67 3678 139 3730; x_wconf 89' lang='lat' dir='ltr'><strong>teris</strong></span> <span class='ocrx_word' id='word_1_312' title='bbox 157 3678 325 3732; x_wconf 87' lang='lat' dir='ltr'><strong>discernitur</strong></span> <span class='ocrx_word' id='word_1_313' title='bbox 343 3681 402 3731; x_wconf 93' lang='lat' dir='ltr'><strong>tum</strong></span> <span class='ocrx_word' id='word_1_314' title='bbox 420 3694 534 3731; x_wconf 90' lang='lat' dir='ltr'><strong>munere</strong></span> <span class='ocrx_word' id='word_1_315' title='bbox 552 3677 645 3747; x_wconf 86' lang='lat' dir='ltr'><strong>fungi·</strong></span> <span class='ocrx_word' id='word_1_316' title='bbox 674 3679 794 3744; x_wconf 88' lang='lat' dir='ltr'><strong>ceptam.</strong></span> <span class='ocrx_word' id='word_1_317' title='bbox 814 3674 870 3728; x_wconf 88' lang='lat' dir='ltr'><strong>Sed</strong></span> <span class='ocrx_word' id='word_1_318' title='bbox 882 3692 946 3728; x_wconf 90' lang='lat' dir='ltr'><strong>cum</strong></span> <span class='ocrx_word' id='word_1_319' title='bbox 957 3677 1044 3728; x_wconf 88' lang='lat' dir='ltr'><strong>testes</strong></span> <span class='ocrx_word' id='word_1_320' title='bbox 1057 3673 1249 3741; x_wconf 85' lang='lat' dir='ltr'><strong>antiquissimi</strong></span> 
     </span>
     <span class='ocr_line' id='line_1_32' title="bbox 67 3760 1249 3834; baseline -0.001 -17"><span class='ocrx_word' id='word_1_321' title='bbox 67 3768 124 3823; x_wconf 86' lang='lat' dir='ltr'><strong>tur.</strong></span> <span class='ocrx_word' id='word_1_322' title='bbox 144 3766 220 3831; x_wconf 89' lang='lat' dir='ltr'><strong>quod</strong></span> <span class='ocrx_word' id='word_1_323' title='bbox 239 3767 374 3819; x_wconf 87' lang='lat' dir='ltr'><strong>ecclcsiae</strong></span> <span class='ocrx_word' id='word_1_324' title='bbox 393 3764 566 3834; x_wconf 89' lang='lat' dir='ltr'><strong>praepositis</strong></span> <span class='ocrx_word' id='word_1_325' title='bbox 584 3767 645 3818; x_wconf 91' lang='lat' dir='ltr'><strong>tan·</strong></span> <span class='ocrx_word' id='word_1_326' title='bbox 673 3763 759 3815; x_wconf 83' lang='lat' dir='ltr'><strong>verba</strong></span> <span class='ocrx_word' id='word_1_327' title='bbox 771 3761 929 3821; x_wconf 84' lang='lat' dir='ltr'><strong>exhibeant,</strong></span> <span class='ocrx_word' id='word_1_328' title='bbox 950 3760 1030 3828; x_wconf 89' lang='lat' dir='ltr'><strong>sequi</strong></span> <span class='ocrx_word' id='word_1_329' title='bbox 1046 3760 1164 3825; x_wconf 86' lang='lat' dir='ltr'><strong>videtur,</strong></span> <span class='ocrx_word' id='word_1_330' title='bbox 1184 3778 1249 3816; x_wconf 85' lang='lat' dir='ltr'><strong>eaa</strong></span> 
     </span>
     <span class='ocr_line' id='line_1_33' title="bbox 67 3847 1249 3920; baseline -0.005 -15"><span class='ocrx_word' id='word_1_331' title='bbox 67 3856 132 3905; x_wconf 91' lang='lat' dir='ltr'><strong>tum</strong></span> <span class='ocrx_word' id='word_1_332' title='bbox 151 3852 328 3905; x_wconf 90' lang='lat' dir='ltr'><strong>commissum</strong></span> <span class='ocrx_word' id='word_1_333' title='bbox 348 3855 398 3905; x_wconf 81' lang='lat' dir='ltr'><strong>est.</strong></span> <span class='ocrx_word' id='word_1_334' title='bbox 417 3850 493 3904; x_wconf 90' lang='lat' dir='ltr'><strong>Zahn</strong></span> <span class='ocrx_word' id='word_1_335' title='bbox 507 3851 525 3903; x_wconf 90' lang='lat' dir='ltr'><strong>l.</strong></span> <span class='ocrx_word' id='word_1_336' title='bbox 540 3868 561 3904; x_wconf 90' lang='lat' dir='ltr'><strong>c.</strong></span> <span class='ocrx_word' id='word_1_337' title='bbox 573 3868 601 3919; x_wconf 91' lang='lat' dir='ltr'><strong>p.</strong></span> <span class='ocrx_word' id='word_1_338' title='bbox 611 3852 646 3904; x_wconf 79' lang='lat'><strong>42</strong></span> <span class='ocrx_word' id='word_1_339' title='bbox 672 3848 789 3902; x_wconf 85' lang='lat' dir='ltr'><strong>librario</strong></span> <span class='ocrx_word' id='word_1_340' title='bbox 809 3848 931 3915; x_wconf 89' lang='lat' dir='ltr'><strong>quodam</strong></span> <span class='ocrx_word' id='word_1_341' title='bbox 944 3847 1049 3901; x_wconf 90' lang='lat' dir='ltr'><strong>omissa</strong></span> <span class='ocrx_word' id='word_1_342' title='bbox 1066 3864 1133 3901; x_wconf 89' lang='lat' dir='ltr'><strong>esse.</strong></span> <span class='ocrx_word' id='word_1_343' title='bbox 1151 3879 1187 3887; x_wconf 93' lang='lat'><strong>—</strong></span> <span class='ocrx_word' id='word_1_344' title='bbox 1202 3853 1249 3920; x_wconf 73' lang='grc' dir='ltr'><strong>χή-</strong></span> 
     </span>
     <span class='ocr_line' id='line_1_34' title="bbox 68 3934 1247 4009; baseline -0.001 -18"><span class='ocrx_word' id='word_1_345' title='bbox 68 3955 111 4004; x_wconf 88' lang='lat' dir='ltr'><strong>sq.</strong></span> <span class='ocrx_word' id='word_1_346' title='bbox 132 3937 166 3990; x_wconf 89' lang='grc'><strong>99</strong></span> <span class='ocrx_word' id='word_1_347' title='bbox 184 3956 245 4006; x_wconf 89' lang='lat' dir='ltr'><strong>sqq.</strong></span> <span class='ocrx_word' id='word_1_348' title='bbox 265 3940 312 4009; x_wconf 83' lang='lat' dir='ltr'><strong>(cl.</strong></span> <span class='ocrx_word' id='word_1_349' title='bbox 332 3939 362 3994; x_wconf 88' lang='lat' dir='ltr'><strong>G.</strong></span> <span class='ocrx_word' id='word_1_350' title='bbox 383 3940 414 3994; x_wconf 86' lang='lat' dir='ltr'><strong>G.</strong></span> <span class='ocrx_word' id='word_1_351' title='bbox 433 3940 464 3992; x_wconf 81' lang='grc' dir='ltr'><strong>Α.</strong></span> <span class='ocrx_word' id='word_1_352' title='bbox 486 3938 552 3993; x_wconf 83' lang='grc'>1878</span> <span class='ocrx_word' id='word_1_353' title='bbox 572 3955 599 4006; x_wconf 93' lang='lat' dir='ltr'><strong>p.</strong></span> <span class='ocrx_word' id='word_1_354' title='bbox 611 3938 646 3991; x_wconf 79' lang='lat'><strong>46</strong></span> <span class='ocrx_word' id='word_1_355' title='bbox 672 3957 723 4008; x_wconf 81' lang='grc' dir='ltr'><strong>ρας</strong></span> <span class='ocrx_word' id='word_1_356' title='bbox 739 3936 809 4005; x_wconf 70' lang='lat' dir='ltr'><strong>xit]</strong></span> <span class='ocrx_word' id='word_1_357' title='bbox 829 3936 941 3989; x_wconf 86' lang='lat' dir='ltr'><strong>Didasc.</strong></span> <span class='ocrx_word' id='word_1_358' title='bbox 961 3938 989 3988; x_wconf 87' lang='lat' dir='ltr'><strong>et</strong></span> <span class='ocrx_word' id='word_1_359' title='bbox 1004 3934 1100 3988; x_wconf 86' lang='lat' dir='ltr'><strong>Const.</strong></span> <span class='ocrx_word' id='word_1_360' title='bbox 1114 3935 1247 4003; x_wconf 78' lang='lat' dir='ltr'><strong>ap.111‚7</strong></span> 
     </span>
     <span class='ocr_line' id='line_1_35' title="bbox 68 4020 1247 4094; baseline -0.001 -17"><span class='ocrx_word' id='word_1_361' title='bbox 68 4025 125 4092; x_wconf 86' lang='lat' dir='ltr'><strong>sq.)</strong></span> <span class='ocrx_word' id='word_1_362' title='bbox 139 4040 203 4077; x_wconf 91' lang='lat' dir='ltr'><strong>eum</strong></span> <span class='ocrx_word' id='word_1_363' title='bbox 212 4026 407 4094; x_wconf 87' lang='lat' dir='ltr'><strong>presbyterum</strong></span> <span class='ocrx_word' id='word_1_364' title='bbox 419 4026 553 4078; x_wconf 87' lang='lat' dir='ltr'><strong>declarat.</strong></span> <span class='ocrx_word' id='word_1_365' title='bbox 573 4022 645 4092; x_wconf 81' lang='lat' dir='ltr'><strong>Hey·</strong></span> <span class='ocrx_word' id='word_1_366' title='bbox 672 4022 775 4076; x_wconf 88' lang='lat' dir='ltr'><strong>viduae</strong></span> <span class='ocrx_word' id='word_1_367' title='bbox 802 4022 967 4075; x_wconf 87' lang='lat' dir='ltr'><strong>diaconissis</strong></span> <span class='ocrx_word' id='word_1_368' title='bbox 995 4020 1126 4075; x_wconf 88' lang='lat' dir='ltr'><strong>oboedire</strong></span> <span class='ocrx_word' id='word_1_369' title='bbox 1150 4021 1247 4076; x_wconf 84' lang='lat' dir='ltr'><strong>iuben·</strong></span> 
     </span>
     <span class='ocr_line' id='line_1_36' title="bbox 66 4106 1246 4180; baseline -0.002 -16"><span class='ocrx_word' id='word_1_370' title='bbox 66 4127 106 4164; x_wconf 89' lang='lat' dir='ltr'><strong>nc</strong></span> <span class='ocrx_word' id='word_1_371' title='bbox 125 4111 197 4178; x_wconf 83' lang='lat' dir='ltr'><strong>(Quo</strong></span> <span class='ocrx_word' id='word_1_372' title='bbox 215 4116 342 4180; x_wconf 85' lang='lat' dir='ltr'><strong>tempore</strong></span> <span class='ocrx_word' id='word_1_373' title='bbox 355 4112 389 4165; x_wconf 89' lang='lat' dir='ltr'><strong>H.</strong></span> <span class='ocrx_word' id='word_1_374' title='bbox 403 4112 504 4166; x_wconf 88' lang='lat' dir='ltr'><strong>Pastor</strong></span> <span class='ocrx_word' id='word_1_375' title='bbox 523 4111 645 4180; x_wconf 85' lang='lat' dir='ltr'><strong>scriptus</strong></span> <span class='ocrx_word' id='word_1_376' title='bbox 671 4114 726 4174; x_wconf 91' lang='lat' dir='ltr'><strong>tur,</strong></span> <span class='ocrx_word' id='word_1_377' title='bbox 745 4110 792 4172; x_wconf 93' lang='lat' dir='ltr'><strong>lIl,</strong></span> <span class='ocrx_word' id='word_1_378' title='bbox 812 4109 844 4162; x_wconf 88' lang='grc'><strong>19</strong></span> <span class='ocrx_word' id='word_1_379' title='bbox 863 4108 949 4176; x_wconf 90' lang='lat' dir='ltr'><strong>(sicut</strong></span> <span class='ocrx_word' id='word_1_380' title='bbox 966 4106 1092 4161; x_wconf 88' lang='lat' dir='ltr'><strong>diaconis</strong></span> <span class='ocrx_word' id='word_1_381' title='bbox 1110 4107 1163 4175; x_wconf 88' lang='lat' dir='ltr'><strong>ita)</strong></span> <span class='ocrx_word' id='word_1_382' title='bbox 1189 4108 1246 4162; x_wconf 88' lang='lat' dir='ltr'><strong>dia·</strong></span> 
     </span>
     <span class='ocr_line' id='line_1_37' title="bbox 67 4192 1247 4267; baseline -0.005 -15"><span class='ocrx_word' id='word_1_383' title='bbox 67 4198 115 4252; x_wconf 87' lang='lat' dir='ltr'><strong>sit.</strong></span> <span class='ocrx_word' id='word_1_384' title='bbox 138 4200 204 4253; x_wconf 87' lang='grc'>1872</span> <span class='ocrx_word' id='word_1_385' title='bbox 221 4216 248 4267; x_wconf 90' lang='lat' dir='ltr'><strong>p.</strong></span> <span class='ocrx_word' id='word_1_386' title='bbox 269 4200 382 4263; x_wconf 78' lang='grc'>16-19)</span> <span class='ocrx_word' id='word_1_387' title='bbox 405 4204 434 4253; x_wconf 83' lang='grc'><strong>01</strong></span> <span class='ocrx_word' id='word_1_388' title='bbox 459 4198 591 4253; x_wconf 85' lang='lat' dir='ltr'><strong>Hamack</strong></span> <span class='ocrx_word' id='word_1_389' title='bbox 610 4197 646 4250; x_wconf 88' lang='lat' dir='ltr'><strong>ad</strong></span> <span class='ocrx_word' id='word_1_390' title='bbox 673 4197 790 4251; x_wconf 88' lang='lat' dir='ltr'><strong>conissis</strong></span> <span class='ocrx_word' id='word_1_391' title='bbox 817 4195 914 4248; x_wconf 90' lang='lat' dir='ltr'><strong>munia</strong></span> <span class='ocrx_word' id='word_1_392' title='bbox 944 4192 1111 4257; x_wconf 85' lang='lat' dir='ltr'><strong>nuntiandi,</strong></span> <span class='ocrx_word' id='word_1_393' title='bbox 1141 4193 1247 4263; x_wconf 85' lang='lat' dir='ltr'><strong>disgre-</strong></span> 
     </span>
     <span class='ocr_line' id='line_1_38' title="bbox 66 4280 1245 4355; baseline -0.006 -14"><span class='ocrx_word' id='word_1_394' title='bbox 66 4288 96 4341; x_wconf 91' lang='lat' dir='ltr'><strong>h.</strong></span> <span class='ocrx_word' id='word_1_395' title='bbox 115 4286 133 4339; x_wconf 92' lang='lat' dir='ltr'><strong>l.</strong></span> <span class='ocrx_word' id='word_1_396' title='bbox 153 4287 239 4340; x_wconf 88' lang='lat' dir='ltr'><strong>innisi</strong></span> <span class='ocrx_word' id='word_1_397' title='bbox 258 4285 433 4355; x_wconf 87' lang='lat' dir='ltr'><strong>argumentis</strong></span> <span class='ocrx_word' id='word_1_398' title='bbox 445 4285 562 4340; x_wconf 86' lang='lat' dir='ltr'><strong>infirmis</strong></span> <span class='ocrx_word' id='word_1_399' title='bbox 581 4301 645 4339; x_wconf 89' lang='grc'>001-</span> <span class='ocrx_word' id='word_1_400' title='bbox 673 4283 784 4346; x_wconf 89' lang='lat' dir='ltr'><strong>diendi,</strong></span> <span class='ocrx_word' id='word_1_401' title='bbox 812 4281 1008 4345; x_wconf 88' lang='lat' dir='ltr'><strong>ministrandi,</strong></span> <span class='ocrx_word' id='word_1_402' title='bbox 1034 4280 1191 4344; x_wconf 90' lang='lat' dir='ltr'><strong>serviendi,</strong></span> <span class='ocrx_word' id='word_1_403' title='bbox 1209 4298 1245 4335; x_wconf 84' lang='lat' dir='ltr'><strong>sc</strong></span> 
     </span>
     <span class='ocr_line' id='line_1_39' title="bbox 64 4366 1247 4441; baseline -0.004 -14"><span class='ocrx_word' id='word_1_404' title='bbox 64 4369 228 4437; x_wconf 81' lang='lat' dir='ltr'><strong>tenderunt,</strong></span> <span class='ocrx_word' id='word_1_405' title='bbox 248 4390 311 4427; x_wconf 91' lang='lat' dir='ltr'><strong>cum</strong></span> <span class='ocrx_word' id='word_1_406' title='bbox 330 4373 433 4425; x_wconf 89' lang='lat' dir='ltr'><strong>laicum</strong></span> <span class='ocrx_word' id='word_1_407' title='bbox 448 4371 645 4441; x_wconf 89' lang='lat' dir='ltr'><strong>quendamvel</strong></span> <span class='ocrx_word' id='word_1_408' title='bbox 672 4369 843 4431; x_wconf 87' lang='lat' dir='ltr'><strong>mulieribus,</strong></span> <span class='ocrx_word' id='word_1_409' title='bbox 863 4368 1069 4422; x_wconf 88' lang='lat' dir='ltr'><strong>adscribuntur.</strong></span> <span class='ocrx_word' id='word_1_410' title='bbox 1095 4366 1205 4421; x_wconf 87' lang='lat' dir='ltr'><strong>Viduae</strong></span> <span class='ocrx_word' id='word_1_411' title='bbox 1217 4370 1247 4422; x_wconf 87' lang='lat' dir='ltr'><strong>ct</strong></span> 
     </span>
     <span class='ocr_line' id='line_1_40' title="bbox 65 4454 1246 4526; baseline -0.006 -11"><span class='ocrx_word' id='word_1_412' title='bbox 65 4460 220 4515; x_wconf 88' lang='lat' dir='ltr'><strong>diaconum</strong></span> <span class='ocrx_word' id='word_1_413' title='bbox 239 4465 268 4515; x_wconf 93' lang='lat' dir='ltr'><strong>et</strong></span> <span class='ocrx_word' id='word_1_414' title='bbox 280 4464 397 4513; x_wconf 86' lang='lat' dir='ltr'><strong>Hermae</strong></span> <span class='ocrx_word' id='word_1_415' title='bbox 417 4460 537 4513; x_wconf 89' lang='lat' dir='ltr'><strong>amicum</strong></span> <span class='ocrx_word' id='word_1_416' title='bbox 549 4458 644 4512; x_wconf 85' lang='lat' dir='ltr'><strong>fuisse.</strong></span> <span class='ocrx_word' id='word_1_417' title='bbox 673 4456 792 4526; x_wconf 88' lang='lat' dir='ltr'><strong>orphani</strong></span> <span class='ocrx_word' id='word_1_418' title='bbox 805 4472 868 4509; x_wconf 91' lang='lat' dir='ltr'><strong>suos</strong></span> <span class='ocrx_word' id='word_1_419' title='bbox 887 4460 983 4510; x_wconf 89' lang='lat' dir='ltr'><strong>coetus</strong></span> <span class='ocrx_word' id='word_1_420' title='bbox 1001 4454 1134 4508; x_wconf 89' lang='lat' dir='ltr'><strong>habuisse</strong></span> <span class='ocrx_word' id='word_1_421' title='bbox 1151 4454 1246 4508; x_wconf 89' lang='lat' dir='ltr'><strong>videu-</strong></span> 
     </span>
    </p>
   </div>
   <div class='ocr_carea' id='block_1_4' title="bbox 64 4539 1247 4702">
    <p class='ocr_par' dir='ltr' id='par_1_6' title="bbox 64 4539 1247 4702">
     <span class='ocr_line' id='line_1_41' title="bbox 64 4539 1247 4621; baseline -0.01 -16"><span class='ocrx_word' id='word_1_422' title='bbox 64 4579 103 4588; x_wconf 88' lang='lat'><em>-</em></span> <span class='ocrx_word' id='word_1_423' title='bbox 121 4548 248 4621; x_wconf 77' lang='grc' dir='ltr'><strong><em>Γραπτῇ]</em></strong></span> <span class='ocrx_word' id='word_1_424' title='bbox 268 4547 374 4616; x_wconf 80' lang='lat' dir='ltr'><strong>Grapte</strong></span> <span class='ocrx_word' id='word_1_425' title='bbox 388 4546 548 4600; x_wconf 88' lang='lat' dir='ltr'><strong>diaconissa</strong></span> <span class='ocrx_word' id='word_1_426' title='bbox 557 4545 645 4599; x_wconf 82' lang='lat' dir='ltr'><strong>fuisse</strong></span> <span class='ocrx_word' id='word_1_427' title='bbox 672 4545 718 4597; x_wconf 91' lang='lat' dir='ltr'><strong>tur</strong></span> <span class='ocrx_word' id='word_1_428' title='bbox 746 4541 973 4611; x_wconf 86' lang='lat' dir='ltr'><strong>praesidentibus</strong></span> <span class='ocrx_word' id='word_1_429' title='bbox 1007 4539 1182 4596; x_wconf 88' lang='lat' dir='ltr'><strong>diaconissis.</strong></span> <span class='ocrx_word' id='word_1_430' title='bbox 1211 4573 1247 4581; x_wconf 93' lang='lat'><strong>—</strong></span> 
     </span>
     <span class='ocr_line' id='line_1_42' title="bbox 64 4628 1245 4702; baseline -0.003 -13"><span class='ocrx_word' id='word_1_431' title='bbox 64 4636 188 4690; x_wconf 88' lang='lat' dir='ltr'><strong>videtur.</strong></span> <span class='ocrx_word' id='word_1_432' title='bbox 215 4635 307 4689; x_wconf 85' lang='lat' dir='ltr'><strong>Aliter</strong></span> <span class='ocrx_word' id='word_1_433' title='bbox 334 4632 432 4702; x_wconf 85' lang='lat' dir='ltr'><strong>Heyne</strong></span> <span class='ocrx_word' id='word_1_434' title='bbox 449 4632 467 4686; x_wconf 92' lang='lat' dir='ltr'><strong>l.</strong></span> <span class='ocrx_word' id='word_1_435' title='bbox 486 4650 508 4687; x_wconf 86' lang='lat' dir='ltr'><strong>c</strong></span> <span class='ocrx_word' id='word_1_436' title='bbox 537 4633 646 4687; x_wconf 88' lang='lat' dir='ltr'><strong>Nomen</strong></span> <span class='ocrx_word' id='word_1_437' title='bbox 671 4628 829 4702; x_wconf 76' lang='grc' dir='ltr'>ἀναγνώσῃ]</span> <span class='ocrx_word' id='word_1_438' title='bbox 857 4629 899 4684; x_wconf 84' lang='lat' dir='ltr'><strong>Cf.</strong></span> <span class='ocrx_word' id='word_1_439' title='bbox 923 4629 1075 4694; x_wconf 69' lang='grc'>1014116.</span> <span class='ocrx_word' id='word_1_440' title='bbox 1103 4660 1138 4669; x_wconf 96' lang='lat'>—</span> <span class='ocrx_word' id='word_1_441' title='bbox 1163 4628 1245 4698; x_wconf 84' lang='grc' dir='ltr'><strong><em>μετά]</em></strong></span> 
     </span>
    </p>
   </div>
   <div class='ocr_carea' id='block_1_5' title="bbox 0 0 1422 5018">
    <p class='ocr_par' dir='ltr' id='par_1_7' title="bbox 0 0 1422 5018">
     <span class='ocr_line' id='line_1_43' title="bbox 0 0 1422 5018; baseline 0 2"><span class='ocrx_word' id='word_1_442' title='bbox 0 0 1422 5018; x_wconf 95' lang='lat' dir='ltr'><strong> </strong></span> 
     </span>
    </p>
   </div>
  </div>
 </body>
</html>
