2834 5018
480 651 550 708 SIM,
568 651 640 716 VIII,
660 654 683 716 2,
701 653 777 716 5-3,
797 655 821 707 2.
1170 661 1232 724 561

58 830 199 895 dimittes
228 830 261 893 in
291 852 416 908 muros,
451 831 533 895 siout
556 831 625 915 quis
649 831 762 915 dignus
786 836 833 895 est
855 831 1008 897 habitare.
1054 833 1235 919 Diligenter

57 956 133 999 vero
170 936 331 999 considera
364 936 471 1020 virgas
505 956 631 1011 eorum,
667 940 699 999 et
729 936 773 999 sie
802 936 944 1012 dimitte3
968 937 1135 1021 diligenter
1158 960 1233 1002 oon-

59 1041 172 1104 sidera.
219 1039 316 1119 Vide,
350 1040 468 1123 inquit,
503 1061 542 1103 ne
576 1040 646 1122 quis
675 1044 707 1103 te
730 1040 831 1104 fallat.
879 1039 935 1105 Sin
967 1045 1071 1104 autem
1103 1043 1173 1125 quia
1202 1047 1234 1106 te

59 1145 226 1221 fefellerit,
261 1166 320 1229 ego
354 1166 407 1208 eos
441 1166 537 1227 supra
571 1144 670 1208 altare
702 1146 855 1227 probabo.
903 1145 992 1210 Haeo
1020 1168 1091 1210 oum
1112 1149 1234 1230 pastori

62 1250 201 1323 dixisset,
227 1249 313 1313 abiit.
361 1250 389 1312 6.
416 1248 591 1332 Postquam
615 1253 721 1313 autem
744 1249 877 1334 angelus
901 1250 998 1328 abiit,
1022 1254 1132 1334 pastor
1154 1252 1259 1315 mihis

58 1354 151 1417 dicit:
187 1354 355 1418 Sumamus
378 1353 485 1436 virgas
508 1353 649 1417 omnium
671 1376 787 1438 easque
809 1354 1005 1439 plantemuS,
1038 1356 1064 1420 si
1093 1377 1173 1439 quae
1197 1378 1235 1420 ex

57 1458 99 1522 iis
123 1459 205 1522 forte
227 1459 351 1542 possint
372 1458 485 1521 vivere.
533 1457 613 1521 Dico
636 1458 681 1521 ei:
704 1458 849 1537 Domine,
874 1459 980 1523 aridae
1001 1457 1062 1522 hae
1078 1460 1234 1542 quomodo

58 1568 195 1646 possunt
217 1563 342 1626 vivere?
389 1562 416 1624 7.
443 1561 647 1643 Respondeas
678 1560 754 1624 mihi
789 1562 882 1626 dicit:
919 1562 1008 1627 Haec
1038 1563 1131 1627 arbor
1153 1563 1235 1627 salix

59 1671 109 1730 est
131 1672 163 1731 et
197 1688 297 1751 genus
332 1669 418 1729 amat
452 1664 565 1738 vitam3
601 1664 627 1727 si
661 1664 768 1747 virgae
797 1664 898 1748 igitur
925 1666 1089 1749 plantatae
1118 1666 1236 1731 fuerint

60 1772 301 1856 acceperintque
330 1769 461 1853 paulum
489 1768 646 1845 humoris,
675 1768 795 1832 multae
827 1790 865 1832 ex
895 1769 934 1832 iis
967 1771 1090 1847 vivent3
1124 1772 1235 1836 deinde
1250 1786 1275 1823 ¹⁰

62 1880 254 1959 temptemus
285 1875 380 1938 etiam
411 1896 526 1957 aquam
548 1874 587 1937 iis
610 1874 798 1937 suffundere.
846 1873 879 1937 Si
903 1896 965 1958 qna
987 1897 1096 1939 earum
1117 1877 1236 1961 poterit

58 1974 190 2058 viuere,¹
197 1960 382 2066 gratulabor
411 1979 493 2054 illis;
529 1979 640 2063 quodsi
662 1999 725 2042 non
749 1979 876 2053 vixerit,
911 2000 970 2063 ego
999 2001 1063 2043 non
1095 1981 1237 2045 inveniar

61 2085 245 2169 neglegens.
293 2086 322 2148 8.
346 2079 444 2147 lussit
466 2088 572 2148 autem
595 2087 704 2166 pastor
726 2104 776 2146 me
801 2104 910 2147 vocare
933 2106 1007 2162 eos,
1042 2086 1124 2149 sieut
1147 2086 1234 2168 quis·

59 2211 124 2272 que
148 2210 255 2253 eorum
284 2192 424 2252 steterat.
475 2188 639 2252 Venerunt
668 2187 786 2271 singuli
815 2188 939 2251 ordines
971 2196 1003 2253 et
1031 2189 1237 2274 porrigebant

60 2295 169 2378 virgas
192 2295 321 2377 pastori.
370 2292 556 2377 Accipiebat
578 2298 684 2357 autem
707 2297 816 2375 pastor
839 2292 946 2376 virgas
962 2297 994 2356 et
1008 2293 1167 2376 plantavit
1182 2317 1235 2359 eas
1249 2313 1276 2350 1⁶

62 2400 234 2462 secundum
258 2398 407 2474 ordinem,
432 2405 464 2462 et
487 2420 557 2462 cum
579 2397 766 2481 plantasset,
800 2419 914 2480 aquam
936 2398 975 2461 iis
998 2399 1130 2464 suffudit
1151 2399 1235 2464 mul-

59 2507 138 2577 tam,
162 2503 209 2566 ita
231 2508 267 2566 ut
289 2503 397 2587 virgae
420 2525 495 2586 prae
519 2524 601 2586 aqua
624 2523 686 2566 non
709 2502 896 2565 viderentur.
942 2502 971 2564 9.
997 2503 1040 2566 Et
1066 2509 1235 2588 postquam

61 2608 170 2691 virgas
193 2607 351 2692 irrigavit,
387 2606 431 2669 ait
463 2605 558 2669 mihi:
596 2605 716 2669 Eamus
751 2609 783 2668 et
805 2608 879 2688 post
901 2627 1019 2688 paucos
1042 2607 1108 2672 dies
1130 2630 1235 2672 rever-

60 2717 168 2776 tamur
191 2715 223 2775 et
248 2711 409 2775 visitemus
432 2710 539 2795 virgas
561 2731 687 2783 omnes3
714 2709 768 2792 qui
792 2709 874 2772 enim
890 2709 971 2774 hano
987 2712 1132 2776 arborem
1148 2734 1236 2777 crea·

62 2817 123 2892 vit,
158 2815 226 2879 vult
259 2836 366 2878 omnes
396 2813 515 2891 vivere,
547 2814 601 2897 qui
630 2833 734 2876 ramos
759 2817 948 2895 acoepenmt
971 2836 1009 2878 ex
1031 2814 1091 2879 hae
1114 2816 1234 2880 arbore.
1251 2833 1275 2870 ²⁰

64 2919 164 3004 Spero
190 2925 296 2984 autem
319 2942 378 3004 ego
403 2939 537 3002 quoque,
561 2923 731 3001 postquam
747 2917 890 3001 virgulae
912 2916 973 2981 hae
995 2918 1160 2982 humorem
1182 2942 1236 2984 ac·

60 3029 213 3107 oeperunt
247 3024 437 3107 fueruntque
465 3023 617 3108 irrigatae
644 3044 743 3105 aqua,
779 3022 949 3086 maximam
985 3045 1092 3087 earum
1114 3029 1237 3106 partem

63 3129 218 3192 victuram
242 3150 318 3192 esse.

152 3229 188 3297 3.
213 3234 292 3298 Dico
316 3236 360 3298 ei:
385 3233 529 3309 Domine,
554 3231 633 3295 haec
656 3232 749 3295 arbor
766 3233 840 3315 quid
864 3232 914 3308 sit,
939 3231 1120 3296 demonstra
1142 3233 1237 3309 mihi;

61 3337 201 3401 incertus
225 3337 307 3400 enim
341 3360 411 3401 sum
444 3338 482 3401 de
516 3359 568 3414 ea,
602 3336 685 3420 quod
719 3340 767 3400 tot
798 3337 894 3401 ramis
916 3336 1068 3419 praecisis
1091 3360 1167 3401 sana
1190 3342 1237 3401 est
1251 3359 1277 3394 or.

63 3442 157 3506 arbor
179 3464 280 3526 neque
315 3443 486 3526 quidquam
522 3442 559 3505 de
582 3463 620 3504 ea
642 3440 820 3524 praecisum
843 3463 910 3505 esse
944 3441 1082 3516 videtum
1116 3442 1149 3504 in
1177 3441 1239 3506 hoo

62 3545 166 3629 igitur
187 3546 324 3610 incertus
347 3568 424 3610 sum.
471 3549 500 3610 2.
526 3546 627 3622 Audi,
652 3547 772 3630 inquit:
797 3548 890 3611 arbor
911 3546 991 3611 haee
1005 3568 1131 3632 magna,
1158 3570 1238 3631 quae

64 3672 196 3734 campos
229 3652 311 3736 tegit
344 3657 377 3716 et
410 3656 533 3716 montes
557 3656 589 3715 et
610 3672 734 3715 omnem
768 3655 899 3727 terram,
935 3651 987 3715 lex
1021 3651 1070 3715 dei
1094 3656 1142 3714 est
1165 3651 1239 3715 data

62 3755 124 3818 toti
156 3756 287 3832 mund03
318 3755 398 3820 haec
421 3777 494 3820 vero
526 3755 578 3820 lex
601 3760 649 3820 est
667 3754 752 3819 filius
775 3755 825 3819 dei
846 3756 1046 3839 praedicatus
1068 3756 1101 3820 in
1122 3756 1238 3820 finibus

134 3936 168 3989 20
186 3935 198 3988 I
217 3935 288 3988 Tim.
308 3936 332 3999 2,
349 3938 374 3989 4.

64 4083 121 4135 fixa
138 4083 280 4137 radicibus
304 4099 364 4137 sese
383 4085 446 4153 ipsa
464 4085 637 4154 demergant
650 4099 654 4203 p
664 4107 720 4155 μον
735 4088 846 4138 vocant.
884 4085 924 4140 cf.
944 4085 1011 4138 lust.
1032 4083 1142 4154 Dialog.
1162 4102 1184 4138 e.
1199 4086 1238 4140 11.

100 4171 123 4224 8.
135 4171 216 4243 τάγμ.
230 4170 490 4243 τάγματαΙΞκατὰ
502 4173 638 4245 τάγματα.
666 4173 708 4226 43.
727 4173 768 4226 51.
791 4172 853 4233 118;
872 4172 957 4227 Olem.
977 4172 1020 4226 Al.
1040 4171 1141 4227 Strom.
1162 4174 1182 4236 I,
1197 4172 1239 4233 29,

64 4256 109 4310 cf.
129 4274 151 4311 e.
169 4259 194 4320 4,
214 4258 246 4317 23
265 4258 349 4311 Marc.
368 4259 393 4320 6,
407 4259 430 4309 7.
449 4257 490 4312 39.
509 4261 558 4322 4o;
588 4261 639 4313 Ae·
669 4259 762 4327 1821).
782 4258 850 4320 427;
878 4259 919 4323 II,
943 4260 988 4322 15,
1011 4257 1045 4312 68
1072 4276 1098 4327 p.
1120 4259 1172 4313 465
1194 4262 1241 4325 (=

63 4345 153 4413 schyl.
183 4346 258 4399 Pers.
289 4344 347 4398 981.
384 4343 481 4400 Winer
502 4347 519 4415 g
542 4346 585 4409 32,
610 4296 792 4408 3;¹Praedie.
806 4343 883 4398 Paul
898 4348 927 4399 et
939 4343 1017 4399 Petri
1035 4345 1111 4413 apud
1125 4344 1239 4415 Hilgen-

63 4432 107 4495 54,
127 4434 148 4484 1.
668 4432 744 4495 feld,
776 4431 886 4486 Novum
919 4431 1130 4485 Testamentum
1161 4436 1241 4486 extra

101 4520 126 4582 3,
155 4521 178 4574 2.
210 4522 296 4589 νόμος
322 4561 328 4573 .
357 4560 363 4573 .
391 4518 450 4587 υἱὸς
476 4520 555 4590 θεοῦ]
585 4520 641 4574 Alii
669 4535 729 4573 ean.
755 4533 807 4572 ree.
834 4517 878 4580 IV,
898 4518 950 4587 59).
996 4517 1062 4571 Sim.
1088 4518 1139 4582 IX,
1160 4520 1239 4584 12‚1

65 4621 179 4672 quoqne
206 4607 281 4661 inter
304 4608 412 4660 veteres
438 4605 580 4661 Christum
597 4608 640 4663 vt·
653 4620 656 4677 Ι
667 4609 751 4675 petra
775 4607 804 4659 et
826 4607 910 4673 porta
926 4603 1012 4659 turris
1030 4604 1104 4659 filius
1122 4604 1176 4660 Dei
1194 4605 1241 4661 de·

120 4711 220 4763 Pnnk,
234 4713 314 4754 Patrae
329 4716 404 4762 apost.
419 4711 455 4753 od.
471 4712 507 4754 11.
987 4697 1029 4760 36
