2834 5018
447 611 473 666 s.
492 610 858 668 rouauunarsuuuuu.
1177 619 1248 684 LXI

56 790 203 856 studuisse
233 812 276 854 ac
304 790 455 855 custodes
474 790 660 873 corrupisse,
685 796 721 853 ut
743 813 814 855 cum
836 792 962 876 captivo
977 793 1096 856 versari
1118 799 1248 875 possent

59 894 91 978 (o.
107 896 169 974 12),
197 894 355 979 epistula
379 894 420 958 ad
443 894 604 959 Romanos
627 895 660 960 in
683 897 866 961 memoriam
888 903 1061 962 revocatur.
1086 897 1248 963 Accedunt

61 1001 185 1085 denique
222 1001 294 1064 duo
319 999 401 1075 loci,
432 1001 487 1065 ubi
520 1000 616 1064 verba
648 1000 718 1083 ipsa
746 1002 914 1066 uerisimile
945 1002 1097 1079 reddunt,
1130 1002 1248 1086 Ignatii

62 1104 209 1190 epistulas
236 1105 419 1169 Lucianum
441 1105 528 1169 haud
552 1103 684 1189 fugisse,
709 1106 796 1169 ethi
819 1107 961 1189 quidem:

280 1206 431 1260 Lucienus.
894 1206 1028 1276 [gnatius.

102 1339 126 1380 c.
149 1318 189 1380 4:
215 1315 273 1377 τδν
298 1313 332 1377 ἐν
355 1312 452 1396 Συρίᾳ
474 1312 618 1379 δεθέντα.
714 1315 798 1398 Eph.
816 1316 845 1391 1,
862 1316 899 1378 2:
922 1313 1083 1396 δεδεμένος
1106 1314 1167 1376 άπὸ
1188 1313 1247 1376 Συ-

672 1417 748 1499 ρίας.
794 1419 842 1484 cf.
868 1422 919 1493 21,
937 1421 966 1483 2.

105 1551 131 1591 c.
164 1527 228 1590 41:
280 1523 357 1604 φασί
402 1520 436 1584 δέ
480 1520 645 1595 πάσαις
715 1523 822 1607 Polyc.
848 1526 882 1600 8,
908 1527 940 1587 1:
979 1521 1046 1584 ἐπεί
1080 1522 1247 1596 πάσαις

68 1629 176 1711 σχεδὸν
223 1635 294 1701 ταῖς
340 1624 474 1702 ἐνδόξοις
517 1623 645 1689 πόλεσιν
671 1634 738 1700 ταῖς
775 1625 955 1710 ἐκκλησίαις
993 1626 1051 1688 οὐκ
1087 1625 1247 1708 ἠδυνήθην

69 1731 233 1807 ἐπιστολάς
257 1729 431 1812 διαπέμψαι
454 1729 557 1809 αὐτόν,
581 1729 646 1793 δια·
671 1729 789 1813 γράψαι
825 1781 832 1795 .
859 1782 866 1795 .
892 1778 900 1794 .
934 1730 1063 1814 γράψεις
1097 1739 1163 1805 ταῖς
1197 1729 1248 1811 έμ-

71 1838 171 1919 θήκοις
194 1838 282 1911 τινάς
305 1836 360 1897 καί
375 1834 570 1917 παραινέσεις
592 1836 646 1897 καί
672 1837 812 1916 προσθεν
845 1832 1107 1918 ἐκκλησίαις
1137 1833 1180 1908 είς
1212 1834 1248 1895 τὸ

66 1942 193 2024 νόμους·
213 1939 270 2004 καί
281 1961 368 2014 τινας
380 1938 429 2002 ἐπί
441 1940 540 2023 τούτῳ
553 1961 646 2023 πρεσ-
672 1942 725 2002 καί
748 1941 860 2015 αὐτοὺς
882 1941 917 2002 εδ
940 1940 1016 2002 adab
1045 1947 1187 2021 ποιησαι,
1220 1936 1248 1999 οἱ

72 2045 176 2130 βευτάς
210 2037 272 2109 τῶν
308 2043 440 2126 ἑταίρων
477 2043 647 2127 ἐχειρο·
673 2044 728 2126 μέν
751 2044 914 2126 δυνάμενοι
937 2044 1049 2121 πεζοὺς
1065 2041 1195 2125 πέμψαι,
1219 2040 1248 2103 οί

72 2150 210 2234 τένησε
233 2147 466 2233 νεκραγγέλους
487 2151 541 2212 καί
565 2170 607 2213 νε
615 2170 646 2232 ρ-
673 2147 707 2210 δὲ
736 2147 902 2223 ἐπιστολάς
932 2149 983 2211 διὰ
1014 2155 1076 2209 τῶν
1108 2145 1167 2208 ὑπὸ
1191 2166 1247 2208 σου

73 2254 345 2338 τεροδρὸμους
382 2253 645 2337 προσαγορεύσας.
673 2251 888 2335 πεμπομένων.
935 2255 1044 2337 Ροίγο.
1063 2254 1091 2332 7,
1115 2255 1151 2317 2:
1175 2250 1246 2332 πρέ-

672 2379 722 2421 πει
807 2357 1095 2441 χειροτονῆσσιί
1118 2376 1195 2434 τινα,
1213 2353 1247 2416 ὃν

673 2463 834 2546 ἀγαπητὸν
857 2462 927 2527 λίαν
943 2464 1032 2545 ἔχετε
1053 2462 1106 2524 καί
1123 2462 1247 2535 άοκνον,

673 2568 706 2642 ὃς
729 2567 893 2650 δυνήσεται
925 2565 1154 2649 δεοδρδμος
1186 2585 1246 2625 κα-

673 2669 808 2739 λεῖσθαι.
877 2673 923 2738 cf.
964 2673 1087 2758 Smyrn.
1117 2674 1175 2747 11,
1207 2671 1246 2744 2;

673 2777 797 2841 Philad.
823 2779 873 2856 10,
899 2781 927 2842 l.

152 2882 275 2947 Vocem
299 2877 536 2962 νερτεροδρόμος
559 2881 629 2945 voci
651 2880 824 2962 δεοδρὸμος
839 2883 1043 2948 substitutam
1068 2881 1165 2945 luisse
1184 2901 1248 2943 non

76 2986 241 3062 miraberis,
267 2986 296 3051 si
319 2985 483 3068 ingenium
505 2987 643 3051 auctoris
658 2987 799 3070 respicis.
847 2987 1088 3051 Ammaduertas
1113 3005 1246 3069 quoque,

77 3110 183 3156 erooe
205 3087 370 3170 διαθήκας
392 3097 424 3153 et
445 3112 462 3155 e
484 3092 688 3175 sequentibus
711 3097 830 3176 patere,
854 3093 1010 3156 referente
1025 3091 1161 3155 Lucieno
1185 3087 1247 3152 Pe·

76 3196 231 3278 regrinum
255 3194 412 3279 epistulas
435 3216 534 3280 aeque
556 3218 593 3260 ac
607 3197 768 3282 Ignatium
790 3198 878 3262 brevi
900 3202 973 3261 ante
996 3201 1130 3259 mortem
1145 3194 1247 3276 scrip·

75 3297 181 3362 sisse¹.
231 3297 268 3364 G.
285 3296 456 3362 Uhlhorn²
481 3301 607 3383 quidem
630 3301 724 3365 huius
739 3301 912 3366 testimonii
934 3302 999 3366 vim
1013 3301 1152 3385 negavit,
1177 3321 1248 3362 cum

77 3408 180 3467 auctor
205 3402 328 3487 dialogi
351 3403 389 3466 de
411 3408 512 3468 morte
534 3403 698 3488 Peregrini
721 3405 824 3468 minus
848 3403 1044 3469 Christianos
1067 3425 1162 3488 quam
1185 3401 1248 3485 Cy·

75 3507 157 3572 uicos
181 3508 360 3584 derisisset,
393 3512 425 3571 et
448 3509 679 3573 concedendum
702 3514 766 3585 est,
800 3508 973 3574 Lucianum
995 3530 1059 3573 non
1081 3508 1113 3571 id
1135 3506 1246 3591 egisse,

75 3614 107 3675 ut
128 3613 262 3676 satiram
284 3613 322 3676 de
337 3611 454 3696 Ignatii
476 3617 576 3677 morte
591 3613 751 3678 scriberet.
797 3613 873 3678 Inde
890 3619 995 3677 autem
1017 3633 1080 3675 non
1095 3611 1246 3694 sequitur,

76 3735 144 3780 eum
175 3716 345 3781 historiam
368 3716 531 3797 Peregrini
561 3723 741 3782 narrantem
773 3740 811 3782 ex
833 3718 953 3802 Ignatii
986 3715 1140 3800 epistulas
1167 3734 1247 3777 non·

76 3819 160 3884 nulla
182 3842 247 3886 non
270 3821 511 3905 deprompsisse.

159 3921 310 3988 Proxime
332 3928 407 4008 post
427 3923 602 3989 Eusebium
624 3926 777 4010 epistulas
806 3926 952 4010 legerunt
975 3924 1170 3990 Athanasius
1193 3918 1246 4002 (cf.

77 4027 311 4093 adnotationem
345 4029 385 4092 ad
412 4029 495 4113 Eph.
524 4030 551 4106 7,
578 4028 629 4111 2),
664 4031 801 4096 Basilius
834 4031 970 4115 Magnus
1003 4029 1098 4113 (tuph.
1126 4028 1176 4104 19,
1203 4026 1246 4106 1),

77 4129 272 4214 llphraemus
289 4131 386 4216 Syrus
409 4133 513 4214 (Rom.
527 4136 556 4212 2,
575 4137 613 4207 2;
637 4135 745 4219 Polyc.
763 4138 792 4213 3,
812 4138 839 4200 1.
856 4133 899 4217 2),
923 4136 1057 4199 loannes
1073 4130 1249 4196 Monachus

79 4233 178 4315 130111·
196 4239 225 4315 2,
246 4239 273 4302 l·
292 4239 331 4313 23
364 4239 393 4315 3,
411 4240 448 4314 2;
474 4241 502 4318 5,
521 4238 571 4322 3),
606 4239 738 4305 loannes
768 4237 1011 4322 chrysostomus
1035 4237 1140 4320 (Rom.
1159 4237 1187 4312 5,
1204 4233 1247 4315 2).

78 4338 287 4425 Hieronymus
304 4365 430 4428 quoque
447 4345 569 4429 aliquot
584 4344 671 4409 locos
686 4345 797 4409 laudat
812 4343 909 4427 (Eph.
929 4342 978 4419 19,
998 4346 1032 4416 l;
1057 4341 1148 4406 ltom.
1164 4341 1193 4416 4,
1213 4341 1247 4412 1;

147 4477 159 4529 1
179 4479 221 4533 Cf.
240 4476 326 4542 Zahn,
345 4477 472 4548 anatiua
489 4496 513 4534 v.
532 4480 566 4532 Α
586 4497 612 4548 p.
632 4481 779 4535 517-528.

145 4565 161 4617 2
178 4565 335 4635 Zerhctht
351 4567 401 4632 far
417 4567 480 4622 dist.
502 4567 640 4638 lhcoloyie
659 4568 724 4624 1851
745 4586 772 4638 p.
792 4567 842 4622 280
861 4571 918 4622 not.
937 4567 980 4621 66.
