2834 5018
430 684 478 738 AD
498 683 719 738 SMYRNAEOS
738 684 758 748 Ι,
779 684 919 749 1-111,2.
1194 688 1257 752 277

81 885 197 946 meque
221 863 281 926 tide
312 864 473 927 credentes
500 864 534 927 in
557 864 717 927 dominum
748 867 891 928 nostrum
921 885 995 927 vere
1026 863 1193 927 oriundrun
1216 882 1260 926 ea

80 989 204 1048 peracre
228 971 337 1032 Dnrid
356 970 535 1032 acuendum
564 988 718 1048 carnem,
748 967 922 1031 filiumdei
953 968 1123 1031 secundum
1146 967 1257 1031 volun-

81 1078 181 1138 tatem
204 1077 236 1135 et
258 1072 434 1155 potentiam
457 1073 524 1149 dei,
557 1077 667 1137 natum
688 1094 761 1136 vere
785 1093 824 1135 ex
846 1071 989 1156 virgine,
1022 1072 1218 1156 baptizatum
1240 1096 1260 1136 a

83 1178 209 1253 Ioanne,
233 1183 270 1240 ut
285 1181 482 1259 impleretur
505 1181 546 1241 ab
570 1199 607 1243 eo
624 1184 732 1242 ornata
754 1182 905 1256 ἑοιοιοιὶο,
927 1177 956 1239 2.
981 1197 1053 1239 vere
1069 1177 1127 1240 sub
1144 1175 1258 1240 Pontio

82 1283 188 1348 Pilato
211 1288 243 1346 et
266 1283 392 1348 Herode
423 1282 584 1347 tetrarcha
607 1282 703 1346 clavis
727 1282 885 1346 confixum
912 1302 971 1366 pro
994 1282 1086 1346 nobis
1108 1281 1142 1345 in
1165 1303 1284 1346 carnes

82 1387 133 1467 (ex
157 1387 245 1451 cuius
268 1386 375 1450 fructu
397 1408 454 1451 nos
476 1407 599 1462 sumna,
630 1387 774 1451 edivine
798 1387 893 1450 beata
922 1386 1068 1470 passione
1091 1384 1189 1467 eius),
1223 1389 1259 1449 ut

81 1514 138 1574 per
161 1491 422 1555 resurrectionem
452 1490 597 1554 suumin
620 1491 746 1556 saecula
771 1495 874 1556 eleuet
896 1495 1054 1556 remitum
1083 1512 1142 1574 pro
1166 1512 1257 1554 sanc·

81 1597 122 1659 tis
147 1601 178 1659 et
200 1596 346 1660 fidelibus
369 1595 452 1671 suis,
484 1595 548 1659 sive
576 1594 610 1658 in
632 1593 756 1659 Iudaeis
789 1596 909 1659 sivein
938 1595 1107 1679 gentibus,
1141 1595 1173 1659 in
1196 1616 1259 1659 uno

81 1722 212 1783 corpore
236 1700 386 1764 ecclesiae
409 1721 494 1763 suae.

168 1803 209 1868 ΙΙ.
235 1803 351 1868 Omnia
374 1808 480 1867 autem
503 1805 581 1868 haec
604 1825 717 1887 passus
740 1807 789 1866 est
810 1807 943 1887 propter
964 1826 1039 1878 nos,
1064 1809 1100 1868 ut
1122 1805 1259 1869 salutem
1273 1826 1298 1864 ro

81 1929 361 1991 consequeremur:
387 1914 418 1971 et
440 1931 510 1972 vere
534 1931 646 1992 passus
669 1913 726 1984 est,
751 1912 788 1971 ut
810 1913 842 1971 et
865 1929 937 1972 vere
961 1909 1099 1993 seipsum
1121 1909 1257 1974 resusci-

80 2015 174 2088 tarit3
207 2034 287 2088 non,
317 2017 354 2076 ut
367 2013 504 2096 quidam
528 2013 667 2076 infideles
691 2012 813 2087 dicunt,
846 2012 1017 2076 secundum
1040 2014 1259 2097 apparentiam

79 2140 153 2180 eum
181 2139 311 2200 passum
336 2139 422 2192 esse,
453 2118 515 2201 ipsi
544 2119 715 2181 secundum
747 2117 971 2201 apparentiam
1000 2118 1202 2189 exsistentes:
1227 2124 1259 2184 et

80 2221 345 2304 quemadmodum
368 2223 504 2304 sapiunt,
529 2222 573 2286 sic
596 2226 627 2285 et
642 2221 805 2305 continget
827 2221 875 2298 iis,
901 2222 1019 2305 quippe
1043 2222 1098 2305 qui
1112 2222 1176 2286 sint
1191 2222 1258 2285 sine

80 2348 211 2408 corpore
235 2331 266 2389 et
289 2327 390 2389 instar
413 2326 657 2390 daemoniorum.
1272 2347 1298 2385 rs

168 2429 224 2493 III.
248 2431 320 2513 Ego
348 2430 431 2494 enim
454 2430 537 2504 scio,
570 2435 601 2494 et
624 2435 698 2514 post
720 2431 980 2495 resurrectionem
1008 2451 1080 2494 eum
1100 2431 1134 2495 in
1166 2453 1259 2495 carne

81 2535 191 2612 fuisse,
216 2539 247 2598 et
270 2535 361 2598 credo
377 2556 449 2598 eum
473 2534 576 2598 adhuc
591 2535 624 2597 in
648 2556 740 2599 carne
756 2557 833 2599 esse.
880 2536 909 2599 2.
934 2536 977 2599 Et
992 2536 1117 2616 quando
1141 2537 1181 2601 ad
1195 2536 1258 2601 Pe-

79 2644 166 2703 trum
189 2645 220 2703 et
244 2639 346 2703 socios
370 2640 437 2702 eius
460 2639 554 2715 venit,
580 2639 658 2702 dixit
680 2639 735 2702 iis:
770 2642 1029 2722 deprehendite,
1046 2643 1186 2722 palpale
1207 2660 1260 2705 me

80 2754 114 2808 et
137 2747 254 2821 ridete,
277 2746 365 2823 qrrod
377 2764 444 2807 noa
459 2750 523 2807 sim
546 2746 755 2808 domnoniam
771 2749 964 2827 incorporal
984 2795 991 2808 .
1033 2745 1077 2809 Et
1092 2745 1260 2809 confestim

79 2849 184 2932 ipsum
208 2848 384 2932 tetigerunt
407 2852 438 2911 et
462 2849 668 2926 crediderunt,
693 2849 854 2913 commixti
877 2871 969 2913 carne
992 2850 1058 2914 eius
1082 2854 1113 2913 et
1133 2850 1256 2934 spiritu.
1272 2865 1298 2904 νο

150 3018 263 3072 auom.
285 3021 307 3081 l,
327 3018 351 3071 3.
370 3051 405 3058 —
422 3021 439 3073 4
457 3021 558 3075 Matth.
577 3021 601 3084 3,
622 3023 661 3076 15.
688 3022 755 3074 -7
781 3021 832 3074 Ies.
853 3022 876 3084 5,
896 3021 930 3074 26
950 3023 1002 3087 (ll,
1023 3019 1069 3082 12;
1088 3021 1130 3083 49,
1151 3022 1198 3083 22;
1217 3020 1258 3082 62,

82 3105 134 3163 10).
152 3137 188 3144 -
209 3105 240 3157 17
260 3105 323 3158 Luc.
342 3106 383 3170 24,
404 3106 462 3161 39?

80 3245 180 3308 detur,
209 3248 285 3313 quod
303 3248 359 3316 ipsi
377 3249 411 3301 de
431 3249 542 3303 Christo
570 3264 655 3302 enun·
718 3251 742 3303 Q,
761 3251 805 3303 hd
822 3250 896 3304 hunc
915 3266 1027 3303 versum
1046 3249 1074 3302 in
1099 3249 1258 3302 universum

79 3333 199 3388 tiabant·
246 3337 303 3388 Aut
321 3331 399 3392 οὖσιν
414 3359 449 3384 =
462 3336 657 3410 γενησομένοις
684 3337 827 3403 quadrant
845 3353 887 3401 ea,
906 3352 979 3404 quae
997 3337 1087 3390 Lucas
1099 3337 1141 3398 24,
1155 3334 1258 3389 33-40

79 3421 153 3474 forte
181 3421 327 3486 adhibuit,
355 3423 397 3475 ita
421 3427 452 3477 ut
476 3422 779 3512 interpretarilrclert.
799 3421 869 3476 Cum
883 3423 1016 3493 discipuli
1035 3423 1092 3476 duo
1111 3422 1257 3476 acastello

81 3509 236 3576 possimus:
263 3525 325 3562 curn
345 3512 507 3580 corporibus
533 3509 610 3565 exuti
628 3509 817 3564 etlllmmaus
837 3511 873 3564 ad
882 3510 1011 3564 undecim
1031 3514 1059 3564 et
1070 3526 1125 3570 eos,
1135 3508 1185 3576 qni
1195 3525 1258 3561 cum

80 3595 231 3648 daemonia
255 3597 334 3650 facta
358 3601 451 3661 erunt,
481 3599 510 3651 in
535 3598 604 3666 ipsis
623 3614 658 3651 ca
683 3597 852 3660 illiserunt,
878 3599 982 3651 reversi
1002 3599 1038 3667 (v.
1059 3597 1103 3666 33)
1121 3595 1257 3658 audirent,

79 3681 220 3745 evenient,
242 3700 315 3748 quae
333 3685 363 3737 in
383 3685 525 3739 Christum
543 3683 656 3737 mentiti
683 3684 834 3739 Dominum
854 3684 1006 3739 surrexisse
1024 3701 1089 3738 vere
1108 3687 1137 3737 et
1151 3682 1258 3736 Simoni

79 3771 158 3820 sunt:
178 3785 234 3821 non
253 3775 408 3838 resurgent,
428 3771 578 3825 scilicetin
598 3770 850 3867 glo-papparoisse
878 3775 914 3839 (v.
934 3772 996 3841 34),
1025 3772 1101 3825 Iesus
1130 3769 1210 3824 stetit
1228 3769 1259 3822 in

79 3854 175 3906 riam‘?
683 3858 777 3913 medio
797 3875 893 3913 eorum
921 3859 957 3927 (v.
976 3858 1034 3921 36),
1063 3872 1182 3924 cumque
1210 3872 1257 3910 eos

114 3941 160 4003 ΙΙΙ,
182 3944 256 3995 1-2.
286 3943 350 3996 Eus.
378 3946 412 3998 H.
432 3945 461 3999 Ε.
481 3946 534 4010 ΙΙΙ,
554 3946 595 4008 36,
616 3949 654 4001 ll.
683 3943 834 3999 salutasset
863 3962 896 3998 ae
923 3947 958 3999 de
985 3946 1108 3999 adventu
1134 3943 1258 3997 mirabili

80 4033 119 4085 12.
141 4030 253 4084 Hieron.
274 4031 362 4085 Catal.
384 4049 406 4085 ο.
427 4034 466 4087 16.
486 4032 653 4086 Theodoret.
682 4031 813 4085 turbatos
833 4033 993 4087 consolatus
1012 4035 1095 4094 esset,
1114 4036 1179 4101 post
1201 4031 1259 4085 alia

77 4116 150 4170 Dial.
172 4117 197 4170 ΙΙ
216 4118 311 4188 Migna
330 4118 376 4179 IV,
397 4120 446 4174 170
470 4121 515 4189 (-
533 4118 655 4177 interra
683 4118 769 4171 verba
787 4118 858 4173 haec
877 4119 949 4173 dixit
967 4136 991 4171 ν.
1005 4119 1050 4173 39:
1072 4116 1258 4189 tl‘qiarpq'ocst

76 4207 149 4271 σαν).
681 4224 717 4272 με
734 4209 781 4261 καὶ
799 4201 884 4270 ἴδετε,
908 4203 950 4263 ὅτι
973 4215 1081 4276 πνεῦμα
1105 4207 1194 4279 σάρκα
1212 4210 1258 4262 καὶ

115 4293 137 4345 1.
159 4288 220 4343 Non
248 4291 317 4345 dicit
344 4292 422 4360 ign,
452 4309 482 4345 sc
513 4294 655 4349 Christum
683 4291 767 4348 ὀστέα
786 4291 837 4349 οὐκ
856 4289 924 4364 ἔχει,
941 4292 1040 4360 καθὼς
1057 4292 1105 4364 ἐμὲ
1124 4299 1258 4365 θεωρεῖτε

76 4383 143 4447 post
156 4379 392 4431 resurrectionem
405 4378 434 4430 in
448 4395 531 4434 carne
543 4381 654 4445 vidisse,
682 4377 789 4452 ἔχοντα.
827 4381 896 4434 Pars
914 4379 991 4448 prior
1009 4379 1064 4434 loci
1081 4380 1179 4435 biblici
1198 4398 1257 4435 ver·

77 4465 126 4518 sed
155 4481 185 4518 sc
215 4465 302 4528 scire,
332 4464 474 4518 Christum
496 4485 524 4535 p.
543 4486 563 4522 r.
582 4469 613 4523 in
631 4485 653 4522 c.
681 4467 802 4521 batenus
821 4483 884 4520 cum
902 4466 964 4521 loco
984 4467 1089 4536 Ignatii
1108 4469 1257 4532 consentit,

77 4568 146 4606 esse.
185 4551 372 4619 Hieronymus
401 4555 429 4604 et
457 4551 596 4623 interpres
614 4557 654 4609 la·
680 4555 736 4607 nisi
749 4553 825 4620 quod
843 4554 941 4627 λάβετε
959 4556 1034 4625 apud
1053 4556 1256 4628 evangelistam

77 4640 155 4693 tinus
174 4637 261 4692 verba
279 4639 338 4691 eius
358 4636 433 4691 male
446 4637 652 4696 intellexerunt.
682 4641 776 4704 deest;
803 4657 870 4710 pars
890 4639 981 4697 altera
999 4644 1119 4698 cundem
1138 4660 1256 4706 sensum,
