2834 5018
519 716 633 772 MAND.
651 716 697 781 ΙΙΙ,
716 716 838 781 5-1v,
859 719 881 780 l,
900 717 924 771 6.
1227 720 1291 785 475

115 899 300 963 tiationibus
323 901 396 977 tuis,
421 902 448 965 si
471 901 549 965 haec
572 900 770 964 inveniantur
792 921 881 978 vera,
913 898 1008 962 etiarn
1030 897 1087 961 illa
1109 897 1172 962 fida
1194 899 1290 974 fiant3

114 1025 252 1088 namque
275 1004 370 1068 etiarn
393 1003 451 1069 illa
472 1005 536 1069 fida
558 1005 625 1071 fieri
649 1010 791 1090 possunt.
840 1004 874 1070 Si
896 1004 974 1068 haec
998 1003 1182 1068 custodieris
1206 1008 1292 1068 etex

114 1107 176 1173 hoc
198 1114 339 1192 tempore
371 1132 495 1174 ornnem
518 1112 684 1175 veritatem
715 1109 849 1186 dixeris,
882 1109 1002 1192 potaris
1024 1108 1083 1173 tibi
1111 1108 1209 1172 vitam
1234 1109 1291 1172 ad·

114 1214 247 1296 quirere.
294 1215 338 1279 Et
362 1216 549 1299 quicumque
574 1215 708 1279 audierit
739 1215 800 1278 hoc
822 1217 1026 1297 praeceptum
1048 1216 1080 1277 et
1103 1213 1292 1277 abstinuerit

115 1341 134 1383 a
156 1320 294 1383 maximo
316 1320 472 1384 mendacii
494 1319 589 1397 mele,
614 1320 671 1383 deo
692 1319 786 1383 vivet.
1303 1336 1316 1373 ⁶

565 1491 751 1556 Mandatum
774 1489 829 1555 IV.

204 1626 239 1694 1.
263 1630 429 1713 Praecipio
451 1630 529 1706 tibi,
560 1629 680 1713 inquit,
710 1634 747 1693 ut
770 1631 927 1694 custodias
959 1631 1157 1707 castitatem,
1189 1653 1291 1717 neque

112 1735 263 1798 ascendat
285 1734 317 1798 in
341 1735 434 1799 corde
456 1737 511 1797 tuo
526 1733 678 1817 cogitatio
700 1733 842 1799 mulieris
859 1735 979 1799 alienae
1003 1740 1058 1800 aut
1074 1736 1290 1802 fornicationis

113 1839 290 1922 cuiuspiam
320 1844 375 1904 aut
397 1839 551 1903 eiusmodi
582 1839 730 1902 vitiorum
762 1839 922 1903 similium.
970 1839 1041 1904 Hoc
1063 1841 1147 1905 enirn
1169 1840 1289 1904 faciens

111 1964 262 2027 magnum
293 1946 458 2026 peccatum
487 1944 679 2029 operaberis.
733 1944 821 2009 Tuae
854 1949 959 2009 autem
993 1946 1135 2029 coniugis
1165 1967 1290 2029 semper
1303 1960 1328 1997 1⁰

111 2069 232 2112 memor
255 2071 417 2130 nunquam
444 2048 601 2132 peccabis.
649 2051 679 2112 2.
704 2047 844 2113 sienim
875 2050 938 2113 hoc
961 2048 1149 2113 desiderium
1179 2048 1212 2112 in
1235 2071 1290 2113 cor

110 2156 202 2215 tuum
224 2153 444 2236 penetraverit,
467 2152 631 2236 peccabis,
663 2156 695 2216 et
718 2152 745 2215 si
768 2151 853 2216 aliud
875 2156 941 2216 tam
964 2151 1098 2230 malum,
1124 2156 1288 2237 peccatum

110 2257 269 2339 operaris;
294 2258 481 2323 desiderium
497 2258 580 2321 enim
602 2257 688 2321 istud
703 2257 753 2321 dei
771 2279 860 2322 servo
876 2260 1042 2342 peccatum
1058 2261 1106 2321 est
1122 2276 1288 2341 magnum3

110 2361 138 2423 si
162 2365 268 2425 autem
291 2363 360 2444 quis
384 2367 532 2445 operatur
554 2362 615 2426 hoc
638 2383 718 2445 opus
741 2362 874 2439 malurn,
899 2366 1033 2426 mortem
1056 2362 1116 2426 sibi
1139 2361 1286 2445 adquirit.

111 2467 140 2529 3.
166 2465 248 2530 Vide
278 2488 354 2551 ergo
377 2472 431 2531 tu:
465 2467 588 2533 abstine
611 2467 650 2531 ab
673 2466 735 2530 hoc
766 2467 935 2545 desideri03
967 2466 1023 2530 ubi
1046 2467 1129 2531 eninr
1158 2467 1287 2531 castitas
1304 2485 1327 2522 1⁶

109 2570 250 2648 habitat,
285 2571 330 2636 ibi
363 2570 514 2655 iniquitas
548 2572 581 2635 in
615 2593 669 2635 cor
702 2571 761 2634 viri
787 2571 863 2635 iusti
896 2593 959 2635 non
983 2572 1077 2636 debet
1111 2573 1286 2636 ascendere.

109 2677 140 2740 4.
165 2676 245 2740 Dico
269 2677 314 2740 ei:
348 2677 498 2754 Domine,
531 2677 680 2760 permitte
707 2676 804 2753 mihi,
837 2679 873 2740 ut
895 2681 928 2739 te
951 2698 1054 2761 pauca
1085 2677 1286 2762 interrogem.

108 2780 179 2855 Dic,
203 2781 315 2866 inquit.
363 2780 509 2855 Domine,
532 2780 672 2862 inquam,
697 2781 724 2843 si
747 2781 818 2862 quis
842 2801 972 2844 uxorem
995 2780 1093 2844 habet
1115 2780 1240 2845 fidelem
1254 2781 1288 2845 in

110 2885 236 2949 domino
260 2906 393 2968 eamque
416 2884 622 2967 deprehendit
644 2885 677 2948 in
699 2884 856 2950 adulterio
880 2885 1003 2969 alique,
1036 2885 1190 2970 numquid
1212 2907 1287 2968 pec·

108 2993 160 3053 cat
184 2990 245 3067 vir,
276 2990 304 3053 si
332 2988 469 3052 convivit
499 3010 571 3053 cum
603 2992 663 3052 ea?
697 2992 725 3052 5.
752 2988 910 3065 Quamdiu
941 2989 1056 3065 nescit,
1080 2990 1199 3073 inquit,
1224 3010 1287 3052 non
1301 3004 1325 3042 ²⁰

107 3099 236 3178 peccat;
261 3094 288 3157 si
312 3098 417 3158 autem
439 3093 488 3156 vir
509 3097 675 3176 peccatum
698 3094 765 3157 eius
790 3094 974 3178 cognoverit
997 3114 1098 3177 neque
1121 3092 1286 3176 paeniten-

107 3200 186 3264 tiam
210 3199 310 3282 egerit
331 3197 462 3274 mulier,
487 3199 542 3262 sed
564 3202 729 3281 permanet
752 3198 784 3262 iu
809 3197 1017 3263 fornicatione
1040 3220 1098 3262 sua
1120 3220 1157 3261 ac
1180 3197 1287 3261 convi-

108 3302 156 3366 vit
177 3302 226 3365 vir
249 3324 382 3379 cumea,
406 3302 566 3386 particeps
582 3303 618 3367 fit
641 3303 763 3387 peccati
782 3303 848 3367 eius
871 3306 904 3366 et
919 3304 1022 3367 socius
1046 3301 1193 3366 adulterii
1208 3301 1284 3367 eius.

107 3408 138 3471 6.
164 3405 247 3482 Quid
267 3406 375 3491 igitur,
399 3406 538 3489 inquam,
563 3407 702 3484 domine,
731 3406 830 3471 faciat
852 3407 997 3483 maritus,
1021 3406 1048 3471 si
1071 3406 1204 3470 uxorin
1226 3404 1287 3468 hac

107 3511 239 3576 libidine
261 3510 492 3593 permanserit?
524 3510 675 3574 Dimittat
696 3532 785 3589 eam,
815 3511 936 3594 inquit,
962 3514 994 3574 et
1016 3511 1064 3575 vir
1086 3514 1214 3574 maneat
1235 3531 1285 3573 se·
1299 3525 1325 3563 2⁶

107 3638 197 3691 cum;
222 3621 276 3678 cin
292 3634 369 3678 aero
385 3634 493 3680 acore
508 3617 648 3680 diedesa
671 3620 774 3680 allam
790 3618 938 3696 decuerit,
954 3622 986 3681 et
1001 3617 1069 3699 ipse
1085 3618 1285 3680 adulterium

178 3768 211 3820 27
231 3769 315 3823 Marc.
338 3770 377 3833 10,
399 3772 444 3834 11;
464 3770 566 3825 Matth.
586 3772 610 3833 5,
631 3773 679 3835 32;
700 3773 740 3837 19,
759 3773 775 3826 9
795 3773 830 3825 cf.
850 3771 863 3824 Ι
882 3770 944 3826 Cor.
965 3771 989 3835 7,
1009 3769 1048 3822 ll.

141 3890 189 3953 IV,
210 3890 284 3943 1-3.
303 3889 463 3945 Pa-Athan.
482 3892 500 3946 l.
521 3908 543 3945 c.
562 3908 585 3946 c.
603 3893 621 3946 4
640 3893 681 3946 cd.
709 3895 778 3948 tent.
799 3893 863 3947 dist.
882 3893 916 3947 35
935 3911 960 3946 n.
980 3894 996 3946 5
1024 3893 1053 3945 et
1071 3908 1088 3944 a
1107 3889 1241 3946 Gratiano
1262 3906 1283 3944 c.

105 3976 230 4032 Dindorf
248 3976 313 4032 1857
338 3996 366 4046 p.
387 3980 418 4032 15
444 3979 485 4046 (in
510 3978 682 4034 editionibus
710 3982 732 4036 7.
753 3979 782 4034 C.
797 3980 838 4033 34.
858 3997 904 4047 qu.
919 3981 942 4041 1,
961 3980 1143 4045 mutatusque
1161 3977 1190 4030 in
1203 3992 1284 4031 cano·

104 4062 246 4134 prioribus
272 4063 356 4133 plura
379 4064 501 4134 desunt).
526 4097 560 4105 -
582 4065 682 4136 ὁμοιω-
709 4066 947 4121 nemcerniturin
960 4065 1091 4120 decretal.
1106 4062 1285 4135 GregoriilX

103 4151 214 4221 μάτων]
228 4151 269 4205 Cf.
279 4150 367 4205 Exod.
380 4153 465 4217 20,4;
485 4152 567 4208 Dent.
580 4154 604 4216 5,
614 4153 682 4207 8.-
710 4153 757 4207 lib.
777 4155 793 4207 5
813 4153 856 4208 tit.
879 4154 910 4209 16
938 4154 984 4221 (de
1012 4152 1099 4206 adult.
1119 4155 1148 4206 et
1178 4154 1286 4220 stupro)

105 4237 162 4296 oid.
173 4238 376 4311 διαμαρτήσεις]
387 4238 492 4293 Auctor
502 4238 599 4293 Sirach
612 4239 635 4305 7,
649 4241 683 4294 36
711 4258 732 4294 c.
748 4243 771 4295 3.
809 4241 919 4295 Similia
933 4240 1036 4309 ubique
1049 4239 1238 4301 inveniuntur,
1256 4237 1287 4291 in

105 4328 173 4378 ante
192 4324 288 4378 oculos
307 4323 442 4378 habuisse
458 4323 578 4379 videtur.
711 4327 896 4396 scriptoribus
914 4326 1051 4396 profanis,
1070 4327 1101 4380 in
1118 4323 1286 4387 Canonibus‚

140 4414 165 4465 4.
184 4417 284 4483 πιστὴν
302 4410 421 4484 ἐνκυρ]
440 4411 681 4478 cr.lcor.4,17;
710 4414 739 4468 in
757 4414 897 4468 Patribus.
934 4412 976 4468 cf.
997 4412 1086 4468 Cotel.
1107 4411 1188 4466 adh.
1208 4414 1225 4465 l.

104 4499 176 4568 Eph.
197 4500 219 4563 1,
241 4504 263 4554 l.
745 4501 769 4554 6.
789 4499 835 4573 ἐφ’
852 4499 873 4558 ἑ.
892 4499 1010 4572 μενέτω]
1030 4498 1180 4553 Rationem
1198 4498 1286 4552 habes

140 4588 164 4640 5.
185 4585 233 4643 ἐὰν
252 4586 281 4643 a
300 4594 357 4661 γνῷ
369 4585 439 4655 κτλ]
460 4585 571 4640 Citatur
584 4586 630 4641 hic
643 4587 683 4642 lo·
710 4605 734 4641 v.
748 4588 771 4642 8.
800 4619 834 4628 —
861 4585 910 4644 ἐὰν
927 4585 956 4644 δὲ
974 4585 1115 4653 ἀπολύσας
1131 4586 1201 4656 κτλ]
1222 4585 1286 4639 Vin·

104 4689 154 4726 cus
174 4690 192 4727 a
209 4674 294 4729 Petro
313 4670 473 4729 lombardo
494 4671 541 4725 lib.
560 4670 598 4726 IV
617 4673 683 4729 Sen-
711 4675 804 4730 culum
816 4671 989 4728 matrimonii
999 4690 1067 4743 ergo
1080 4672 1219 4727 adulterio
1229 4689 1287 4726 non
