2834 5018
380 659 513 716 PAPIAF
531 659 759 716 FRAGMENTA
776 659 934 715 XIX-XX
1181 665 1245 729 375

65 836 225 920 ἱστορικοί,
248 836 320 900 κατ’
343 836 444 901 ἐκεῖνο
466 848 576 920 καιροῦ
599 838 645 900 αἱ·
672 840 733 905 isto
749 844 890 923 tempore
912 838 1094 903 haeresibus
1110 838 1246 922 gliscen-

64 941 183 1025 ρὲσεων
207 943 404 1024 ἀναφυεισῶν
436 942 544 1006 δεινῶν
568 942 645 1026 ὑπη-
672 945 757 1010 tibus
788 943 986 1028 evangelium
1011 943 1165 1027 discipulo
1188 966 1246 1009 suo

63 1048 197 1131 γὸρευσε
226 1049 261 1110 τὸ
293 1045 475 1132 εὐαγγέλιον
507 1054 551 1130 τῷ
574 1046 645 1109 ἑαυ·
672 1050 790 1133 Papiae
801 1049 934 1113 honesto
946 1047 1166 1131 Hierapolitae
1178 1048 1244 1113 dic·

65 1163 122 1214 τοῦ
155 1155 285 1237 μαθητῇ
307 1150 415 1236 Παπίᾳ
448 1150 577 1236 εὐβιότῳ
601 1158 644 1233 τῷ
670 1155 766 1231 tavit,
801 1158 838 1217 ut
865 1155 919 1231 iis,
955 1154 1009 1239 qui
1038 1157 1111 1217 ante
1139 1154 1244 1238 ipsum

66 1255 281 1341 Ἱεραπολίτῃ,
314 1257 389 1339 πρὸς
425 1253 644 1337 ἀναπλήρωσιν
671 1258 818 1342 gentibus
844 1280 901 1343 per
928 1259 1109 1322 universum
1135 1259 1271 1323 orbema

66 1370 130 1424 τῶν
153 1362 212 1444 πρὸ
245 1363 340 1425 αὐτοῦ
369 1359 568 1445 κηρυξάντων
591 1361 644 1423 τὸν
670 1362 936 1445 praedicaverant,
952 1361 1174 1446 supplemento
1189 1383 1244 1425 ex·

65 1465 162 1549 λόγον
185 1475 248 1541 τοῖς
264 1467 324 1528 ἀνὰ
346 1474 450 1528 πᾶσαν
466 1466 521 1548 τὴν
544 1464 645 1527 οἰκον·
671 1467 803 1531 sisteret.

65 1568 162 1654 μένην
185 1570 322 1636 ἔθνεσιν.

261 1689 313 1759 [nx
343 1690 452 1744 Catena
479 1689 596 1742 Patrum
624 1704 717 1757 graec
746 1688 776 1741 in
795 1688 821 1742 S.
839 1688 972 1743 Ioannem
990 1707 1024 1744 ex
1048 1689 1246 1758 antiquissimo

225 1793 327 1847 graeco
338 1776 435 1829 codice
454 1793 503 1828 ms.
515 1776 544 1828 in
558 1775 650 1829 lucem
660 1775 738 1830 edita
751 1777 808 1830 aB.
819 1776 962 1831 Corderio.
973 1778 1146 1847 Antverpiae
1159 1777 1244 1846 1630]

620 1937 689 2001 XX.
798 1960 803 1969 ·

154 2079 198 2143 Et
221 2101 292 2143 cum
314 2077 399 2142 fores
423 2077 549 2141 clausae
571 2081 685 2152 essent,
709 2076 858 2161 apparuit
879 2076 1023 2140 undecim
1055 2074 1243 2160 (discipulis)
1260 2096 1284 2132 ιο

66 2189 98 2249 et
121 2184 203 2259 aliis,
229 2183 283 2267 qui
306 2203 377 2246 cum
400 2183 445 2247 eis
468 2185 567 2246 erant.
614 2180 810 2258 Alconem,
843 2203 938 2266 quam
962 2180 1122 2258 ferebant,
1146 2181 1246 2245 mixta

66 2294 143 2365 erat,
167 2291 204 2351 ut
227 2288 349 2365 dicitur,
375 2287 506 2351 dimidia
527 2290 618 2369 parte
642 2308 680 2350 ex
702 2285 781 2363 olea,
807 2284 937 2349 dimidia
959 2307 997 2348 ex
1019 2284 1123 2348 melle.
1169 2284 1244 2350 Cer-

64 2397 134 2457 tum
157 2396 206 2456 est
229 2396 352 2468 autem,
385 2391 476 2455 aloen
499 2392 637 2474 speciem
661 2390 741 2456 turis
764 2411 841 2468 esse,
866 2391 946 2454 sicut
968 2390 1104 2455 refertur
1127 2412 1146 2453 a
1167 2411 1244 2475 geo·

66 2496 191 2581 grapho
214 2500 246 2559 et
268 2495 387 2579 Papia,
423 2497 507 2581 quod
545 2494 622 2578 (vel:
646 2493 795 2580 namque)
820 2498 895 2559 sunt
926 2494 1104 2576 quindecim
1126 2494 1245 2577 species

65 2600 153 2665 aloes
175 2601 208 2665 in
230 2600 329 2677 India,
353 2605 385 2664 et
408 2604 560 2685 quattuor
582 2621 690 2664 earum
705 2604 780 2664 sunt
803 2600 923 2684 species
937 2599 1110 2684 pretiosae:
1134 2597 1243 2676 Nilne,
1260 2616 1285 2653 1⁶

66 2704 287 2780 Andrataratz,
313 2705 468 2780 lerravor‚
493 2704 701 2779 Dzalrotkem
724 2705 807 2769 unde
831 2709 900 2769 erat
921 2704 962 2781 id,
987 2705 1070 2789 quod
1092 2704 1246 2788 Iosephus

66 2814 98 2874 et
121 2809 314 2875 Nicodemus
337 2811 376 2873 ad
398 2810 595 2893 sepulturam
619 2809 754 2885 dabant;
778 2810 894 2874 etenim
917 2810 1028 2874 divites
1051 2814 1150 2874 erant.

259 2925 311 2996 [Ex
330 2926 524 2980 solutionibus
551 2927 582 2979 in
600 2925 637 2979 lV
655 2926 762 2996 Evang.
789 2925 916 2980 Vardani
934 2925 1091 2996 Vardapeti
1116 2926 1245 2982 Armenii

224 3029 295 3066 saec.
315 3011 366 3065 XII
384 3013 427 3067 ed.
447 3014 611 3084 Oonybeare
629 3015 659 3068 in
679 3015 826 3070 &cardian
846 3014 913 3068 1894
931 3013 976 3069 die
996 3013 1036 3068 18.
1056 3013 1142 3084 Iulii]

66 3133 268 3204 Fragmentum
281 3133 412 3205 legitur'
404 3154 434 3189 ιιι
445 3137 599 3206 prooemio,
612 3135 641 3189 in
704 3135 763 3188 XX.
792 3135 938 3205 Scriptura
971 3134 1096 3189 Vardani
1129 3136 1247 3189 laudata

66 3220 278 3289 quoCyrillnm(
268 3222 643 3294 (Alexandrinum)etTheo·
669 3222 760 3277 tradit
748 3226 795 3276 tur
812 3223 909 3277 ecdico
928 3225 959 3277 51
980 3222 1028 3276 fol.
1049 3221 1245 3277 3claustriS.

66 3307 167 3362 dorum
190 3309 419 3379 Mopsvestenum
441 3311 522 3365 testis
548 3311 643 3381 anepi-
670 3309 770 3363 Lazari
789 3309 865 3379 apud
877 3308 1013 3363 Venetiae
1032 3308 1087 3361 siti
1126 3309 1225 3362 Zahn
1217 3328 1246 3363 ιιι

65 3396 192 3465 graphus
219 3399 364 3466 sequitur,
398 3399 463 3464 qui,
490 3402 658 3497 postquami
670 3396 858 3466 Eeraler'taap
847 3414 878 3450 m
895 3398 946 3451 dus
963 3396 1001 3450 N.
1022 3397 1050 3449 T.
1070 3395 1113 3449 ed
1133 3396 1159 3449 Π
1179 3397 1245 3452 1900

66 3483 152 3546 dixit,
178 3483 306 3553 singulos
325 3485 513 3555 evangelistas
532 3483 642 3554 supple
655 3454 703 3543 ΙΙΙ,
722 3484 774 3536 460
793 3482 989 3552 particulam
981 3500 1011 3536 m
1035 3482 1164 3552 linguam
1184 3500 1245 3552 ger·

64 3571 149 3634 visse,
163 3587 237 3638 quae
250 3572 511 3640 apraeeedentrbus
519 3576 642 3640 praeter
670 3570 810 3623 manicam
829 3569 987 3631 transtulit,
1013 3585 1065 3638 ego
1092 3569 1246 3622 secundum

64 3658 155 3711 missa
182 3661 290 3721 essent,
320 3657 370 3712 illa
395 3658 483 3712 verba
510 3658 643 3712 additae
670 3656 729 3709 eius
759 3656 917 3710 versionem
944 3656 974 3708 in
1001 3671 1157 3709 sermonem
1182 3654 1245 3710 lati·

64 3745 167 3799 deinde
187 3745 310 3813 exponit,
329 3762 402 3815 qnae
420 3746 538 3799 loannes
552 3744 641 3798 Evan·
670 3760 743 3797 num.
792 3743 977 3812 Geographus
1011 3746 1246 3797 commemoratus

64 3830 149 3903 gellis
168 3831 310 3900 prioribus
330 3832 441 3886 adiecit.
460 3863 496 3872 -
513 3831 639 3908 εὐβιότῳ]
671 3832 714 3883 est
731 3830 823 3884 Moses
842 3827 1035 3891 Chorenensis,
1056 3829 1154 3896 quiin
1176 3830 1245 3883 Geo-

66 3917 163 3974 Codex
182 3918 317 3974 habuisse
335 3920 447 3974 videtur
463 3918 594 3995 εὐβιώτῳ,
614 3922 643 3973 et
671 3917 791 3986 graphia
809 3934 830 3970 e.
844 3918 876 3970 41
897 3916 931 3970 de
945 3917 1081 3984 quattuor
1099 3915 1246 3985 speciebus

65 4005 217 4061 Corderius
231 4006 362 4082 Εὐβιώτῳ
375 4007 472 4071 edidit,
482 4024 580 4061 vocem
595 4025 643 4061 no·
671 4003 747 4057 aloes
780 4004 912 4069 loquitur.
958 4003 1001 4056 Ad
1029 4003 1147 4071 Papiam
1175 4001 1246 4055 nihil

64 4109 130 4146 men
145 4093 348 4162 appellativum
367 4094 481 4147 habens.
514 4093 643 4148 Fortasse
670 4091 848 4145 reserandum
867 4106 928 4144 esse
941 4088 1053 4143 videtur
1062 4089 1117 4143 nisi
1130 4090 1243 4152 dictum,

63 4179 218 4250 legendum
237 4182 287 4242 est,
307 4184 339 4235 ut
357 4179 505 4248 Lightfoot
517 4180 643 4242 coniecit,
671 4177 754 4233 aloen
774 4177 896 4246 speciem
914 4176 985 4229 turis
1005 4191 1074 4229 asse.
1112 4176 1152 4230 cf.
1167 4177 1243 4230 Zahn

63 4269 208 4344 συμβιότῳ
226 4265 271 4321 vel
290 4271 438 4339 συμβιωτῇ.
671 4265 689 4318 l.
709 4282 732 4317 c.
