<?xml version="1.0" encoding="UTF-8"?>
<!DOCTYPE html PUBLIC "-//W3C//DTD XHTML 1.0 Transitional//EN"
    "http://www.w3.org/TR/xhtml1/DTD/xhtml1-transitional.dtd">
<html xmlns="http://www.w3.org/1999/xhtml" xml:lang="en" lang="en">
 <head>
  <title>
</title>
<meta http-equiv="Content-Type" content="text/html;charset=utf-8" />
  <meta name='ocr-system' content='tesseract 3.04.00' />
  <meta name='ocr-capabilities' content='ocr_page ocr_carea ocr_par ocr_line ocrx_word'/>
</head>
<body>
  <div class='ocr_page' id='page_1' title='image "./patresapostolic00piongoog_0084.png"; bbox 0 0 2834 5018; ppageno 0'>
   <div class='ocr_carea' id='block_1_1' title="bbox 454 590 1245 666">
    <p class='ocr_par' dir='ltr' id='par_1_1' title="bbox 454 590 1245 666">
     <span class='ocr_line' id='line_1_1' title="bbox 454 590 1245 666; baseline 0.03 -22"><span class='ocrx_word' id='word_1_1' title='bbox 454 590 479 644; x_wconf 88' lang='lat' dir='ltr'><strong>S.</strong></span> <span class='ocrx_word' id='word_1_2' title='bbox 498 590 640 647; x_wconf 81' lang='lat' dir='ltr'><strong>IGNA&#39;l&#39;II</strong></span> <span class='ocrx_word' id='word_1_3' title='bbox 656 591 865 648; x_wconf 72' lang='lat' dir='ltr'><strong>EPISTULAlt</strong></span> <span class='ocrx_word' id='word_1_4' title='bbox 1108 601 1245 666; x_wconf 82' lang='lat' dir='ltr'>LXXIII</span> 
     </span>
    </p>
   </div>
   <div class='ocr_carea' id='block_1_2' title="bbox 71 768 1246 1278">
    <p class='ocr_par' dir='ltr' id='par_1_2' title="bbox 71 768 1246 1278">
     <span class='ocr_line' id='line_1_2' title="bbox 72 768 1244 858; baseline 0.005 -24"><span class='ocrx_word' id='word_1_5' title='bbox 72 768 173 834; x_wconf 80' lang='lat' dir='ltr'><strong>atulam</strong></span> <span class='ocrx_word' id='word_1_6' title='bbox 194 768 446 854; x_wconf 86' lang='lat' dir='ltr'><strong>suppositiciam</strong></span> <span class='ocrx_word' id='word_1_7' title='bbox 468 790 537 833; x_wconf 90' lang='lat' dir='ltr'><strong>esse</strong></span> <span class='ocrx_word' id='word_1_8' title='bbox 561 768 748 847; x_wconf 78' lang='lat' dir='ltr'><strong>declaravit,</strong></span> <span class='ocrx_word' id='word_1_9' title='bbox 780 791 834 835; x_wconf 86' lang='lat' dir='ltr'><strong>sex</strong></span> <span class='ocrx_word' id='word_1_10' title='bbox 856 771 994 855; x_wconf 91' lang='lat' dir='ltr'><strong>reliquae</strong></span> <span class='ocrx_word' id='word_1_11' title='bbox 1017 775 1171 858; x_wconf 89' lang='lat' dir='ltr'><strong>genuinas</strong></span> <span class='ocrx_word' id='word_1_12' title='bbox 1193 776 1244 840; x_wconf 89' lang='lat' dir='ltr'><strong>vel</strong></span> 
     </span>
     <span class='ocr_line' id='line_1_3' title="bbox 71 873 1244 958; baseline 0.005 -21"><span class='ocrx_word' id='word_1_13' title='bbox 71 875 163 958; x_wconf 88' lang='lat' dir='ltr'><strong>potius</strong></span> <span class='ocrx_word' id='word_1_14' title='bbox 185 877 328 951; x_wconf 88' lang='lat' dir='ltr'><strong>veteres,</strong></span> <span class='ocrx_word' id='word_1_15' title='bbox 353 895 425 938; x_wconf 92' lang='lat' dir='ltr'><strong>cum</strong></span> <span class='ocrx_word' id='word_1_16' title='bbox 448 896 467 938; x_wconf 87' lang='lat' dir='ltr'><strong>a</strong></span> <span class='ocrx_word' id='word_1_17' title='bbox 488 873 662 958; x_wconf 88' lang='lat' dir='ltr'><strong>Peregrina</strong></span> <span class='ocrx_word' id='word_1_18' title='bbox 685 874 802 940; x_wconf 90' lang='lat' dir='ltr'><strong>Proteo</strong></span> <span class='ocrx_word' id='word_1_19' title='bbox 827 899 846 941; x_wconf 99' lang='lat' dir='ltr'><strong>a</strong></span> <span class='ocrx_word' id='word_1_20' title='bbox 867 876 1004 942; x_wconf 86' lang='lat' dir='ltr'><strong>Luciano</strong></span> <span class='ocrx_word' id='word_1_21' title='bbox 1028 877 1244 945; x_wconf 72' lang='lat' dir='ltr'><strong>samosatensi</strong></span> 
     </span>
     <span class='ocr_line' id='line_1_4' title="bbox 72 977 1245 1064; baseline 0.006 -22"><span class='ocrx_word' id='word_1_22' title='bbox 72 979 247 1044; x_wconf 86' lang='lat' dir='ltr'><strong>adumbrato</strong></span> <span class='ocrx_word' id='word_1_23' title='bbox 272 979 412 1063; x_wconf 77' lang='lat' dir='ltr'><strong>scriptae</strong></span> <span class='ocrx_word' id='word_1_24' title='bbox 435 981 531 1061; x_wconf 88' lang='lat' dir='ltr'><strong>atque</strong></span> <span class='ocrx_word' id='word_1_25' title='bbox 552 983 665 1062; x_wconf 89' lang='lat' dir='ltr'><strong>postea</strong></span> <span class='ocrx_word' id='word_1_26' title='bbox 687 977 790 1060; x_wconf 86' lang='lat' dir='ltr'><strong>(annis</strong></span> <span class='ocrx_word' id='word_1_27' title='bbox 815 980 1015 1064; x_wconf 80' lang='lat' dir='ltr'><strong>loo-170),</strong></span> <span class='ocrx_word' id='word_1_28' title='bbox 1040 1005 1112 1048; x_wconf 92' lang='lat' dir='ltr'><strong>cum</strong></span> <span class='ocrx_word' id='word_1_29' title='bbox 1135 988 1245 1049; x_wconf 89' lang='lat' dir='ltr'><strong>auctor</strong></span> 
     </span>
     <span class='ocr_line' id='line_1_5' title="bbox 72 1081 1246 1174; baseline 0.006 -28"><span class='ocrx_word' id='word_1_30' title='bbox 72 1084 105 1146; x_wconf 88' lang='lat' dir='ltr'><strong>ad</strong></span> <span class='ocrx_word' id='word_1_31' title='bbox 125 1081 312 1167; x_wconf 81' lang='lat' dir='ltr'><strong>Cynismum</strong></span> <span class='ocrx_word' id='word_1_32' title='bbox 335 1083 528 1159; x_wconf 68' lang='lat' dir='ltr'><strong>descivisset,</strong></span> <span class='ocrx_word' id='word_1_33' title='bbox 552 1085 611 1148; x_wconf 90' lang='lat' dir='ltr'><strong>sub</strong></span> <span class='ocrx_word' id='word_1_34' title='bbox 633 1085 760 1149; x_wconf 89' lang='lat' dir='ltr'><strong>nomine</strong></span> <span class='ocrx_word' id='word_1_35' title='bbox 782 1085 900 1171; x_wconf 88' lang='lat' dir='ltr'><strong>Ignatii</strong></span> <span class='ocrx_word' id='word_1_36' title='bbox 922 1087 1070 1173; x_wconf 81' lang='lat' dir='ltr'><strong>vulgatae</strong></span> <span class='ocrx_word' id='word_1_37' title='bbox 1092 1111 1160 1154; x_wconf 87' lang='lat' dir='ltr'><strong>esse</strong></span> <span class='ocrx_word' id='word_1_38' title='bbox 1181 1089 1246 1174; x_wconf 91' lang='lat' dir='ltr'><strong>ipsi</strong></span> 
     </span>
     <span class='ocr_line' id='line_1_6' title="bbox 71 1187 1245 1278; baseline 0.006 -28"><span class='ocrx_word' id='word_1_39' title='bbox 71 1188 253 1254; x_wconf 89' lang='lat' dir='ltr'><strong>viderentur.</strong></span> <span class='ocrx_word' id='word_1_40' title='bbox 300 1188 359 1252; x_wconf 83' lang='lat' dir='ltr'><strong>Ed.</strong></span> <span class='ocrx_word' id='word_1_41' title='bbox 384 1187 543 1253; x_wconf 87' lang='lat' dir='ltr'><strong>Bruston¹</strong></span> <span class='ocrx_word' id='word_1_42' title='bbox 569 1189 723 1272; x_wconf 88' lang='lat' dir='ltr'><strong>epistulas</strong></span> <span class='ocrx_word' id='word_1_43' title='bbox 752 1191 792 1254; x_wconf 89' lang='lat' dir='ltr'><strong>ad</strong></span> <span class='ocrx_word' id='word_1_44' title='bbox 821 1191 970 1256; x_wconf 89' lang='lat' dir='ltr'><strong>eeclesias</strong></span> <span class='ocrx_word' id='word_1_45' title='bbox 992 1191 1088 1257; x_wconf 85' lang='lat' dir='ltr'><strong>Asiae</strong></span> <span class='ocrx_word' id='word_1_46' title='bbox 1116 1192 1245 1278; x_wconf 91' lang='lat' dir='ltr'><strong>Ignatio</strong></span> 
     </span>
    </p>
   </div>
   <div class='ocr_carea' id='block_1_3' title="bbox 69 1292 1246 1986">
    <p class='ocr_par' dir='ltr' id='par_1_3' title="bbox 69 1292 1246 1986">
     <span class='ocr_line' id='line_1_7' title="bbox 71 1292 1245 1380; baseline 0.003 -24"><span class='ocrx_word' id='word_1_47' title='bbox 71 1293 191 1377; x_wconf 88' lang='lat' dir='ltr'><strong>quidem</strong></span> <span class='ocrx_word' id='word_1_48' title='bbox 213 1292 364 1369; x_wconf 85' lang='lat' dir='ltr'><strong>restituit,</strong></span> <span class='ocrx_word' id='word_1_49' title='bbox 389 1292 560 1376; x_wconf 83' lang='lat' dir='ltr'><strong>epistulam</strong></span> <span class='ocrx_word' id='word_1_50' title='bbox 584 1294 624 1357; x_wconf 89' lang='lat' dir='ltr'><strong>ad</strong></span> <span class='ocrx_word' id='word_1_51' title='bbox 646 1294 807 1359; x_wconf 84' lang='lat' dir='ltr'><strong>Romanos</strong></span> <span class='ocrx_word' id='word_1_52' title='bbox 828 1317 902 1360; x_wconf 92' lang='lat' dir='ltr'><strong>vero</strong></span> <span class='ocrx_word' id='word_1_53' title='bbox 926 1319 945 1360; x_wconf 88' lang='lat' dir='ltr'><strong>a</strong></span> <span class='ocrx_word' id='word_1_54' title='bbox 966 1298 1156 1380; x_wconf 86' lang='lat' dir='ltr'><strong>posteriore,</strong></span> <span class='ocrx_word' id='word_1_55' title='bbox 1181 1318 1245 1361; x_wconf 90' lang='lat' dir='ltr'><strong>non</strong></span> 
     </span>
     <span class='ocr_line' id='line_1_8' title="bbox 71 1397 1245 1466; baseline 0.002 -4"><span class='ocrx_word' id='word_1_56' title='bbox 71 1403 135 1463; x_wconf 83' lang='lat' dir='ltr'><strong>ante</strong></span> <span class='ocrx_word' id='word_1_57' title='bbox 163 1398 262 1462; x_wconf 87' lang='lat' dir='ltr'><strong>finem</strong></span> <span class='ocrx_word' id='word_1_58' title='bbox 294 1397 412 1462; x_wconf 84' lang='lat' dir='ltr'><strong>saeculi</strong></span> <span class='ocrx_word' id='word_1_59' title='bbox 433 1397 465 1461; x_wconf 92' lang='grc' dir='ltr'>Π</span> <span class='ocrx_word' id='word_1_60' title='bbox 488 1399 656 1463; x_wconf 88' lang='lat' dir='ltr'><strong>confictam</strong></span> <span class='ocrx_word' id='word_1_61' title='bbox 685 1421 753 1463; x_wconf 91' lang='lat' dir='ltr'><strong>esse</strong></span> <span class='ocrx_word' id='word_1_62' title='bbox 782 1401 884 1464; x_wconf 91' lang='lat' dir='ltr'><strong>denuo</strong></span> <span class='ocrx_word' id='word_1_63' title='bbox 916 1403 1085 1466; x_wconf 90' lang='lat' dir='ltr'><strong>contendit.</strong></span> <span class='ocrx_word' id='word_1_64' title='bbox 1132 1401 1245 1466; x_wconf 89' lang='lat' dir='ltr'><strong>Altera</strong></span> 
     </span>
     <span class='ocr_line' id='line_1_9' title="bbox 71 1501 1246 1589; baseline 0.004 -23"><span class='ocrx_word' id='word_1_65' title='bbox 71 1524 104 1566; x_wconf 84' lang='lat' dir='ltr'><strong>ex</strong></span> <span class='ocrx_word' id='word_1_66' title='bbox 132 1507 226 1588; x_wconf 91' lang='lat' dir='ltr'><strong>parte</strong></span> <span class='ocrx_word' id='word_1_67' title='bbox 258 1501 299 1567; x_wconf 78' lang='grc' dir='ltr'><strong>Α,</strong></span> <span class='ocrx_word' id='word_1_68' title='bbox 324 1501 438 1568; x_wconf 75' lang='lat' dir='ltr'><strong>srah1²</strong></span> <span class='ocrx_word' id='word_1_69' title='bbox 471 1503 712 1582; x_wconf 84' lang='lat' dir='ltr'><strong>demonstravit,</strong></span> <span class='ocrx_word' id='word_1_70' title='bbox 746 1505 836 1570; x_wconf 88' lang='lat' dir='ltr'><strong>illam</strong></span> <span class='ocrx_word' id='word_1_71' title='bbox 867 1506 1035 1589; x_wconf 87' lang='lat' dir='ltr'><strong>epistulam</strong></span> <span class='ocrx_word' id='word_1_72' title='bbox 1066 1528 1130 1571; x_wconf 93' lang='lat' dir='ltr'><strong>non</strong></span> <span class='ocrx_word' id='word_1_73' title='bbox 1155 1507 1246 1571; x_wconf 89' lang='lat' dir='ltr'><strong>itaa</strong></span> 
     </span>
     <span class='ocr_line' id='line_1_10' title="bbox 69 1606 1246 1693; baseline 0.005 -23"><span class='ocrx_word' id='word_1_74' title='bbox 69 1607 196 1692; x_wconf 87' lang='lat' dir='ltr'><strong>reliquis</strong></span> <span class='ocrx_word' id='word_1_75' title='bbox 220 1608 395 1683; x_wconf 78' lang='lat' dir='ltr'><strong>discedere,</strong></span> <span class='ocrx_word' id='word_1_76' title='bbox 429 1612 465 1671; x_wconf 96' lang='lat' dir='ltr'><strong>ut</strong></span> <span class='ocrx_word' id='word_1_77' title='bbox 488 1606 544 1671; x_wconf 88' lang='lat' dir='ltr'><strong>alii</strong></span> <span class='ocrx_word' id='word_1_78' title='bbox 567 1609 688 1673; x_wconf 88' lang='lat' dir='ltr'><strong>auctori</strong></span> <span class='ocrx_word' id='word_1_79' title='bbox 712 1613 807 1693; x_wconf 88' lang='lat' dir='ltr'><strong>atque</strong></span> <span class='ocrx_word' id='word_1_80' title='bbox 829 1608 890 1674; x_wconf 91' lang='lat' dir='ltr'><strong>hae</strong></span> <span class='ocrx_word' id='word_1_81' title='bbox 914 1611 1116 1676; x_wconf 88' lang='lat' dir='ltr'><strong>attribuenda</strong></span> <span class='ocrx_word' id='word_1_82' title='bbox 1138 1611 1188 1689; x_wconf 85' lang='lat' dir='ltr'><strong>sit,</strong></span> <span class='ocrx_word' id='word_1_83' title='bbox 1213 1615 1246 1675; x_wconf 89' lang='lat' dir='ltr'><strong>et</strong></span> 
     </span>
     <span class='ocr_line' id='line_1_11' title="bbox 69 1711 1244 1801; baseline 0.005 -27"><span class='ocrx_word' id='word_1_84' title='bbox 69 1712 131 1776; x_wconf 88' lang='lat' dir='ltr'><strong>iure</strong></span> <span class='ocrx_word' id='word_1_85' title='bbox 154 1733 225 1776; x_wconf 86' lang='lat' dir='ltr'><strong>cam</strong></span> <span class='ocrx_word' id='word_1_86' title='bbox 256 1712 298 1776; x_wconf 89' lang='lat' dir='ltr'><strong>ab</strong></span> <span class='ocrx_word' id='word_1_87' title='bbox 321 1711 449 1795; x_wconf 88' lang='lat' dir='ltr'><strong>Ignatio</strong></span> <span class='ocrx_word' id='word_1_88' title='bbox 481 1712 636 1796; x_wconf 86' lang='lat' dir='ltr'><strong>scriptam</strong></span> <span class='ocrx_word' id='word_1_89' title='bbox 665 1712 784 1778; x_wconf 88' lang='lat' dir='ltr'><strong>haberi.</strong></span> <span class='ocrx_word' id='word_1_90' title='bbox 830 1713 954 1778; x_wconf 86' lang='lat' dir='ltr'><strong>Revera</strong></span> <span class='ocrx_word' id='word_1_91' title='bbox 983 1715 1017 1779; x_wconf 92' lang='lat' dir='ltr'><strong>id</strong></span> <span class='ocrx_word' id='word_1_92' title='bbox 1046 1717 1149 1780; x_wconf 89' lang='lat' dir='ltr'><strong>solum</strong></span> <span class='ocrx_word' id='word_1_93' title='bbox 1172 1717 1244 1801; x_wconf 87' lang='lat' dir='ltr'><strong>agi·</strong></span> 
     </span>
     <span class='ocr_line' id='line_1_12' title="bbox 70 1817 1246 1904; baseline 0.003 -23"><span class='ocrx_word' id='word_1_94' title='bbox 70 1822 132 1894; x_wconf 88' lang='lat' dir='ltr'><strong>tur,</strong></span> <span class='ocrx_word' id='word_1_95' title='bbox 170 1839 248 1881; x_wconf 91' lang='lat' dir='ltr'><strong>num</strong></span> <span class='ocrx_word' id='word_1_96' title='bbox 283 1817 439 1902; x_wconf 87' lang='lat' dir='ltr'><strong>epistulae</strong></span> <span class='ocrx_word' id='word_1_97' title='bbox 474 1823 597 1901; x_wconf 89' lang='lat' dir='ltr'><strong>septem</strong></span> <span class='ocrx_word' id='word_1_98' title='bbox 635 1819 774 1884; x_wconf 80' lang='lat' dir='ltr'><strong>Eusebio</strong></span> <span class='ocrx_word' id='word_1_99' title='bbox 812 1820 958 1903; x_wconf 89' lang='lat' dir='ltr'><strong>cognitae</strong></span> <span class='ocrx_word' id='word_1_100' title='bbox 992 1820 1148 1904; x_wconf 80' lang='lat' dir='ltr'><strong>genuinae</strong></span> <span class='ocrx_word' id='word_1_101' title='bbox 1181 1820 1246 1885; x_wconf 90' lang='lat' dir='ltr'><strong>sint</strong></span> 
     </span>
     <span class='ocr_line' id='line_1_13' title="bbox 72 1943 201 1986; baseline 0 -1"><span class='ocrx_word' id='word_1_102' title='bbox 72 1944 108 1985; x_wconf 90' lang='lat' dir='ltr'><strong>an</strong></span> <span class='ocrx_word' id='word_1_103' title='bbox 127 1943 201 1986; x_wconf 87' lang='lat' dir='ltr'><strong>non</strong></span> 
     </span>
    </p>
   </div>
   <div class='ocr_carea' id='block_1_4' title="bbox 628 2096 684 2161">
    <p class='ocr_par' dir='ltr' id='par_1_4' title="bbox 628 2096 684 2161">
     <span class='ocr_line' id='line_1_14' title="bbox 628 2096 684 2161; baseline 0 0"><span class='ocrx_word' id='word_1_104' title='bbox 628 2096 684 2161; x_wconf 93' lang='lat' dir='ltr'><strong>IV.</strong></span> 
     </span>
    </p>
   </div>
   <div class='ocr_carea' id='block_1_5' title="bbox 69 2232 1249 4095">
    <p class='ocr_par' dir='ltr' id='par_1_5' title="bbox 71 2232 1246 2531">
     <span class='ocr_line' id='line_1_15' title="bbox 153 2232 1245 2322; baseline -0.002 -23"><span class='ocrx_word' id='word_1_105' title='bbox 153 2234 332 2318; x_wconf 87' lang='lat' dir='ltr'><strong>Postquam</strong></span> <span class='ocrx_word' id='word_1_106' title='bbox 353 2232 519 2298; x_wconf 87' lang='lat' dir='ltr'><strong>historiam</strong></span> <span class='ocrx_word' id='word_1_107' title='bbox 541 2236 772 2301; x_wconf 86' lang='lat' dir='ltr'><strong>controversiae</strong></span> <span class='ocrx_word' id='word_1_108' title='bbox 795 2236 980 2322; x_wconf 89' lang='lat' dir='ltr'><strong>Ignatianae</strong></span> <span class='ocrx_word' id='word_1_109' title='bbox 1001 2234 1112 2320; x_wconf 86' lang='lat' dir='ltr'><strong>paucis</strong></span> <span class='ocrx_word' id='word_1_110' title='bbox 1134 2234 1245 2298; x_wconf 87' lang='lat' dir='ltr'><strong>adum·</strong></span> 
     </span>
     <span class='ocr_line' id='line_1_16' title="bbox 71 2338 1246 2425; baseline -0.001 -23"><span class='ocrx_word' id='word_1_111' title='bbox 71 2338 245 2416; x_wconf 89' lang='lat' dir='ltr'><strong>bravimus,</strong></span> <span class='ocrx_word' id='word_1_112' title='bbox 279 2341 396 2414; x_wconf 87' lang='lat' dir='ltr'><strong>restat,</strong></span> <span class='ocrx_word' id='word_1_113' title='bbox 428 2341 465 2401; x_wconf 87' lang='lat' dir='ltr'><strong>ut</strong></span> <span class='ocrx_word' id='word_1_114' title='bbox 488 2343 675 2422; x_wconf 88' lang='lat' dir='ltr'><strong>argumenta</strong></span> <span class='ocrx_word' id='word_1_115' title='bbox 695 2342 866 2425; x_wconf 91' lang='lat' dir='ltr'><strong>praecipua</strong></span> <span class='ocrx_word' id='word_1_116' title='bbox 889 2342 1135 2416; x_wconf 88' lang='lat' dir='ltr'><strong>consideremus,</strong></span> <span class='ocrx_word' id='word_1_117' title='bbox 1166 2359 1246 2421; x_wconf 90' lang='lat' dir='ltr'><strong>quae</strong></span> 
     </span>
     <span class='ocr_line' id='line_1_17' title="bbox 72 2442 1199 2531; baseline -0.002 -23"><span class='ocrx_word' id='word_1_118' title='bbox 72 2442 184 2528; x_wconf 85' lang='lat' dir='ltr'><strong>Ignatii</strong></span> <span class='ocrx_word' id='word_1_119' title='bbox 208 2443 381 2508; x_wconf 89' lang='lat' dir='ltr'><strong>adversarii</strong></span> <span class='ocrx_word' id='word_1_120' title='bbox 405 2446 516 2507; x_wconf 88' lang='lat' dir='ltr'><strong>contra</strong></span> <span class='ocrx_word' id='word_1_121' title='bbox 538 2443 748 2526; x_wconf 86' lang='lat' dir='ltr'><strong>epistularum</strong></span> <span class='ocrx_word' id='word_1_122' title='bbox 771 2445 969 2511; x_wconf 84' lang='lat' dir='ltr'><strong>authentiam</strong></span> <span class='ocrx_word' id='word_1_123' title='bbox 989 2445 1199 2531; x_wconf 81' lang='lat' dir='ltr'><strong>protulervmt.</strong></span> 
     </span>
    </p>

    <p class='ocr_par' dir='ltr' id='par_1_6' title="bbox 69 2547 1249 4095">
     <span class='ocr_line' id='line_1_18' title="bbox 153 2547 1244 2637; baseline -0.002 -24"><span class='ocrx_word' id='word_1_124' title='bbox 153 2549 275 2613; x_wconf 90' lang='lat' dir='ltr'><strong>Dicunt</strong></span> <span class='ocrx_word' id='word_1_125' title='bbox 296 2547 443 2632; x_wconf 90' lang='lat' dir='ltr'><strong>primum,</strong></span> <span class='ocrx_word' id='word_1_126' title='bbox 470 2548 605 2630; x_wconf 82' lang='lat' dir='ltr'><strong>quaeda</strong></span> <span class='ocrx_word' id='word_1_127' title='bbox 627 2549 743 2614; x_wconf 85' lang='lat' dir='ltr'><strong>iudicio</strong></span> <span class='ocrx_word' id='word_1_128' title='bbox 760 2554 791 2613; x_wconf 96' lang='lat' dir='ltr'><strong>et</strong></span> <span class='ocrx_word' id='word_1_129' title='bbox 812 2555 914 2616; x_wconf 90' lang='lat' dir='ltr'><strong>morte</strong></span> <span class='ocrx_word' id='word_1_130' title='bbox 928 2551 1047 2637; x_wconf 88' lang='lat' dir='ltr'><strong>Ignatii</strong></span> <span class='ocrx_word' id='word_1_131' title='bbox 1068 2553 1244 2626; x_wconf 87' lang='lat' dir='ltr'><strong>narrentur,</strong></span> 
     </span>
     <span class='ocr_line' id='line_1_19' title="bbox 71 2652 1244 2736; baseline -0.002 -18"><span class='ocrx_word' id='word_1_132' title='bbox 71 2675 105 2718; x_wconf 86' lang='lat' dir='ltr'><strong>ea</strong></span> <span class='ocrx_word' id='word_1_133' title='bbox 126 2654 167 2718; x_wconf 85' lang='lat' dir='ltr'><strong>ad</strong></span> <span class='ocrx_word' id='word_1_134' title='bbox 182 2653 313 2718; x_wconf 79' lang='lat' dir='ltr'><strong>Traiani</strong></span> <span class='ocrx_word' id='word_1_135' title='bbox 334 2652 502 2735; x_wconf 90' lang='lat' dir='ltr'><strong>imperium</strong></span> <span class='ocrx_word' id='word_1_136' title='bbox 524 2652 618 2736; x_wconf 87' lang='lat' dir='ltr'><strong>plane</strong></span> <span class='ocrx_word' id='word_1_137' title='bbox 633 2675 697 2718; x_wconf 89' lang='lat' dir='ltr'><strong>non</strong></span> <span class='ocrx_word' id='word_1_138' title='bbox 719 2655 884 2719; x_wconf 86' lang='lat' dir='ltr'><strong>referenda</strong></span> <span class='ocrx_word' id='word_1_139' title='bbox 902 2677 960 2719; x_wconf 89' lang='lat' dir='ltr'><strong>nec</strong></span> <span class='ocrx_word' id='word_1_140' title='bbox 983 2653 1151 2719; x_wconf 90' lang='lat' dir='ltr'><strong>verisimile</strong></span> <span class='ocrx_word' id='word_1_141' title='bbox 1166 2672 1244 2729; x_wconf 85' lang='lat' dir='ltr'><strong>ease,</strong></span> 
     </span>
     <span class='ocr_line' id='line_1_20' title="bbox 69 2754 1245 2844; baseline -0.002 -23"><span class='ocrx_word' id='word_1_142' title='bbox 69 2757 300 2842; x_wconf 85' lang='lat' dir='ltr'><strong>imperatorem,</strong></span> <span class='ocrx_word' id='word_1_143' title='bbox 318 2757 373 2841; x_wconf 91' lang='lat' dir='ltr'><strong>qui</strong></span> <span class='ocrx_word' id='word_1_144' title='bbox 388 2754 492 2820; x_wconf 90' lang='lat' dir='ltr'><strong>Plinio</strong></span> <span class='ocrx_word' id='word_1_145' title='bbox 507 2756 678 2840; x_wconf 84' lang='lat' dir='ltr'><strong>scripserit,</strong></span> <span class='ocrx_word' id='word_1_146' title='bbox 692 2755 887 2824; x_wconf 84' lang='lat' dir='ltr'><strong>Christianos</strong></span> <span class='ocrx_word' id='word_1_147' title='bbox 903 2759 1039 2844; x_wconf 89' lang='lat' dir='ltr'><strong>quidem,</strong></span> <span class='ocrx_word' id='word_1_148' title='bbox 1056 2759 1084 2822; x_wconf 89' lang='lat' dir='ltr'><strong>si</strong></span> <span class='ocrx_word' id='word_1_149' title='bbox 1099 2757 1245 2822; x_wconf 85' lang='lat' dir='ltr'><strong>deferan-</strong></span> 
     </span>
     <span class='ocr_line' id='line_1_21' title="bbox 69 2860 1245 2947; baseline -0.003 -20"><span class='ocrx_word' id='word_1_150' title='bbox 69 2867 119 2927; x_wconf 85' lang='lat' dir='ltr'><strong>tur</strong></span> <span class='ocrx_word' id='word_1_151' title='bbox 140 2868 173 2927; x_wconf 90' lang='lat' dir='ltr'><strong>et</strong></span> <span class='ocrx_word' id='word_1_152' title='bbox 188 2865 374 2947; x_wconf 85' lang='lat' dir='ltr'><strong>arguantur,</strong></span> <span class='ocrx_word' id='word_1_153' title='bbox 397 2861 583 2943; x_wconf 85' lang='lat' dir='ltr'><strong>puniendos,</strong></span> <span class='ocrx_word' id='word_1_154' title='bbox 600 2862 829 2945; x_wconf 87' lang='lat' dir='ltr'><strong>conquirendos</strong></span> <span class='ocrx_word' id='word_1_155' title='bbox 851 2884 926 2928; x_wconf 92' lang='lat' dir='ltr'><strong>vero</strong></span> <span class='ocrx_word' id='word_1_156' title='bbox 941 2885 1005 2927; x_wconf 91' lang='lat' dir='ltr'><strong>non</strong></span> <span class='ocrx_word' id='word_1_157' title='bbox 1020 2883 1097 2940; x_wconf 84' lang='lat' dir='ltr'><strong>esee,</strong></span> <span class='ocrx_word' id='word_1_158' title='bbox 1123 2860 1245 2944; x_wconf 90' lang='lat' dir='ltr'><strong>episco-</strong></span> 
     </span>
     <span class='ocr_line' id='line_1_22' title="bbox 69 2956 1246 3051; baseline -0.003 -20"><span class='ocrx_word' id='word_1_159' title='bbox 69 2989 144 3051; x_wconf 92' lang='lat' dir='ltr'><strong>pum</strong></span> <span class='ocrx_word' id='word_1_160' title='bbox 165 2967 441 3033; x_wconf 83' lang='lat' dir='ltr'><strong>Antiochenomm</strong></span> <span class='ocrx_word' id='word_1_161' title='bbox 471 2956 713 3043; x_wconf 86' lang='lat' dir='ltr'><strong>condemriasse,</strong></span> <span class='ocrx_word' id='word_1_162' title='bbox 744 2972 781 3031; x_wconf 91' lang='lat' dir='ltr'><strong>ut</strong></span> <span class='ocrx_word' id='word_1_163' title='bbox 803 2969 912 3033; x_wconf 89' lang='lat' dir='ltr'><strong>bestiis</strong></span> <span class='ocrx_word' id='word_1_164' title='bbox 945 2968 1124 3033; x_wconf 90' lang='lat' dir='ltr'><strong>obiceretur</strong></span> <span class='ocrx_word' id='word_1_165' title='bbox 1151 2965 1246 3049; x_wconf 88' lang='lat' dir='ltr'><strong>idque</strong></span> 
     </span>
     <span class='ocr_line' id='line_1_23' title="bbox 70 3069 1244 3155; baseline -0.005 -18"><span class='ocrx_word' id='word_1_166' title='bbox 70 3072 203 3148; x_wconf 85' lang='lat' dir='ltr'><strong>Romae,</strong></span> <span class='ocrx_word' id='word_1_167' title='bbox 234 3075 407 3155; x_wconf 84' lang='lat' dir='ltr'><strong>postquam</strong></span> <span class='ocrx_word' id='word_1_168' title='bbox 429 3070 463 3133; x_wconf 93' lang='lat' dir='ltr'><strong>in</strong></span> <span class='ocrx_word' id='word_1_169' title='bbox 493 3069 606 3133; x_wconf 89' lang='lat' dir='ltr'><strong>itinere</strong></span> <span class='ocrx_word' id='word_1_170' title='bbox 637 3070 818 3136; x_wconf 87' lang='lat' dir='ltr'><strong>innumeros</strong></span> <span class='ocrx_word' id='word_1_171' title='bbox 849 3073 1006 3137; x_wconf 89' lang='lat' dir='ltr'><strong>cruciatus</strong></span> <span class='ocrx_word' id='word_1_172' title='bbox 1036 3070 1244 3136; x_wconf 86' lang='lat' dir='ltr'><strong>sustinuisset.</strong></span> 
     </span>
     <span class='ocr_line' id='line_1_24' title="bbox 70 3171 1246 3260; baseline -0.004 -19"><span class='ocrx_word' id='word_1_173' title='bbox 70 3176 119 3241; x_wconf 80' lang='lat' dir='ltr'><strong>Ad</strong></span> <span class='ocrx_word' id='word_1_174' title='bbox 140 3177 261 3241; x_wconf 87' lang='lat' dir='ltr'><strong>bestias</strong></span> <span class='ocrx_word' id='word_1_175' title='bbox 284 3175 412 3260; x_wconf 89' lang='lat' dir='ltr'><strong>quidem</strong></span> <span class='ocrx_word' id='word_1_176' title='bbox 435 3171 631 3238; x_wconf 78' lang='lat' dir='ltr'><strong>Christianos</strong></span> <span class='ocrx_word' id='word_1_177' title='bbox 654 3174 763 3240; x_wconf 86' lang='lat' dir='ltr'><strong>Marco</strong></span> <span class='ocrx_word' id='word_1_178' title='bbox 786 3174 917 3240; x_wconf 91' lang='lat' dir='ltr'><strong>Aurelio</strong></span> <span class='ocrx_word' id='word_1_179' title='bbox 944 3177 1134 3260; x_wconf 91' lang='lat' dir='ltr'><strong>imperatore</strong></span> <span class='ocrx_word' id='word_1_180' title='bbox 1157 3174 1246 3236; x_wconf 88' lang='lat' dir='ltr'><strong>dam-</strong></span> 
     </span>
     <span class='ocr_line' id='line_1_25' title="bbox 70 3277 1246 3364; baseline -0.003 -19"><span class='ocrx_word' id='word_1_181' title='bbox 70 3287 169 3358; x_wconf 87' lang='lat' dir='ltr'><strong>natos,</strong></span> <span class='ocrx_word' id='word_1_182' title='bbox 194 3280 332 3345; x_wconf 88' lang='lat' dir='ltr'><strong>Romam</strong></span> <span class='ocrx_word' id='word_1_183' title='bbox 354 3299 443 3355; x_wconf 89' lang='lat' dir='ltr'><strong>vero,</strong></span> <span class='ocrx_word' id='word_1_184' title='bbox 474 3277 531 3341; x_wconf 90' lang='lat' dir='ltr'><strong>ubi</strong></span> <span class='ocrx_word' id='word_1_185' title='bbox 553 3282 687 3343; x_wconf 91' lang='lat' dir='ltr'><strong>mortem</strong></span> <span class='ocrx_word' id='word_1_186' title='bbox 709 3284 910 3363; x_wconf 89' lang='lat' dir='ltr'><strong>paterentur,</strong></span> <span class='ocrx_word' id='word_1_187' title='bbox 940 3301 1042 3364; x_wconf 90' lang='lat' dir='ltr'><strong>neque</strong></span> <span class='ocrx_word' id='word_1_188' title='bbox 1064 3283 1141 3343; x_wconf 90' lang='lat' dir='ltr'><strong>tunc</strong></span> <span class='ocrx_word' id='word_1_189' title='bbox 1164 3283 1246 3342; x_wconf 90' lang='lat' dir='ltr'><strong>tem·</strong></span> 
     </span>
     <span class='ocr_line' id='line_1_26' title="bbox 69 3381 1246 3469; baseline -0.003 -20"><span class='ocrx_word' id='word_1_190' title='bbox 69 3387 152 3469; x_wconf 90' lang='lat' dir='ltr'><strong>poris</strong></span> <span class='ocrx_word' id='word_1_191' title='bbox 174 3384 290 3449; x_wconf 87' lang='lat' dir='ltr'><strong>missos</strong></span> <span class='ocrx_word' id='word_1_192' title='bbox 313 3404 382 3447; x_wconf 86' lang='lat' dir='ltr'><strong>esse</strong></span> <span class='ocrx_word' id='word_1_193' title='bbox 404 3403 507 3467; x_wconf 90' lang='lat' dir='ltr'><strong>neque</strong></span> <span class='ocrx_word' id='word_1_194' title='bbox 530 3381 668 3447; x_wconf 87' lang='lat' dir='ltr'><strong>Traiano</strong></span> <span class='ocrx_word' id='word_1_195' title='bbox 691 3384 883 3468; x_wconf 91' lang='lat' dir='ltr'><strong>imperante,</strong></span> <span class='ocrx_word' id='word_1_196' title='bbox 915 3407 985 3450; x_wconf 89' lang='lat' dir='ltr'><strong>cum</strong></span> <span class='ocrx_word' id='word_1_197' title='bbox 1009 3383 1144 3467; x_wconf 88' lang='lat' dir='ltr'><strong>Symeon</strong></span> <span class='ocrx_word' id='word_1_198' title='bbox 1167 3382 1246 3447; x_wconf 90' lang='lat' dir='ltr'><strong>Hie·</strong></span> 
     </span>
     <span class='ocr_line' id='line_1_27' title="bbox 69 3487 1245 3573; baseline -0.002 -21"><span class='ocrx_word' id='word_1_199' title='bbox 69 3490 314 3573; x_wconf 86' lang='lat' dir='ltr'><strong>rosolymitanus</strong></span> <span class='ocrx_word' id='word_1_200' title='bbox 335 3489 369 3552; x_wconf 90' lang='lat' dir='ltr'><strong>in</strong></span> <span class='ocrx_word' id='word_1_201' title='bbox 390 3511 450 3552; x_wconf 88' lang='lat' dir='ltr'><strong>sua</strong></span> <span class='ocrx_word' id='word_1_202' title='bbox 471 3489 549 3553; x_wconf 89' lang='lat' dir='ltr'><strong>urbe</strong></span> <span class='ocrx_word' id='word_1_203' title='bbox 571 3489 760 3572; x_wconf 84' lang='lat' dir='ltr'><strong>martyrium</strong></span> <span class='ocrx_word' id='word_1_204' title='bbox 783 3488 950 3555; x_wconf 85' lang='lat' dir='ltr'><strong>subierit³.</strong></span> <span class='ocrx_word' id='word_1_205' title='bbox 997 3487 1058 3553; x_wconf 83' lang='lat' dir='ltr'><strong>Sed</strong></span> <span class='ocrx_word' id='word_1_206' title='bbox 1081 3487 1245 3571; x_wconf 89' lang='lat' dir='ltr'><strong>epistulae,</strong></span> 
     </span>
     <span class='ocr_line' id='line_1_28' title="bbox 70 3591 1246 3676; baseline -0.001 -20"><span class='ocrx_word' id='word_1_207' title='bbox 70 3599 104 3657; x_wconf 91' lang='lat' dir='ltr'><strong>nt</strong></span> <span class='ocrx_word' id='word_1_208' title='bbox 124 3595 190 3658; x_wconf 89' lang='lat' dir='ltr'><strong>iam</strong></span> <span class='ocrx_word' id='word_1_209' title='bbox 212 3594 358 3668; x_wconf 86' lang='lat' dir='ltr'><strong>vidimus,</strong></span> <span class='ocrx_word' id='word_1_210' title='bbox 380 3613 445 3656; x_wconf 92' lang='lat' dir='ltr'><strong>non</strong></span> <span class='ocrx_word' id='word_1_211' title='bbox 459 3595 586 3656; x_wconf 86' lang='lat' dir='ltr'><strong>tantum</strong></span> <span class='ocrx_word' id='word_1_212' title='bbox 608 3614 672 3657; x_wconf 90' lang='lat' dir='ltr'><strong>non</strong></span> <span class='ocrx_word' id='word_1_213' title='bbox 695 3594 812 3670; x_wconf 91' lang='lat' dir='ltr'><strong>dicunt,</strong></span> <span class='ocrx_word' id='word_1_214' title='bbox 831 3593 1004 3659; x_wconf 82' lang='lat' dir='ltr'><strong>Traianum</strong></span> <span class='ocrx_word' id='word_1_215' title='bbox 1025 3593 1130 3676; x_wconf 90' lang='lat' dir='ltr'><strong>ipsum</strong></span> <span class='ocrx_word' id='word_1_216' title='bbox 1149 3591 1246 3675; x_wconf 89' lang='lat' dir='ltr'><strong>Igna·</strong></span> 
     </span>
     <span class='ocr_line' id='line_1_29' title="bbox 71 3696 1247 3782; baseline -0.002 -20"><span class='ocrx_word' id='word_1_217' title='bbox 71 3699 148 3763; x_wconf 90' lang='lat' dir='ltr'><strong>tium</strong></span> <span class='ocrx_word' id='word_1_218' title='bbox 169 3698 326 3763; x_wconf 88' lang='lat' dir='ltr'><strong>iudicasse</strong></span> <span class='ocrx_word' id='word_1_219' title='bbox 356 3697 408 3761; x_wconf 89' lang='lat' dir='ltr'><strong>vel</strong></span> <span class='ocrx_word' id='word_1_220' title='bbox 439 3697 589 3763; x_wconf 88' lang='lat' dir='ltr'><strong>ecclesiae</strong></span> <span class='ocrx_word' id='word_1_221' title='bbox 620 3698 785 3763; x_wconf 88' lang='lat' dir='ltr'><strong>universae</strong></span> <span class='ocrx_word' id='word_1_222' title='bbox 814 3699 1064 3782; x_wconf 90' lang='lat' dir='ltr'><strong>persecutionem</strong></span> <span class='ocrx_word' id='word_1_223' title='bbox 1091 3696 1247 3771; x_wconf 88' lang='lat' dir='ltr'><strong>intulisse,</strong></span> 
     </span>
     <span class='ocr_line' id='line_1_30' title="bbox 71 3798 1249 3888; baseline -0.003 -21"><span class='ocrx_word' id='word_1_224' title='bbox 71 3804 124 3867; x_wconf 87' lang='lat' dir='ltr'><strong>sed</strong></span> <span class='ocrx_word' id='word_1_225' title='bbox 145 3804 253 3888; x_wconf 90' lang='lat' dir='ltr'><strong>potius</strong></span> <span class='ocrx_word' id='word_1_226' title='bbox 276 3802 424 3885; x_wconf 90' lang='lat' dir='ltr'><strong>produnt,</strong></span> <span class='ocrx_word' id='word_1_227' title='bbox 458 3802 679 3885; x_wconf 88' lang='lat' dir='ltr'><strong>proconsulem</strong></span> <span class='ocrx_word' id='word_1_228' title='bbox 701 3802 891 3867; x_wconf 87' lang='lat' dir='ltr'><strong>sententiam</strong></span> <span class='ocrx_word' id='word_1_229' title='bbox 914 3801 1023 3865; x_wconf 85' lang='lat' dir='ltr'><strong>tulisse</strong></span> <span class='ocrx_word' id='word_1_230' title='bbox 1046 3805 1078 3864; x_wconf 91' lang='lat' dir='ltr'><strong>et</strong></span> <span class='ocrx_word' id='word_1_231' title='bbox 1100 3801 1133 3864; x_wconf 93' lang='lat' dir='ltr'><strong>in</strong></span> <span class='ocrx_word' id='word_1_232' title='bbox 1156 3798 1249 3882; x_wconf 85' lang='lat' dir='ltr'><strong>Syria</strong></span> 
     </span>
     <span class='ocr_line' id='line_1_31' title="bbox 71 3904 1248 3989; baseline -0.004 -18"><span class='ocrx_word' id='word_1_233' title='bbox 71 3910 194 3971; x_wconf 88' lang='lat' dir='ltr'><strong>tantum</strong></span> <span class='ocrx_word' id='word_1_234' title='bbox 207 3905 318 3971; x_wconf 89' lang='lat' dir='ltr'><strong>fideles</strong></span> <span class='ocrx_word' id='word_1_235' title='bbox 340 3904 533 3989; x_wconf 86' lang='lat' dir='ltr'><strong>inquietatos</strong></span> <span class='ocrx_word' id='word_1_236' title='bbox 556 3928 632 3970; x_wconf 89' lang='lat' dir='ltr'><strong>esse.</strong></span> <span class='ocrx_word' id='word_1_237' title='bbox 678 3905 841 3970; x_wconf 87' lang='lat' dir='ltr'><strong>Ecclesiae</strong></span> <span class='ocrx_word' id='word_1_238' title='bbox 856 3904 953 3970; x_wconf 84' lang='lat' dir='ltr'><strong>Asiae</strong></span> <span class='ocrx_word' id='word_1_239' title='bbox 976 3905 1059 3969; x_wconf 93' lang='lat' dir='ltr'><strong>enim</strong></span> <span class='ocrx_word' id='word_1_240' title='bbox 1081 3925 1159 3987; x_wconf 90' lang='lat' dir='ltr'><strong>pace</strong></span> <span class='ocrx_word' id='word_1_241' title='bbox 1181 3907 1248 3967; x_wconf 88' lang='lat' dir='ltr'><strong>tam</strong></span> 
     </span>
     <span class='ocr_line' id='line_1_32' title="bbox 73 4009 1248 4095; baseline -0.003 -19"><span class='ocrx_word' id='word_1_242' title='bbox 73 4011 227 4094; x_wconf 87' lang='lat' dir='ltr'><strong>profimda</strong></span> <span class='ocrx_word' id='word_1_243' title='bbox 241 4010 438 4088; x_wconf 85' lang='lat' dir='ltr'><strong>fruebantur,</strong></span> <span class='ocrx_word' id='word_1_244' title='bbox 463 4014 499 4073; x_wconf 89' lang='lat' dir='ltr'><strong>ut</strong></span> <span class='ocrx_word' id='word_1_245' title='bbox 514 4010 668 4094; x_wconf 83' lang='lat' dir='ltr'><strong>Ignatius,</strong></span> <span class='ocrx_word' id='word_1_246' title='bbox 694 4033 886 4095; x_wconf 88' lang='lat' dir='ltr'><strong>quamquam</strong></span> <span class='ocrx_word' id='word_1_247' title='bbox 902 4011 943 4074; x_wconf 92' lang='lat' dir='ltr'><strong>oh</strong></span> <span class='ocrx_word' id='word_1_248' title='bbox 965 4011 1060 4074; x_wconf 91' lang='lat' dir='ltr'><strong>fidem</strong></span> <span class='ocrx_word' id='word_1_249' title='bbox 1081 4009 1248 4073; x_wconf 89' lang='lat' dir='ltr'><strong>damnatus</strong></span> 
     </span>
    </p>
   </div>
   <div class='ocr_carea' id='block_1_6' title="bbox 77 4196 1248 4618">
    <p class='ocr_par' dir='ltr' id='par_1_7' title="bbox 140 4196 1247 4270">
     <span class='ocr_line' id='line_1_33' title="bbox 140 4196 1247 4270; baseline -0.009 -13"><span class='ocrx_word' id='word_1_250' title='bbox 140 4204 153 4257; x_wconf 95' lang='lat' dir='ltr'><strong>l</strong></span> <span class='ocrx_word' id='word_1_251' title='bbox 173 4200 272 4270; x_wconf 71' lang='lat' dir='ltr'><strong>lyncea</strong></span> <span class='ocrx_word' id='word_1_252' title='bbox 283 4197 450 4265; x_wconf 79' lang='lat' dir='ltr'><strong>d&#39;Anttoche,</strong></span> <span class='ocrx_word' id='word_1_253' title='bbox 461 4213 502 4253; x_wconf 79' lang='lat' dir='ltr'><strong>ree</strong></span> <span class='ocrx_word' id='word_1_254' title='bbox 515 4198 618 4267; x_wconf 72' lang='lat' dir='ltr'><strong>dpttrea</strong></span> <span class='ocrx_word' id='word_1_255' title='bbox 630 4215 663 4253; x_wconf 81' lang='lat' dir='ltr'><strong>aa</strong></span> <span class='ocrx_word' id='word_1_256' title='bbox 674 4200 722 4261; x_wconf 67' lang='lat' dir='ltr'><strong>ort,</strong></span> <span class='ocrx_word' id='word_1_257' title='bbox 740 4215 772 4252; x_wconf 84' lang='lat' dir='ltr'><strong>aa</strong></span> <span class='ocrx_word' id='word_1_258' title='bbox 784 4198 920 4267; x_wconf 72' lang='lat' dir='ltr'><strong>theolopte,</strong></span> <span class='ocrx_word' id='word_1_259' title='bbox 936 4196 1032 4252; x_wconf 85' lang='lat' dir='ltr'><strong>Monte</strong></span> <span class='ocrx_word' id='word_1_260' title='bbox 1045 4196 1155 4251; x_wconf 82' lang='lat' dir='ltr'><strong>Albano</strong></span> <span class='ocrx_word' id='word_1_261' title='bbox 1171 4196 1247 4252; x_wconf 79' lang='grc'><strong>1897.</strong></span> 
     </span>
    </p>

    <p class='ocr_par' dir='ltr' id='par_1_8' title="bbox 77 4282 1248 4443">
     <span class='ocr_line' id='line_1_34' title="bbox 139 4282 1248 4356; baseline -0.004 -15"><span class='ocrx_word' id='word_1_262' title='bbox 139 4287 157 4341; x_wconf 81' lang='lat'><strong>2</strong></span> <span class='ocrx_word' id='word_1_263' title='bbox 175 4285 378 4356; x_wconf 59' lang='lat' dir='ltr'><strong>Immioeaeche</strong></span> <span class='ocrx_word' id='word_1_264' title='bbox 400 4283 642 4354; x_wconf 72' lang='lat' dir='ltr'><strong>Uetersactuapea.</strong></span> <span class='ocrx_word' id='word_1_265' title='bbox 679 4282 700 4337; x_wconf 77' lang='lat' dir='ltr'>L</span> <span class='ocrx_word' id='word_1_266' title='bbox 719 4285 774 4339; x_wconf 77' lang='lat' dir='ltr'><strong>De</strong></span> <span class='ocrx_word' id='word_1_267' title='bbox 788 4284 933 4340; x_wconf 56' lang='lat' dir='ltr'><strong>,latentis</strong></span> <span class='ocrx_word' id='word_1_268' title='bbox 950 4284 997 4338; x_wconf 82' lang='lat' dir='ltr'><strong>der</strong></span> <span class='ocrx_word' id='word_1_269' title='bbox 1013 4285 1101 4339; x_wconf 65' lang='lat' dir='ltr'><strong>actea</strong></span> <span class='ocrx_word' id='word_1_270' title='bbox 1113 4285 1248 4353; x_wconf 77' lang='lat' dir='ltr'><strong>Ipaatr&#39;ua·</strong></span> 
     </span>
     <span class='ocr_line' id='line_1_35' title="bbox 77 4369 507 4443; baseline -0.014 -14"><span class='ocrx_word' id='word_1_271' title='bbox 77 4371 160 4443; x_wconf 69' lang='lat' dir='ltr'><strong>trisse,</strong></span> <span class='ocrx_word' id='word_1_272' title='bbox 178 4370 411 4442; x_wconf 76' lang='lat' dir='ltr'><strong>Gryphiavvaldae</strong></span> <span class='ocrx_word' id='word_1_273' title='bbox 431 4369 507 4424; x_wconf 89' lang='grc'><strong>1899.</strong></span> 
     </span>
    </p>

    <p class='ocr_par' dir='ltr' id='par_1_9' title="bbox 79 4457 1247 4618">
     <span class='ocr_line' id='line_1_36' title="bbox 141 4457 1247 4530; baseline -0.005 -12"><span class='ocrx_word' id='word_1_274' title='bbox 141 4464 261 4526; x_wconf 68' lang='lat' dir='ltr'><strong>tilam,</strong></span> <span class='ocrx_word' id='word_1_275' title='bbox 294 4461 378 4517; x_wconf 82' lang='lat' dir='ltr'><strong>Uctcr</strong></span> <span class='ocrx_word' id='word_1_276' title='bbox 394 4461 446 4514; x_wconf 76' lang='lat' dir='ltr'><strong>dea</strong></span> <span class='ocrx_word' id='word_1_277' title='bbox 469 4460 612 4530; x_wconf 73' lang='lat' dir='ltr'><strong>Urapmnp</strong></span> <span class='ocrx_word' id='word_1_278' title='bbox 637 4460 683 4514; x_wconf 82' lang='lat' dir='ltr'><strong>dea</strong></span> <span class='ocrx_word' id='word_1_279' title='bbox 700 4459 881 4528; x_wconf 68' lang='lat' dir='ltr'><strong>Episcopum</strong></span> <span class='ocrx_word' id='word_1_280' title='bbox 899 4461 930 4514; x_wconf 77' lang='lat' dir='ltr'><strong>in</strong></span> <span class='ocrx_word' id='word_1_281' title='bbox 948 4459 995 4514; x_wconf 77' lang='lat' dir='ltr'><strong>der</strong></span> <span class='ocrx_word' id='word_1_282' title='bbox 1016 4459 1117 4514; x_wconf 69' lang='lat' dir='ltr'><strong>ctridl.</strong></span> <span class='ocrx_word' id='word_1_283' title='bbox 1137 4457 1247 4522; x_wconf 78' lang='lat' dir='ltr'><strong>Kirche,</strong></span> 
     </span>
     <span class='ocr_line' id='line_1_37' title="bbox 79 4543 882 4618; baseline 0 -19"><span class='ocrx_word' id='word_1_284' title='bbox 79 4543 105 4599; x_wconf 86' lang='lat' dir='ltr'><strong>in</strong></span> <span class='ocrx_word' id='word_1_285' title='bbox 123 4549 185 4605; x_wconf 73' lang='lat' dir='ltr'><strong>lto.</strong></span> <span class='ocrx_word' id='word_1_286' title='bbox 202 4549 336 4605; x_wconf 77' lang='lat' dir='ltr'><strong>Zeitactr.</strong></span> <span class='ocrx_word' id='word_1_287' title='bbox 353 4548 403 4614; x_wconf 69' lang='lat' dir='ltr'><strong>fter</strong></span> <span class='ocrx_word' id='word_1_288' title='bbox 423 4548 562 4618; x_wconf 72' lang='lat' dir='ltr'><strong>Theolopv&#39;c</strong></span> <span class='ocrx_word' id='word_1_289' title='bbox 583 4547 651 4604; x_wconf 79' lang='lat'>1838</span> <span class='ocrx_word' id='word_1_290' title='bbox 669 4546 716 4612; x_wconf 88' lang='lat'><strong>111,</strong></span> <span class='ocrx_word' id='word_1_291' title='bbox 737 4545 882 4602; x_wconf 80' lang='lat'>149-154.</span> 
     </span>
    </p>
   </div>
   <div class='ocr_carea' id='block_1_7' title="bbox 0 0 1423 5018">
    <p class='ocr_par' dir='ltr' id='par_1_10' title="bbox 0 0 1423 5018">
     <span class='ocr_line' id='line_1_38' title="bbox 0 0 1423 5018; baseline 0 0"><span class='ocrx_word' id='word_1_292' title='bbox 0 0 1423 5018; x_wconf 95' lang='lat' dir='ltr'><strong> </strong></span> 
     </span>
    </p>
   </div>
  </div>
 </body>
</html>
