2834 5018
334 729 466 788 PAPIAE
485 730 714 789 FRAGMENTA
731 733 929 800 XVI-XVIII,
947 735 972 790 2.
1175 742 1238 807 373

58 908 222 974 uolumina
244 909 345 975 falsus
367 912 408 976 ad
429 915 462 975 te
485 934 593 977 rumor
617 912 749 996 pertulit
771 936 790 978 a
812 935 861 978 me
884 935 953 978 esse
974 916 1144 980 translata:
1165 914 1240 1001 quia

57 1034 118 1077 nec
141 1013 199 1078 otii
220 1015 283 1077 mei
304 1037 362 1079 nee
384 1015 498 1080 virium
521 1021 584 1094 est,
614 1022 723 1082 tantas
745 1038 796 1081 res
825 1019 935 1083 eadem
956 1019 990 1083 in
1020 1020 1151 1085 alteram
1174 1020 1237 1084 lin-

60 1138 158 1202 guam
182 1120 356 1202 exprimere
379 1123 551 1185 venustate.

519 1239 644 1309 [Hieron.
664 1237 715 1308 Ep.
734 1241 767 1295 11
787 1238 824 1293 sd
842 1240 937 1294 Lucin.
957 1257 980 1294 c
999 1243 1023 1304 5,
1042 1241 1088 1296 Ph
1106 1240 1148 1305 22,
1167 1242 1237 1311 671]

596 1393 701 1463 XVII.

152 1535 265 1601 Refert
286 1536 434 1601 Irenaeus
455 1584 594 1601 .....
619 1537 738 1622 Papiae
767 1539 919 1603 auditoris
949 1540 1163 1625 evangelistae
1184 1540 1264 1605 Io-⁶

63 1641 155 1704 annis
178 1641 349 1725 discipulus
374 1690 512 1704 .....

440 1756 569 1827 [Hieron.
588 1757 639 1828 Ep.
660 1761 693 1814 75
712 1758 747 1813 ad
766 1760 943 1817 Theodoram
962 1779 983 1816 6
1003 1762 1027 1826 3,
1046 1761 1091 1817 PL
1108 1763 1150 1827 22,
1168 1763 1239 1835 661]

590 1918 708 1985 XVIII.

153 2055 271 2140 InoipIt
293 2058 515 2140 argumentum
537 2056 708 2119 secundum
729 2055 913 2124 Iohannem.

151 2160 364 2245 Evangelium
379 2160 530 2225 Iohannis
545 2159 785 2226 manifestatum
808 2168 839 2227 et
854 2166 963 2230 datum
978 2170 1027 2230 est
1041 2165 1182 2231 ecclesiis
1198 2166 1238 2230 ab

59 2265 203 2329 Iohanne
227 2265 329 2330 adhue
351 2266 384 2330 in
407 2287 537 2349 corpore
560 2266 740 2342 constitute,
765 2267 848 2333 sieut
870 2268 988 2355 Papias
1010 2270 1136 2335 nomine
1158 2269 1278 2334 Hie-10

60 2370 278 2455 rapolItanus,
312 2371 485 2455 discipulus
507 2370 658 2435 Iohannis
681 2392 787 2450 carus,
820 2373 853 2437 in
884 2375 1048 2440 exotericis
1080 2375 1113 2439 id
1135 2379 1184 2438 est
1206 2375 1240 2441 in

60 2476 210 2540 extremis
234 2477 372 2561 quinque
395 2476 487 2541 libris
503 2475 621 2540 retulit.
667 2477 697 2539 2.
722 2473 916 2563 [Descripsit
939 2501 1012 2544 vero
1027 2478 1240 2564 Evangelium

96 2680 195 2736 XVIII.
215 2682 416 2753 Fragmentum
428 2684 639 2754 postquamdiu
667 2684 806 2753 explicat:
824 2702 888 2738 cum
906 2700 940 2739 ex
951 2686 1098 2740 hocrersu
1109 2685 1240 2741 concludi

58 2770 89 2823 in
114 2768 256 2825 oblivione
275 2769 379 2834 iacuit,
409 2772 439 2825 in
464 2771 555 2826 lucem
574 2787 638 2840 pro·
665 2771 822 2840 potuisset,
849 2770 1035 2842 Evangelium
1061 2770 1099 2827 1v
1126 2773 1241 2827 auctore

60 2858 143 2912 duxit
155 2857 257 2913 Aberle
277 2857 308 2910 in
324 2859 412 2913 iheol.
428 2859 639 2928 Qrmnolmtn'ft
667 2862 778 2913 mortuo
798 2860 834 2914 ab
853 2859 913 2914 eius
931 2860 1029 2914 amicis
1048 2860 1155 2914 editum
1173 2875 1239 2923 esse,

62 2945 130 2999 1864
148 2963 174 3014 p.
198 2946 297 3007 1-31,
318 2950 346 3000 et
366 2946 516 3001 confestim
533 2963 639 3018 magna
665 2945 785 3014 Papiam
803 2945 922 3010 dixisse,
941 2947 1109 3017 scripturam
1128 2964 1187 3001 non
1204 2946 1239 2999 ab

60 3032 254 3086 controversia
274 3034 373 3086 exorta
391 3038 441 3097 est,
455 3052 528 3101 quae
547 3036 638 3089 adhue
665 3032 887 3088 amicisloannis
905 3050 995 3101 eoque
1006 3037 1125 3097 mortuo,
1144 3032 1194 3087 sed
1206 3048 1239 3087 66

60 3118 153 3179 durat,
174 3136 237 3172 eum
255 3136 278 3173 e.
290 3120 468 3187 gHamaclr,
484 3122 639 3178 Geachr'chte
665 3120 729 3175 vivo
749 3124 778 3175 et
806 3122 842 3174 ab
861 3138 894 3175 eo
920 3121 983 3191 ipso
1011 3120 1117 3175 editam
1143 3120 1239 3174 fuisse.

60 3206 110 3260 der
127 3207 268 3261 altchrr'stl.
290 3207 443 3262 Isittesatur
461 3210 493 3272 11,
508 3211 521 3264 I
539 3210 637 3278 (1697),
665 3204 781 3261 Rectius
800 3206 955 3278 Lightfoot,
976 3207 1109 3275 Oeneae.
1128 3207 1239 3261 16666666.

58 3294 112 3346 664
131 3309 181 3359 sq,
205 3292 401 3347 testimonium
420 3293 533 3359 reiciat,
553 3295 637 3357 Zuhn,
665 3290 765 3356 XXVI,
786 3292 933 3359 sel-854,
952 3293 1103 3348 coniecisse
1121 3292 1239 3353 videtur,

57 3379 256 3449 Fcrsetunoen
291 3378 344 3443 VI,
382 3382 430 3435 127
467 3381 637 3450 comprobet
666 3377 785 3448 Papiam
805 3396 868 3434 cum
886 3380 964 3435 dieta
982 3380 1007 3434 S.
1027 3379 1141 3433 Ioarmis
1158 3379 1241 3449 plura

58 3467 262 3535 Fragmentum
279 3465 366 3520 etiam
384 3467 414 3520 in
432 3467 488 3521 alio
507 3465 638 3521 1616666-
666 3464 776 3519 innisus
804 3466 972 3521 auctoritate
1004 3466 1146 3521 seniorum
1173 3466 1240 3519 alle-

60 3552 168 3622 gelium
177 3552 291 3606 Ioannis
305 3554 423 3624 prologo
436 3554 573 3608 insertum
586 3557 637 3615 est,
666 3555 779 3621 gasset,
809 3552 850 3606 sie
868 3550 979 3606 circiter
1002 3553 1157 3608 orationem
1176 3569 1240 3622 pro·

58 3655 145 3706 quern
173 3639 263 3693 edidit
288 3638 501 3703 Wordsworth,
528 3640 639 3695 Novum
665 3643 791 3694 secutum
810 3655 884 3694 esse:
911 3637 948 3693 Et
966 3639 1037 3694 haec
1061 3639 1240 3695 consentiunt

58 3726 274 3781 Testamentum
284 3727 638 3783 latineseeundumHiero-
666 3744 727 3781 eum
746 3727 797 3789 iis,
826 3742 898 3792 quae
915 3725 944 3779 in
971 3726 1063 3796 ipsius
1086 3726 1239 3798 Evangelio

57 3832 175 3883 nymum
193 3816 213 3877 1,
231 3815 290 3869 490.
665 3813 829 3876 invenimus,
840 3812 917 3880 quod
931 3812 1018 3866 dabat
1030 3813 1163 3878 eeclesiis,
1177 3830 1240 3868 cum

95 3903 118 3955 1.
139 3900 230 3954 adhuc
242 3902 272 3955 in
291 3918 408 3972 corpore
425 3901 591 3973 constituto]
603 3922 639 3951 =
665 3901 756 3954 adhue
775 3900 850 3955 inter
867 3900 946 3953 vivos
960 3900 1041 3953 esset
1078 3901 1139 3955 Hoc
1156 3901 1240 3956 modo

57 3984 100 4044 ἔτι
119 3985 151 4044 ἐν
168 3997 207 4062 τῷ
225 3987 333 4059 σώματι
352 3995 543 4058 καθεστῶτος.
572 3988 637 4042 Per·
664 3986 811 4041 historiam
828 3990 894 4056 post
918 3985 978 4040 eius
1002 3989 1121 4041 mortem
1138 3988 1240 4057 repeti-

57 4074 150 4129 ticula
168 4075 307 4139 ostendit,
327 4076 518 4147 fragmentum
537 4092 639 4146 graece
663 4078 723 4130 tam
741 4073 896 4145 Evangelio
924 4090 941 4126 a
967 4072 1051 4127 labiis
1078 4073 1239 4143 superstitis

58 4161 305 4230 seriptumfuisse.
342 4162 475 4217 Hernack
491 4162 509 4217 l.
522 4178 545 4216 6.
558 4162 638 4216 illam
665 4165 782 4230 accepto
802 4163 979 4230 opponentes
996 4159 1080 4214 facile
1100 4160 1239 4232 intellegi·
1299 4181 1308 4201 ·

57 4248 232 4302 locutionem
251 4249 329 4302 omni
348 4266 430 4304 sensu
448 4265 541 4303 carere
560 4248 637 4311 dicit,
664 4266 726 4302 mus
744 4248 832 4301 verba
859 4249 949 4302 adhue
966 4249 997 4302 iss
1016 4264 1126 4316 corpore
1143 4249 1240 4303 66666-

57 4353 124 4390 oum
151 4335 271 4390 Ioannes
298 4340 425 4391 mortuus
453 4334 638 4406 Evangelium
664 4341 729 4390 tuto.
771 4333 808 4389 Iit
836 4334 861 4388 si
887 4332 1035 4405 Evangelii
1061 4334 1174 4389 Ioannis
1199 4333 1240 4388 sic

57 4421 184 4478 edidisse
202 4439 219 4476 a
237 4424 349 4477 nemine
367 4423 423 4477 diei
441 4423 574 4491 potuerit
600 4423 638 4476 At
665 4422 802 4477 obiter
826 4423 939 4475 tantum
961 4420 1067 4476 mentio
1092 4422 1170 4476 faeta
1188 4425 1239 4483 est,

56 4508 161 4564 Matth
176 4509 217 4572 27,
231 4509 265 4562 63
284 4509 415 4563 similiter
432 4507 569 4577 seriptum
581 4510 637 4562 est:
663 4508 785 4564 Eusebio
803 4508 890 4562 verba
901 4506 1006 4576 Papiae
1024 4524 1082 4562 non
1097 4511 1178 4563 erant
1195 4524 1239 4562 re·

55 4594 166 4661 ἐκεῖνος
183 4591 407 4663 enterocelen
425 4590 466 4652 ἔτι
477 4599 541 4664 ζῶν.
560 4593 638 4649 Zahn
663 4595 793 4666 petenda,
812 4593 869 4648 nisi
887 4610 905 4648 s
921 4593 971 4648 via
982 4593 1131 4650 deflectere
1140 4593 1238 4650 voluit

54 4685 72 4738 t
105 4698 129 4738 6.
158 4681 331 4737 locutionem
358 4699 391 4736 ex
419 4682 515 4737 Ioann.
541 4679 583 4744 21,
603 4682 638 4736 24
662 4713 698 4722 —
727 4680 876 4736 exoterieis
903 4681 934 4737 id
961 4683 1005 4737 est
1034 4680 1064 4736 in
1094 4680 1237 4752 extremis]
