2834 5018
169 322 272 388 CVIII
612 314 896 371 enonuoourru.

256 495 305 561 De
328 502 484 579 tempore,
518 514 580 577 quo
602 493 683 557 liber
714 500 842 560 exortus
865 500 930 574 est,
962 497 1043 561 nihil
1070 498 1161 562 nobis
1190 498 1346 563 traditum

170 608 227 666 est.
273 600 427 665 Attamen
450 619 559 662 omnes
591 599 658 663 fere
681 600 844 664 unanimes
868 602 1025 678 sentiunt,
1059 624 1130 666 eum
1152 603 1219 667 vita
1241 605 1344 687 patris

168 707 224 771 fini
247 705 456 790 appropiante
479 703 693 787 conscriptum
715 726 791 768 esse.
837 704 866 769 E
889 704 1069 788 fragmento
1097 730 1198 791 nuper
1221 709 1345 773 detecto

169 833 241 875 eum
263 832 326 874 non
349 814 422 874 ante
445 807 601 872 Hadriani
623 830 757 893 regnum
781 808 979 892 (117—138)
1004 817 1167 877 exaratum
1194 834 1262 878 esse
1285 836 1345 896 ap-

168 922 259 1000 paret
282 914 335 999 (cf.
353 914 480 998 Fragm.
498 912 566 994 XI).
613 914 725 978 Altera
747 937 786 978 ex
808 921 899 998 parte
921 937 985 979 non
1008 919 1065 993 est,
1090 919 1173 1001 quod
1188 917 1249 982 hoc
1272 938 1345 999 reg-

168 1043 244 1085 num
273 1019 530 1102 transgredimur.
577 1019 689 1104 Itaque
720 1018 801 1084 liber
829 1020 869 1084 ad
901 1044 1018 1086 annum
1047 1024 1109 1087 130
1141 1024 1264 1088 circiter
1293 1044 1345 1087 re·

169 1124 318 1189 ferendus
341 1145 408 1188 esse
430 1123 562 1188 videtur.

256 1229 348 1294 Liber
362 1228 472 1312 paucis
495 1228 684 1311 fragmentis
700 1228 840 1312 exceptis
855 1252 939 1294 nunc
962 1231 1144 1313 deperditus
1160 1234 1217 1294 est.
1242 1229 1347 1294 Multa

170 1337 277 1397 autem
299 1331 425 1397 saecula
447 1334 480 1397 in
502 1331 635 1397 ecclesia
657 1332 830 1416 legebatur.
877 1333 951 1398 Non
976 1334 1079 1399 solum
1098 1334 1266 1408 Eusebius,
1291 1335 1347 1398 sed

169 1438 266 1501 etiam
289 1436 477 1502 Anastasius
510 1435 632 1500 Sinaita
662 1436 716 1517 (cf.
740 1437 867 1522 Fragm.
892 1438 939 1503 VI
961 1443 993 1503 et
1014 1438 1089 1521 VII)
1123 1443 1155 1502 et
1186 1438 1346 1503 Maximus

170 1541 338 1607 Confessor
354 1543 493 1626 (Fragm.
510 1540 589 1607 VIII
603 1546 636 1605 et
650 1540 709 1623 IX)
733 1564 805 1606 eum
819 1543 965 1607 manibus
988 1548 1213 1610 tractavenmt.
1237 1543 1347 1608 Etiam

169 1648 272 1712 medio
295 1669 371 1712 aevo
402 1647 504 1711 adhuc
535 1647 689 1711 exstabat.
736 1646 876 1711 Dubium
899 1649 1026 1732 quidem
1053 1652 1116 1724 est,
1149 1669 1226 1711 num
1248 1646 1346 1711 Nice·

168 1753 289 1836 phorus
311 1774 384 1816 eum
407 1751 529 1836 legerit,
554 1773 626 1815 cum
649 1772 702 1829 ea,
728 1773 808 1834 quae
831 1753 957 1836 scripsit
980 1753 1023 1816 Η.
1046 1752 1084 1816 Ε.
1108 1750 1166 1828 ΙΠ,
1191 1752 1252 1815 20:
1277 1747 1346 1812 Πα-

170 1853 243 1928 πίας
267 1904 301 1920 ,.
324 1853 430 1917 πολλὰ
452 1853 680 1936 συγγράμματα
702 1862 741 1936 τῇ
764 1854 919 1938 ἐκκλησίᾳ
934 1854 1100 1918 κατέλιπε·
1124 1855 1216 1918 πέντε
1241 1854 1268 1917 δ’
1293 1854 1346 1916 οὖν

170 1962 255 2043 αὐτῷ
279 1960 360 2042 μόνα
383 1957 522 2041 ἐφέρετο,
546 1960 566 2021 s
588 1957 702 2041 λογίων
718 1969 878 2040 neptunia
902 1959 1078 2042 ἐπέγραψεν
1094 1958 1283 2042 ἐξηγήσεως,
1307 1982 1346 2024 ex

168 2067 309 2131 Eusebio
332 2065 373 2129 H.
397 2066 436 2130 Ε.
459 2065 516 2141 ΙΠ,
540 2066 592 2142 39,
620 2067 636 2129 l
663 2065 716 2145 (cf.
741 2065 867 2150 Fragm.
892 2065 932 2144 Π,
960 2065 990 2147 1)
1023 2066 1165 2130 hausisse
1192 2065 1345 2128 videatur.

171 2169 217 2234 At
239 2170 272 2233 in
294 2169 462 2233 Occidente
485 2169 618 2233 saeculis
641 2168 719 2233 XIII
742 2174 774 2233 et
795 2168 873 2233 XIV
896 2168 999 2234 adhuc
1020 2170 1174 2233 exstabat.
1199 2168 1347 2251 Legimus

171 2274 303 2338 enimin
326 2271 473 2357 catalogo
488 2272 641 2337 librorum
664 2273 815 2338 ecclesiae
830 2272 1067 2337 Nemausiensis
1083 2294 1110 2337 c.
1127 2295 1245 2337 annum
1263 2274 1346 2337 1218

171 2378 330 2444 confecto:
354 2380 438 2441 item
461 2382 572 2441 incant
594 2383 629 2440 in
652 2381 800 2443 clanstro
823 2413 865 2422 —
889 2380 1010 2442 libram
1026 2382 1153 2460 Papiae
1174 2381 1216 2443 de
1238 2379 1348 2442 verbis

173 2485 338 2558 aornar,
363 2486 394 2546 et
416 2480 449 2545 in
472 2480 618 2565 catalogo
640 2480 794 2546 librorum
817 2483 961 2548 coenobii
984 2483 1090 2548 Stams
1113 2484 1146 2547 in
1170 2482 1271 2547 Tiroli
1294 2482 1348 2546 siti

172 2611 199 2652 a.
227 2589 309 2652 1341
341 2587 502 2652 confecto:
534 2589 659 2668 Papias
688 2608 760 2652 crrrn
783 2590 992 2652 sermonibus
1014 2586 1188 2653 dirersisss.
1234 2587 1347 2650 Plures

171 2693 266 2757 etiam
299 2691 508 2756 Trithemiurn
547 2691 663 2755 librum
702 2695 774 2755 ante
808 2691 916 2756 oculos
956 2692 1105 2757 habuisse
1145 2696 1347 2775 putaverunt.

172 2796 305 2880 Scripsit
333 2797 417 2861 enirn
447 2794 497 2859 De
520 2795 628 2878 script.
660 2795 768 2859 eccles.
794 2818 819 2860 c.
845 2797 884 2860 8:
918 2799 1059 2878 Papias,
1082 2799 1216 2860 auditor
1238 2802 1349 2859 saneti

171 2903 329 2965 Iohannis
352 2910 451 2982 atque
473 2903 674 2982 disciputus,
696 2904 972 2984 Hierapolitanrrs
995 2907 1029 2966 in
1052 2904 1133 2966 Asia
1163 2907 1350 2982 ansearius,

168 3009 248 3086 fidei
270 3009 475 3071 christianae
489 3012 780 3070 constantissimus
790 3016 999 3089 propapator
1022 3016 1057 3070 et
1077 3007 1237 3084 defensor
1251 3025 1348 3068 sarec-

172 3119 344 3190 torumque
359 3113 585 3192 apostolorum
601 3114 784 3193 discipulus
801 3120 833 3175 et
847 3114 1019 3175 sterrbosas
1034 3116 1196 3188 irretiatur,
1211 3113 1351 3189 scripsit

171 3235 237 3279 non
260 3217 467 3296 spernendae
482 3222 694 3279 auctoretatis
709 3218 877 3297 opuscola.
909 3218 940 3279 Ε
953 3217 1071 3296 quibns
1094 3221 1243 3278 eastat
1265 3232 1350 3294 apris

172 3325 303 3398 insiprre
318 3325 460 3400 patrique
482 3324 701 3385 notaminibus
716 3323 919 3401 distinctam,
943 3323 1031 3401 orroei
1045 3325 1259 3402 praenotavit
1281 3324 1350 3382 sic:

172 3427 451 3507 inplorationem
468 3445 656 3489 sermonum
673 3430 815 3491 Domini.
861 3427 982 3505 Atia,
1005 3444 1113 3505 qnae
1134 3428 1350 3503 scripsit,

171 3550 250 3594 non
273 3532 461 3594 ridirnns.
506 3533 569 3594 Hic
583 3537 762 3595 novitatem
785 3533 1057 3595 millenariorum
1075 3535 1207 3610 primas
1222 3534 1351 3592 invertit

172 3645 231 3700 etc.
278 3635 446 3711 Quaeritur
468 3638 582 3710 autem,
605 3658 682 3699 num
704 3635 753 3699 illi
775 3637 871 3700 verba
892 3639 977 3698 recte
1004 3632 1227 3697 intellexerint.
1266 3630 1350 3695 Mihi

172 3739 365 3804 Trithemius
388 3739 420 3803 id
444 3738 546 3802 solum
568 3738 671 3803 dicere
693 3741 826 3815 ridetur,
857 3761 891 3803 se
914 3739 1082 3802 titulum
1106 3736 1199 3800 unius
1222 3740 1350 3799 tanturn

171 3843 246 3908 libri
268 3845 431 3921 invenisse,
456 3848 551 3928 atque
575 3865 611 3907 eo
633 3844 740 3926 potius
763 3846 859 3909 verba
881 3844 926 3906 Ita
948 3844 1147 3926 interpretor,
1173 3841 1257 3924 quod
1275 3840 1350 3905 Tri·

244 4014 445 4084 lCatalogum
474 4012 626 4082 descripsit
643 4012 795 4067 Mennrdus
824 4013 853 4066 in
872 4013 946 4068 Hist.
973 4013 1043 4067 citat
1069 4013 1156 4065 eccles.
1175 4016 1199 4064 et
1218 4011 1350 4065 litterar're

173 4102 205 4155 de
223 4102 251 4155 la
267 4101 328 4155 aitte
346 4103 378 4156 de
396 4101 513 4156 Nisrnes.
550 4101 570 4164 Ι,
589 4100 622 4153 67
642 4100 730 4153 Paris.
747 4100 821 4155 1750.
851 4099 891 4153 cf.
912 4099 1020 4154 Fabric.
1034 4096 1166 4152 Biblioth.
1186 4096 1229 4151 ecl.
1245 4097 1350 4152 Harles

173 4186 340 4257 1111118111),
363 4190 419 4244 153.
731 4184 735 4191 '

243 4277 259 4328 2
278 4274 320 4330 Of.
339 4274 448 4328 Bickell
466 4273 496 4327 in
513 4276 643 4329 Zeitsehr.
660 4275 710 4341 fiir
727 4276 798 4330 tatii.
820 4273 907 4328 ticeni.
929 4274 996 4328 1879
1013 4291 1040 4343 p.
1061 4272 1207 4327 res—803.
