2834 5018
505 672 556 726 nn
576 671 655 727 ocu
674 672 733 736 xx,
753 674 829 727 2-5.
1188 679 1251 743 211

74 847 187 931 igitur,
224 848 339 912 fratres
362 854 394 913 et
425 870 562 913 sorores:
598 848 732 912 deiviri
755 854 913 913 certamen
942 851 1084 916 subimus
1107 857 1140 916 et
1162 874 1251 917 erer-

75 975 179 1017 cemus
201 953 235 1017 in
257 953 319 1017 huc
333 953 408 1028 vitu,
433 954 523 1017 utin
547 954 654 1018 futuru
677 975 869 1018 coronemur.
915 958 945 1020 3.
970 955 1072 1021 Nemo
1096 957 1252 1022 iustorum

74 1058 208 1122 celerem
231 1057 370 1121 fructum
393 1058 529 1140 accepit,
562 1058 617 1121 sed
640 1063 803 1141 exspectat
825 1080 905 1123 eum.
952 1062 981 1123 4.
1008 1059 1042 1124 Si
1064 1062 1149 1125 enim
1174 1064 1251 1127 deus

72 1164 249 1226 mercedem
271 1162 427 1226 iustorum
452 1162 514 1226 cito
538 1162 744 1237 retribueret,
769 1163 880 1227 statim
901 1164 1066 1248 negotium
1089 1188 1250 1231 exercere·

72 1289 151 1339 mus,
176 1288 239 1330 non
262 1267 429 1350 pietatem
452 1266 630 1330 videremur
652 1267 736 1331 enim
758 1268 834 1331 iusti
857 1290 944 1346 esse,
976 1291 1039 1333 non
1061 1271 1168 1354 pium,
1193 1272 1276 1335 sed⁶

72 1372 260 1435 lucrativum
284 1376 450 1435 sectantes.
497 1371 541 1435 Et
570 1376 739 1455 propterea
768 1372 918 1436 iudicium
948 1374 1089 1438 <livinum
1121 1376 1250 1440 damnet

71 1477 228 1560 spiritum,
254 1476 308 1559 qni
330 1497 394 1538 non
416 1480 465 1539 est
486 1475 598 1551 iustus,
622 1481 654 1539 et
677 1483 833 1560 aggravat
854 1477 997 1542 vinculis.

160 1582 189 1643 5.
215 1580 281 1644 Soli
305 1582 363 1644 deo
385 1580 552 1655 invisibili,
583 1580 667 1663 patri
690 1581 849 1659 veritatis,
884 1582 937 1665 qui
959 1582 1051 1646 nobis
1074 1583 1162 1648 misit
1184 1583 1250 1648 sal·

70 1691 213 1748 vatorcm
236 1689 268 1747 et
290 1688 450 1747 auctorem
472 1684 798 1767 incorruptibilitatis,
830 1708 888 1771 per
910 1709 1004 1770 quem
1027 1689 1124 1752 etiam
1146 1689 1250 1753 mani·

71 1790 201 1853 festarit
222 1790 315 1854 nobis
338 1789 503 1853 veritatem
526 1795 557 1853 et
579 1789 679 1853 vitum
694 1788 869 1868 caelestem,
894 1791 923 1854 ei
946 1792 988 1855 sit
1004 1791 1107 1876 gloria
1130 1793 1163 1856 in
1178 1815 1248 1857 sae·
1265 1807 1290 1844 ¹⁰

70 1894 142 1957 cula
166 1893 373 1958 saeculorum.
420 1893 533 1958 Amen.

327 2085 496 2149 Clementis
521 2085 561 2148 ud
584 2083 763 2148 Corinthios
786 2084 922 2167 epistula
946 2084 986 2148 Il.

69 2240 191 2294 iniustos
223 2238 337 2292 divitius
365 2241 502 2307 tunquam
532 2239 646 2295 vincula
708 2242 731 2295 5.
752 2249 791 2316 τῷ
809 2243 888 2316 μόνῳ
905 2239 976 2309 κτλ]
996 2238 1131 2293 ctuom.
1148 2238 1249 2302 16‚27;

69 2326 109 2379 eis
130 2325 276 2395 praebens,
296 2326 355 2380 rel:
375 2325 449 2379 Deus
462 2326 547 2380 iudex
567 2326 645 2396 spiri·
673 2328 775 2383 Irim.
796 2330 887 2399 1‚,17;
911 2327 969 2381 lud.
989 2328 1030 2380 25.
1056 2357 1090 2366 -
1114 2330 1200 2399 πατρὶ
1223 2346 1247 2382 τ.

67 2415 146 2475 turn,
176 2431 259 2481 quem
287 2415 397 2468 lucmm
424 2415 529 2469 sectari
553 2430 645 2481 neque
672 2414 726 2484 cu]
756 2415 892 2480 cf.3,1;
922 2415 1004 2478 19,1.
1032 2445 1067 2454 -
1093 2427 1205 2486 σωτῆρα
1223 2434 1248 2469 κ.

67 2518 134 2555 vere
154 2501 259 2554 iustum
285 2518 346 2555 esse
371 2501 463 2564 videt,
493 2499 598 2569 aflligit
617 2506 645 2555 et
672 2500 744 2576 ‹lppl
769 2503 810 2556 Gt'.
830 2503 891 2556 Act.
911 2502 934 2563 5,
954 2500 995 2554 31.
1023 2531 1058 2539 -
1084 2498 1206 2573 ἀρχηγὸν
1223 2519 1248 2554 τ.

65 2587 188 2641 vinculis
207 2591 346 2659 aggravat
357 2583 495 2662 (ἔβλαψεν,
514 2587 645 2662 ἐβάρυνεν
673 2587 755 2660 utut]
775 2587 817 2643 Cf.
836 2589 897 2643 Act.
917 2590 940 2651 3,
960 2589 1004 2649 15;
1025 2586 1108 2641 Hebr.
1127 2586 1151 2650 2,
1173 2586 1212 2642 10.

67 2676 191 2729 norietus
213 2675 377 2743 gnomicus).
