2834 5018
391 656 524 712 PAPIAE
542 658 769 714 FRAGMENTA
780 659 814 723 II,
835 661 944 716 13-16.
1191 665 1255 730 359

76 836 329 920 respicientibus,
355 839 434 920 puta
448 836 579 900 Irenaeo
603 836 684 900 etsi
708 837 779 920 quis
803 837 883 901 alius
899 838 1015 903 similia
1037 841 1173 906 sentiens
1198 864 1254 926 ap·

74 942 192 1024 paruit.
242 944 291 1006 14.
315 943 359 1006 Et
392 942 472 1005 alias
495 940 666 1006 Aristionis
699 942 872 1024 supradicti
895 945 1108 1011 enarrationes
1135 968 1255 1011 sermo·

75 1068 154 1109 num
177 1046 293 1109 domini
317 1051 349 1110 et
371 1046 498 1110 Ioannis
526 1045 704 1129 presbyteri
725 1046 912 1111 traditiones
940 1049 973 1112 in
996 1049 1061 1113 suis
1091 1050 1181 1116 libris
1204 1072 1254 1115 re·

76 1151 160 1228 fert,
193 1152 233 1215 ad
256 1174 335 1235 quas
358 1151 497 1215 discendi
526 1151 684 1214 studiosos
706 1150 903 1216 remittentes
928 1175 1012 1217 nunc
1041 1156 1254 1238 superioribus

76 1256 145 1319 eius
166 1257 269 1321 verbis
292 1257 469 1321 necessario
492 1256 694 1321 traditionem
717 1257 947 1333 subnectemus,
972 1280 1069 1341 quam
1092 1259 1129 1323 de
1145 1259 1282 1324 Marcos

76 1362 276 1445 evangelista
298 1363 343 1426 sic
367 1361 516 1444 exponit:

212 1468 261 1530 15.
288 1467 351 1542 „Et
372 1466 433 1531 hoc
461 1466 627 1550 presbyter
650 1465 789 1529 dicebat:
824 1464 950 1531 Marcus
973 1466 1060 1531 Petri
1091 1468 1255 1550 interpres,

168 1592 372 1656 quaecunque
404 1571 574 1635 memoriae
606 1571 828 1645 mandaverat,
863 1570 1031 1654 diligenter
1060 1572 1255 1656 conscripsit,

166 1679 358 1739 nontamen
382 1676 500 1751 ordine,
526 1697 607 1758 quae
631 1697 650 1738 a
672 1673 798 1739 Christo
822 1679 878 1737 aut
907 1675 990 1740 dicta
1012 1680 1067 1741 aut
1090 1681 1182 1760 gesta
1204 1677 1256 1741 fu-

168 1786 275 1855 erant;
307 1801 411 1863 neque
441 1779 525 1842 enim
555 1779 717 1844 audiverat
740 1778 901 1844 dominnm
934 1801 1035 1864 neque
1058 1802 1130 1846 eum
1153 1786 1296 1846 secta-1⁰

167 1889 219 1949 tus
242 1885 356 1961 fuerat,
381 1885 444 1959 sed,
468 1889 505 1948 ut
520 1884 594 1960 dixi,
618 1888 730 1967 postea
746 1885 885 1962 Petrum,
912 1885 966 1968 qui
982 1907 1039 1968 pro
1062 1887 1257 1951 audientium

167 1990 306 2054 utilitate
335 1989 535 2081 evangelium
557 1990 776 2072 praedicabat,
810 2013 874 2054 non
897 1995 1003 2054 autem
1029 1991 1115 2055 velut
1137 2013 1255 2056 sermo·

167 2117 243 2159 num
267 2095 385 2159 domini
407 2094 572 2159 historiam
596 2099 781 2172 contexam,
806 2096 851 2159 ita
872 2101 909 2159 ut
931 2094 1057 2160 Marcus
1080 2096 1160 2160 nihil
1182 2118 1257 2180 pec-

168 2203 271 2274 caret,
295 2198 448 2263 nonnulla
470 2200 517 2263 ita
540 2200 697 2276 scribens,
720 2205 817 2282 prout
839 2200 990 2264 memoria
1016 2200 1196 2283 repetebat;
1225 2200 1257 2265 id

169 2304 286 2386 quippe
309 2325 406 2367 unum
431 2305 595 2380 studebat,
630 2308 664 2367 nt
686 2326 725 2368 ne
749 2305 824 2388 quid
848 2326 970 2379 eorum,
1001 2325 1081 2389 quae
1105 2305 1297 2383 audierat,1⁶

167 2408 435 2491 praetermitteret
457 2430 536 2473 neve
560 2408 636 2493 quid
659 2408 734 2472 falsi
757 2408 796 2472 iis
819 2408 1017 2494 affingeret.“

147 2511 236 2576 Haec
258 2511 357 2595 igitur
380 2535 399 2575 a
421 2511 522 2595 Papia
545 2512 583 2576 de
599 2511 708 2576 Marco
730 2515 907 2576 narrantur.
957 2513 1006 2576 16.
1031 2511 1080 2576 De
1095 2511 1258 2576 Matthaeo

79 2638 154 2680 vero
177 2615 256 2680 haec
279 2617 364 2680 dicta
387 2621 478 2680 sunt:

214 2720 417 2797 ,Matthaeus
439 2722 566 2804 quidem
580 2721 728 2786 hebraico
752 2742 894 2786 sermone
917 2720 1024 2785 divina
1045 2721 1171 2805 scripsit
1186 2745 1258 2787 ora-

170 2824 258 2900 cula;
281 2827 508 2910 interpretatus
524 2831 573 2890 est
588 2830 694 2891 autern
712 2848 749 2890 ea
765 2827 991 2911 unusquisque,
1008 2832 1103 2911 prout
1118 2831 1176 2911 pot
1201 2828 1254 2892 't‘
1270 2842 1297 2880 ²0

119 2960 159 3015 16.
180 2965 327 3027 Mortales
345 2991 380 3000 —
402 2957 529 3032 ἕκαστος]
558 2961 599 3017 Cf.
622 2961 659 3015 ad
686 2962 802 3026 thebei,
828 2979 851 3016 e.
871 2979 896 3030 g.
917 2961 1068 3016 caietanus
1094 2960 1260 3025 cardinalis,

80 3050 155 3101 hano
175 3048 343 3118 particulam
356 3050 440 3112 Zahn,
453 3052 614 3119 Einleilany
625 3049 659 3112 ΙΙ,
687 3056 716 3104 et
734 3049 828 3119 plures
842 3050 1045 3103 Protestantes.
1063 3079 1098 3089 —
1116 3048 1151 3105 τὰ
1168 3050 1259 3122 λόγια]

80 3136 229 3192 254-270.
247 3167 281 3175 -
299 3133 402 3210 {flooldi
421 3135 563 3213 διαλέκτῳ]
583 3137 660 3190 Idem
687 3136 748 3191 Hac
765 3152 833 3191 voce
852 3135 954 3204 Papias
982 3152 1050 3198 non,
1075 3139 1108 3189 ut
1126 3135 1261 3190 Schleier·

81 3223 199 3276 tradunt
217 3224 349 3277 lrenaeus
367 3224 414 3287 ΙΙΙ,
435 3226 501 3288 1,1;
525 3223 660 3293 Origenes
687 3224 800 3277 macher
817 3222 945 3292 pluribus
969 3221 1187 3276 assentientibus
1206 3225 1260 3277 sta·

82 3327 127 3379 ap.
147 3310 211 3363 Eua.
237 3311 270 3363 H.
290 3310 320 3364 E.
340 3312 386 3375 Vl,
405 3313 446 3376 25,
465 3314 495 3373 4;
523 3310 660 3364 Eusebius
687 3309 754 3373 tuit,
774 3308 969 3363 collectionem
987 3310 1130 3376 quandam
1156 3310 1260 3378 eloqui·

82 3399 116 3452 H.
137 3398 167 3451 Ε.
187 3399 234 3461 ΙΙΙ,
254 3399 295 3460 24,
315 3398 346 3460 6;
374 3400 407 3463 V,
430 3400 475 3462 10;
503 3398 616 3464 Quaest.
635 3397 661 3450 11
688 3414 768 3451 orum
797 3395 911 3450 Domini
949 3394 1123 3466 designavit,
1160 3414 1175 3451 e
1206 3414 1262 3465 qua

82 3484 121 3539 ad
147 3485 216 3539 Mar.
245 3486 287 3539 ed.
315 3486 374 3540 Mai
400 3488 429 3551 Ι,
454 3488 501 3549 64;
540 3484 660 3555 cyrillus
688 3482 872 3552 Evangelium
890 3482 1029 3536 Matthaei
1048 3484 1207 3538 confectum
1220 3502 1261 3539 es·

81 3570 455 3637 Hieros.0atech.lV,15;
483 3572 661 3642 Epiphanius
689 3572 739 3631 set,
759 3570 818 3633 sed,
847 3572 878 3623 ut
896 3586 992 3624 omnes
1010 3573 1119 3625 veteres
1140 3588 1201 3625 eam
1221 3573 1261 3626 in·

82 3659 117 3711 H.
137 3658 171 3713 30
189 3676 210 3712 c
231 3660 262 3722 3;
280 3660 467 3729 Hieronymus
488 3660 579 3715 catal.
599 3677 622 3714 c.
636 3661 660 3713 3.
687 3657 874 3721 tollererunt,
901 3657 955 3711 hoc
982 3658 1082 3726 ipsum.
1118 3657 1181 3714 Vox
1205 3676 1262 3714 non

82 3745 224 3799 Hebraiea
252 3747 391 3801 dialectns
417 3751 525 3809 autem,
552 3746 587 3800 de
606 3749 731 3833 qualest
741 3743 874 3814 urgenda.
900 3742 1016 3797 Maximi
1024 3745 1159 3800 momenti
1168 3747 1198 3799 in
1207 3747 1261 3801 hoc

82 3832 188 3901 Papias
211 3836 240 3887 et
259 3837 356 3904 patres
376 3836 526 3900 sequentes
544 3832 661 3901 loquun·
688 3847 769 3885 versu
794 3831 900 3899 Papiae
924 3830 1045 3900 lingna
1070 3833 1164 3902 operis
1191 3834 1261 3888 Mat·

82 3924 138 3981 tur,
158 3936 214 3973 non
228 3921 328 3990 lingua
340 3920 491 3977 bibliorum
503 3919 535 3974 V.
547 3921 577 3974 T.
592 3925 660 3984 erat,
687 3917 765 3971 thaei
775 3922 825 3981 est,
836 3935 893 3972 non
906 3936 1022 3983 summa,
1036 3924 1122 3986 atque
1135 3920 1171 3974 ob
1184 3920 1262 3973 illam

83 4007 135 4060 sed
153 4007 253 4076 lingua
271 4007 427 4070 aramaica,
457 4024 514 4075 qua
540 4006 661 4076 populns
687 4005 826 4059 rationem
842 4005 980 4060 Eusebius
997 4024 1109 4060 versum
1126 4006 1261 4061 laudavit.

83 4094 265 4149 Palaestinae
283 4097 352 4148 tuno
364 4095 500 4162 temporis
519 4094 660 4148 utebatur.
687 4122 722 4130 -
740 4092 902 4163 ἡρμήνευσε]
927 4092 944 4146 i.
965 4109 988 4146 e.
1013 4095 1204 4161 interpretatus
1222 4099 1261 4147 est

83 4183 155 4236 Cum
172 4184 217 4235 tot
236 4197 268 4233 ac
293 4185 353 4234 taur
372 4183 480 4233 veteres
502 4185 591 4235 testes
610 4179 660 4232 lin·
688 4194 737 4231 sen
754 4179 844 4246 sarid,
869 4194 907 4231 sc.
927 4177 961 4232 de
980 4194 1107 4232 sermone
1129 4179 1263 4234 hebraico

83 4284 158 4337 guae
176 4267 247 4331 sint,
273 4284 330 4334 qua
348 4266 510 4320 Matthaeus
535 4266 661 4336 Evange·
688 4264 718 4316 in
737 4263 863 4333 linguam
881 4281 1012 4335 graecam
1030 4265 1115 4333 idque
1139 4265 1261 4330 oraliter,

82 4353 153 4406 lium
172 4371 253 4407 suurn
272 4353 403 4422 scripsit,
432 4353 466 4407 de
486 4370 520 4407 aa
546 4354 662 4408 dubium
688 4353 1262 4421 necveroexplicuitntpntavitSohleier·

82 4458 141 4494 non
161 4457 222 4493 esse
240 4445 342 4509 potest.
380 4438 568 4494 Nihilominus
581 4441 662 4496 Eras-
687 4439 808 4492 macher.
854 4438 1006 4492 Praeterea
1032 4441 1159 4494 conicere
1187 4440 1262 4503 licet,

82 4545 145 4581 mus
164 4527 349 4582 traditionem
374 4543 471 4580 veram
498 4543 559 4582 esse
577 4545 662 4597 nega·
687 4526 806 4595 Papiam
826 4524 860 4578 de
879 4523 905 4578 S.
926 4524 1072 4595 Scriptura
1095 4527 1126 4581 in
1144 4543 1263 4582 conven-

81 4614 133 4677 vit,
162 4629 283 4681 eumque
303 4614 392 4669 secuti
418 4618 484 4669 sunt
508 4615 592 4684 pansi
612 4616 662 4670 Ca·
688 4611 764 4668 tibus
791 4610 927 4665 eeclesiae
951 4613 1149 4684 praelegendis
1174 4614 1262 4682 loqui.
