2834 5018
406 638 456 693 AD
476 638 555 694 COR.
574 638 660 703 XXV,
679 638 857 703 5-XXVIII,
877 638 901 693 2.
1180 644 1242 709 135

68 818 238 901 inspiciunt
271 823 304 882 et
325 818 457 901 impleto
490 840 572 883 anno
596 817 849 903 quingentesimo
882 817 1012 882 rediisse
1034 817 1125 881 illam
1154 838 1241 882 eom-

68 923 199 1005 pariunt.

151 1028 269 1092 XXVI.
295 1027 347 1093 An
368 1050 520 1113 magnum
552 1027 652 1111 igitur
674 1032 707 1091 et
729 1027 914 1092 admirabile
943 1026 1182 1104 arbitrabimur,
1214 1026 1242 1090 si

68 1153 169 1196 rerum
193 1133 334 1196 omnium
357 1132 465 1215 opifex
487 1152 650 1216 resurgere
673 1152 726 1196 eos
749 1132 865 1209 faeiat,
903 1131 957 1216 qui
978 1131 1012 1194 in
1043 1131 1145 1196 bonae
1168 1131 1242 1195 fidei

67 1236 255 1301 confidentia
276 1237 426 1321 religiose
448 1236 497 1299 illi
519 1236 738 1312 inservierunt,
762 1257 834 1300 curn
855 1258 912 1319 per
926 1236 1084 1300 volucrem
1105 1237 1268 1319 promis-⁶

68 1341 161 1405 sionis
195 1362 271 1405 suae
302 1339 572 1425 magnificentiam
595 1341 719 1405 abunde
750 1342 842 1406 nobis
864 1340 1063 1425 patefaciat?
1101 1342 1131 1404 2.
1155 1341 1243 1405 Dicit

68 1446 148 1510 enim
170 1444 308 1509 alicubi:
333 1447 520 1509 Suscs‘tubr's
542 1463 605 1523 me,
628 1454 661 1509 et
676 1447 855 1524 cossfitebor
871 1448 951 1525 tibt,·
973 1450 1022 1510 et:
1047 1449 1196 1511 Dormiat·
1211 1453 1244 1509 et

68 1559 244 1632 soporatus
266 1570 361 1630 sum;
382 1556 530 1630 surrexi,
554 1557 631 1631 quta
647 1560 682 1615 tu
706 1571 831 1615 mecum
847 1571 892 1616 es.
938 1553 967 1615 3.
992 1552 1035 1616 Et
1057 1575 1165 1616 mrsus
1186 1551 1243 1616 Iob

69 1654 160 1718 dicit:
191 1656 235 1718 Et
257 1672 391 1717 curnem
420 1657 505 1717 bunc
528 1673 635 1717 meum
658 1657 891 1736 resuscitabis,
923 1675 1007 1736 quae
1029 1663 1141 1721 onznia
1163 1659 1245 1720 tues

65 1779 167 1840 possa
192 1766 252 1821 est.
969 1786 973 1793 ·
1257 1781 1283 1819 10

153 1862 289 1928 XXVII.
314 1862 385 1927 Hac
407 1863 508 1947 igitur
529 1884 586 1946 spe
610 1862 707 1927 animi
728 1863 829 1927 nostri
845 1865 885 1927 ad
908 1886 980 1928 eum
995 1865 1242 1949 adstringantur,

71 1970 120 2051 qui
143 1968 249 2032 fidelis
278 1967 381 2030 estin
411 1967 672 2050 promissionibus
702 1973 735 2033 et
763 1967 865 2033 iustus
893 1969 927 2033 in
948 1970 1081 2034 iudiciis.
1127 1972 1157 2034 2.
1183 1969 1246 2046 Qui

70 2074 194 2137 mentiri
224 2057 342 2147 vetuit,
379 2072 480 2136 multo
508 2073 612 2136 minus
642 2073 711 2155 ipse
740 2073 927 2148 mentietur;
959 2073 1039 2137 nihil
1072 2074 1154 2138 enim
1185 2076 1244 2138 deo

70 2176 264 2261 impossibile
283 2180 508 2260 praeterquam
522 2177 658 2240 mentiri.
705 2179 734 2242 3.
760 2178 979 2242 Exsuscitetur
994 2178 1092 2261 igitur
1105 2180 1138 2243 in
1154 2179 1244 2243 nobis

70 2280 142 2345 fides
166 2281 244 2356 eius,
270 2286 301 2345 et
323 2281 429 2344 omnia
451 2280 513 2363 ipsi
526 2282 707 2365 propinqua
729 2303 797 2346 esse
813 2282 1054 2347 consideremus.
1084 2285 1113 2347 4.
1138 2282 1243 2346 Verbo
1258 2304 1283 2340 rs

70 2386 243 2450 maiestatis
266 2408 341 2449 suae
373 2385 538 2449 constituit
561 2387 667 2449 omnia
691 2391 723 2451 et
745 2387 840 2451 verbo
869 2409 926 2450 suo
948 2392 1055 2470 potest
1076 2386 1134 2452 illa
1155 2409 1243 2452 ever·

70 2494 141 2555 tere.
190 2490 220 2553 5.
250 2492 329 2566 Oasis
360 2492 447 2553 dicet
476 2495 525 2553 ei:
563 2492 649 2566 Ouid
665 2493 811 2569 fecisti?
849 2492 904 2554 Vel
929 2497 1002 2571 ursis
1029 2493 1245 2571 fortitudinis

72 2602 139 2660 eius
161 2598 280 2660 robori
300 2599 467 2660 resistet?
488 2593 620 2669 Quando
643 2594 712 2658 vult
735 2599 767 2658 et
791 2594 948 2678 quomodo
963 2594 1041 2670 vult,
1066 2595 1172 2659 omnia
1193 2595 1244 2659 fa·

72 2700 138 2777 ciet,
163 2721 267 2784 neque
284 2701 457 2783 quidquam
473 2699 513 2762 ab
530 2719 567 2762 eo
583 2698 679 2762 semel
697 2700 856 2764 decretum
871 2700 1065 2783 praeteribit.
1112 2701 1141 2764 6.
1167 2698 1244 2764 Om-

70 2805 120 2868 nia
142 2826 252 2868 coram
274 2804 345 2888 ipso
369 2807 442 2867 sunt
463 2801 607 2885 nihilque
629 2802 795 2866 eonsilium
827 2803 892 2867 eius
915 2804 1022 2878 latuit,
1057 2804 1085 2867 7.
1109 2803 1138 2867 si
1160 2808 1246 2868 caeli
1259 2832 1284 2871 so
1371 2841 1373 2845 ν

71 2918 232 2973 enarrant
261 2912 407 2989 pluriam
436 2909 507 2987 dei,
537 2927 621 2989 opus
652 2927 807 2972 snanuum
831 2915 903 2972 ee'us
936 2915 1113 2972 annumeret
1132 2912 1245 2989 firmu-

71 3025 235 3095 menlum;
258 3017 331 3078 dies
345 3016 413 3076 diei
437 3021 566 3076 erraectu!
580 3015 724 3091 uerbum,
748 3020 780 3075 et
795 3032 864 3075 aus
883 3019 972 3076 reocls'
993 3015 1119 3076 inderet
1141 3020 1246 3077 scien·

70 3126 167 3199 tium
200 3126 234 3183 et
261 3137 327 3181 aon
357 3125 436 3180 sum
467 3119 618 3196 loquelae
651 3136 756 3197 neque
787 3136 977 3197 sermones,
1012 3137 1148 3198 perarma
1181 3138 1246 3181 reon

71 3227 252 3288 audiantur
275 3242 379 3286 uoces.

155 3326 307 3392 XXVIII.
332 3324 410 3389 Cum
434 3325 539 3389 omnia
562 3325 662 3409 igitur
684 3326 751 3389 eius
775 3324 875 3390 oeulis
898 3330 930 3389 et
953 3326 1081 3391 auribus
1103 3330 1244 3409 pateant,
1260 3350 1286 3390 as

70 3438 248 3497 metuamus
271 3454 342 3495 eum
365 3437 397 3496 et
428 3432 568 3514 impuras
591 3431 781 3514 cupiditates
804 3452 974 3515 pravorum
1003 3452 1133 3513 operum
1156 3431 1246 3494 dese-

71 3559 184 3613 ramus,
209 3542 246 3601 ut
269 3535 418 3601 afuturo
442 3536 556 3600 iudicio
580 3536 646 3599 eius
670 3536 884 3600 misericordia
905 3541 1059 3619 tegamur.
1105 3536 1135 3598 2.
1160 3533 1247 3611 Quo-

69 3642 153 3706 niam
177 3642 261 3705 enim
294 3642 365 3725 quis
387 3646 533 3705 nostrum
556 3663 575 3703 a
597 3645 727 3724 potente
758 3640 825 3703 eius
848 3662 944 3703 manu
975 3640 1085 3724 fugere
1116 3642 1247 3723 potest?

71 3744 145 3822 Quis
168 3746 306 3809 mundus
330 3745 512 3829 quempiam
535 3743 575 3808 ab
599 3766 636 3808 eo
659 3744 860 3828 transfugam
875 3744 1031 3828 recipiet?
1053 3744 1140 3808 Dicit
1163 3743 1246 3805 enirn

139 3924 218 3981 aps.
238 3925 280 3988 27,
301 3924 397 3977 77-
416 3924 430 3976 7
449 3924 494 3977 Ps.
515 3925 538 3983 3,
559 3924 591 3986 6;
610 3925 651 3987 22,
671 3926 695 3977 4.
724 3956 759 3963 -
786 3923 871 3977 9lob
892 3923 930 3983 19,
950 3922 992 3975 26.
1009 3952 1044 3960 -
1070 3919 1102 3973 18
1121 3919 1184 3990 Sap.
1207 3921 1245 3983 12,

72 4014 116 4076 12;
136 4016 176 4076 ll,
197 4012 239 4064 22.
259 4041 292 4050 -
312 4012 346 4064 22
363 4009 408 4063 Ps.
430 4010 470 4072 18,
490 4011 568 4064 2-4.

69 4163 225 4218 reddidisse
252 4160 369 4213 videtur.
407 4159 448 4213 cf.
476 4161 521 4214 Pe.
541 4159 583 4222 87,
604 4159 643 4215 11.
709 4158 733 4210 3.
751 4155 1002 4230 ἀναζωπυρησάτω]
1029 4156 1069 4209 Of.
1089 4155 1115 4209 II
1134 4155 1204 4208 Tim.
1226 4158 1247 4219 1,

69 4250 166 4304 Plures
179 4247 268 4302 verba
280 4245 316 4298 ad
335 4243 437 4299 librum
454 4246 646 4315 apocryphum
673 4246 702 4303 ὃς
723 4245 781 4315 Ign.
800 4242 871 4312 aph.
892 4244 913 4306 1,
935 4244 957 4296 l.

69 4335 252 4479 refelldldllll,
273 4424 295 4476 1.
322 4429 412 4495 πιστῷ
431 4418 461 4477 ἓν
478 4441 502 4476 τ.
522 4418 575 4490 ea]
604 4420 646 4475 Cf.
709 4369 733 4420 4⁵
753 4365 783 4424 ἐν
799 4368 874 4441 λόγῳ
892 4366 963 4434 m]
984 4364 1026 4419 Of·
1045 4362 1129 4416 ΗΘΜ
1151 4368 1173 4427 l,
1192 4364 1216 4418 3⁰

69 4509 152 4563 Hebr.
174 4508 215 4571 10,
235 4507 283 4569 23;
305 4510 344 4570 11,
365 4507 404 4562 11,
660 4526 663 4573 p
710 4490 734 4543 5.
754 4486 892 4560 παρέλθῃ]
905 4485 1249 4550 ct.Matth.5,18;24,35.

102 4599 126 4652 a.
147 4595 190 4652 cf.
211 4594 296 4649 fleur.
315 4594 339 4658 a,
361 4594 406 4656 rs;
426 4593 481 4647 ris
503 4594 525 4657 1,
545 4595 568 4647 a
660 4578 663 4681 1
710 4593 734 4645 e.
755 4590 796 4647 cf.
816 4591 861 4644 a.
882 4590 940 4655 rsa,
960 4592 984 4647 a.
1003 4593 1027 4644 4.
1049 4591 1088 4645 ra.
