2834 5018
548 682 617 738 sm.
636 684 682 748 rx,
700 684 725 746 4,
744 684 820 747 3-5‚
840 683 863 737 a
1226 689 1290 754 585

119 884 180 946 que
203 864 305 946 aptati
328 863 455 928 suntin
487 866 677 927 structuram
700 863 811 939 turris,
842 861 1017 946 virginibus
1047 884 1100 926 eos
1131 865 1290 947 portanti-

117 971 177 1036 bus
200 971 281 1035 sicut
303 975 335 1034 et
357 974 438 1034 ante.
485 968 564 1032 Post
596 968 655 1032 hos
687 967 895 1031 ascenderunt
916 966 1049 1050 triginta
1071 968 1223 1052 quinqua
1259 973 1291 1034 et

117 1074 152 1138 hi
173 1074 318 1139 similiter
348 1075 451 1159 aptati
479 1077 554 1137 sunt
583 1073 617 1136 in
642 1072 765 1136 turrim.
812 1070 889 1134 Post
918 1070 977 1134 hos
1005 1070 1061 1134 alii
1084 1073 1291 1138 ascenderunt

117 1179 239 1262 lapides
272 1178 500 1263 quadraginta;
532 1179 563 1240 et
590 1175 624 1239 hi
654 1196 762 1239 omnes
793 1173 906 1239 adiecti
938 1180 1011 1239 sunt
1041 1176 1075 1240 in
1098 1181 1290 1242 structuram

117 1284 228 1357 turrim
262 1283 339 1347 facti
371 1287 445 1346 sunt
477 1302 553 1365 ergo
587 1283 723 1363 quatuor
746 1279 870 1343 ordines
892 1280 925 1342 in
948 1278 1160 1344 fundamentis
1181 1282 1313 1347 turrisa

117 1391 146 1453 4.
171 1389 215 1453 Et
238 1387 396 1451 desierunt
424 1386 547 1469 lapides
567 1385 605 1448 de
627 1383 784 1467 profundo
807 1383 988 1458 ascendere;
1020 1385 1181 1450 desierunt
1209 1409 1289 1470 pau·

117 1493 215 1576 lisper
237 1493 333 1556 etiam
356 1490 567 1556 aedificantes.
612 1487 656 1552 Et
678 1487 793 1550 iterum
814 1509 869 1550 sex
897 1485 947 1550 illi
975 1487 1034 1551 viri
1055 1488 1291 1572 imperavenmt

117 1596 311 1661 multitudini
332 1594 453 1679 populi,
477 1598 513 1657 ut
534 1592 656 1675 lapides
684 1613 701 1654 e
724 1591 885 1655 montibus
908 1591 1058 1656 afferrent
1081 1594 1121 1657 ad
1143 1594 1289 1659 aedifica·

116 1702 233 1765 tionem
255 1700 361 1764 turris.
409 1699 438 1762 5.
469 1699 520 1763 Ex
549 1696 695 1761 omnibus
726 1696 825 1779 igitur
847 1696 1006 1761 montibus
1029 1697 1152 1781 lapides
1175 1699 1289 1764 colori·

116 1806 175 1869 bus
197 1804 292 1868 variis
316 1802 414 1867 dolati
437 1826 456 1867 a
478 1802 554 1866 viris
582 1800 795 1864 afferebantur
824 1805 856 1864 et
885 1802 1130 1885 porrigebantur
1157 1804 1329 1889 virgini-10

116 1910 192 1984 bus3
216 1909 355 1993 virgines
379 1912 483 1971 autem
506 1904 741 1970 transferebant
763 1926 817 1969 eos
839 1927 897 1989 per
917 1912 1044 1989 portam
1065 1909 1289 1993 porrigebant·

118 2036 177 2098 que
208 2015 242 2079 in
273 2018 464 2079 structuram
493 2011 607 2076 turris..
644 2010 689 2074 Et
718 2031 789 2074 cum
810 2010 844 2074 in
874 2015 1033 2076 structura
1059 2013 1157 2096 positi
1187 2017 1291 2078 essent

116 2117 236 2202 lapides
269 2118 365 2195 varii,
400 2115 577 2180 consimiles
606 2114 685 2179 facti
714 2118 789 2179 suut
818 2115 942 2179 candidi
970 2120 1002 2180 et
1031 2117 1153 2181 colores
1186 2118 1290 2182 varios

116 2225 331 2287 mutavemnt.¹
373 2222 402 2285 6.
428 2220 562 2297 Quidam
592 2241 666 2284 vero
694 2219 816 2303 lapides
847 2220 1092 2305 porrigebantur
1119 2221 1235 2286 ariris
1256 2222 1290 2286 in

117 2327 367 2391 aedificationem
388 2347 490 2408 neque
519 2325 639 2389 fiebant
661 2325 830 2408 splendidi,
863 2326 918 2389 sed
941 2326 1050 2410 quales
1078 2328 1176 2411 positi
1205 2331 1288 2404 sunt,
1305 2351 1329 2389 ιι

116 2430 195 2495 tales
218 2431 314 2495 etiam
336 2429 457 2494 inventi
480 2433 570 2503 sunt;
602 2430 772 2493 nonenim
795 2452 814 2494 a
835 2429 1011 2515 virginibus
1040 2432 1179 2515 porrecti
1201 2437 1292 2496 erant

116 2557 172 2599 nec
200 2556 258 2618 per
285 2539 411 2617 portam
442 2533 542 2598 allati.
596 2532 640 2597 Hi
667 2534 768 2618 igitur
798 2533 920 2618 lapides
952 2535 1107 2600 deformes
1138 2541 1228 2601 erant
1258 2536 1292 2600 in

116 2644 274 2704 structura
305 2641 411 2703 turris.
459 2640 487 2702 7.
512 2637 578 2704 Ubi
611 2643 717 2703 autem
740 2661 794 2703 sex
816 2638 864 2703 illi
893 2640 952 2703 viri
980 2639 1103 2724 lapides
1134 2640 1290 2705 deformes

115 2745 148 2808 in
171 2743 388 2808 aedificatione
409 2744 571 2820 viderunt,
604 2744 764 2808 iusserunt
787 2766 839 2809 eos
867 2745 940 2810 tolli
962 2751 995 2810 et
1015 2745 1126 2810 referri
1152 2745 1236 2810 iufra
1257 2745 1291 2809 in

116 2848 220 2913 locum
242 2870 343 2926 suum,
367 2849 449 2912 unde
473 2847 564 2913 allati
587 2852 686 2913 erant.
733 2851 761 2914 8.
786 2850 830 2913 Et
853 2851 961 2915 dicunt
975 2851 1050 2914 viris
1073 2850 1195 2935 lapides
1211 2850 1289 2914 affe·
1304 2872 1330 2910 ao

115 2953 272 3017 rentibus:
297 2952 433 3017 Omnino
455 2974 510 3017 vos
525 2952 647 3036 lapides
670 2954 768 3018 nolite
783 2955 946 3040 porrigere
969 2957 1009 3020 ad
1029 2956 1288 3033 aedificationem,

116 3058 170 3120 sed
191 3057 299 3140 ponite
323 3078 376 3121 eos
408 3058 498 3122 iuxta
527 3058 656 3132 turrim,
689 3062 725 3121 ut
746 3059 884 3143 virgines
907 3081 961 3124 eos
984 3080 1041 3143 per
1062 3071 1188 3143 portam
1211 3059 1289 3122 affe·

115 3166 187 3225 rant
207 3162 439 3246 porrigantque
463 3161 502 3226 ad
526 3161 783 3226 aedificationem.
830 3160 902 3226 Nisi
925 3163 1023 3238 enim,
1046 3162 1209 3246 inquiunt,
1233 3184 1291 3244 per

115 3288 226 3330 manus
261 3266 420 3350 virginum
455 3266 588 3329 istarum
626 3264 716 3329 allati
749 3265 868 3329 fuerint
904 3287 961 3349 per
993 3270 1137 3349 portam,
1170 3265 1290 3330 colores

115 3391 189 3434 suos
204 3375 327 3435 mutare
348 3392 411 3434 non
427 3374 579 3454 possunt3
602 3368 701 3434 nolite
724 3391 810 3455 erge,
825 3371 981 3455 inquiunt
999 3370 1117 3434 frustra
1134 3370 1329 3435 laborarem

203 3576 239 3644 ὅ.
263 3578 307 3643 Et
328 3578 420 3643 finita
442 3582 491 3641 est
511 3578 569 3642 illo
594 3578 644 3642 die
660 3577 846 3656 aedificatio,
870 3578 925 3642 sed
939 3578 1035 3642 turris
1057 3600 1120 3643 non
1143 3582 1192 3642 est
1215 3600 1290 3642 con·

115 3687 285 3757 summata;
316 3681 459 3746 futurum
482 3683 665 3759 enimerat‚
688 3682 862 3746 utiterum
885 3682 1119 3759 aedificaretur;
1152 3687 1185 3746 et
1207 3681 1288 3746 dila-

115 3789 193 3852 tatio
217 3787 443 3852 aedificationis
465 3787 552 3852 facta
568 3793 626 3852 est.
671 3787 835 3853 Iusseumt
851 3793 958 3852 autem
980 3809 1035 3851 sex
1056 3787 1105 3851 illi
1119 3788 1179 3850 viri
1202 3787 1288 3851 aedi·

114 3892 245 3956 ficantes
267 3893 411 3957 recedere
425 3891 589 3975 paulisper
611 3913 719 3956 omnes
742 3897 774 3955 et
788 3891 1000 3974 requiescere;
1024 3891 1200 3975 virginibus
1215 3911 1289 3954 vero

114 3997 356 4081 imperavenmt,
380 4018 419 4061 ne
442 4018 461 4060 a
481 3997 561 4060 turri
584 3996 785 4061 discederent.
832 3994 1031 4059 Videbantur
1050 3994 1130 4059 mihi
1151 3994 1290 4079 virgines
1303 4018 1329 4055 ao

116 4122 183 4165 esse
205 4101 341 4178 relictae,
365 4105 401 4164 ut
423 4100 536 4164 turrim
553 4101 754 4164 custodirent.
801 4100 830 4162 2.
857 4098 1032 4182 Postquam
1055 4104 1161 4163 autem
1182 4119 1290 4163 omnes

116 4290 150 4343 de
168 4288 304 4360 apostolis
331 4305 365 4342 ac
391 4287 553 4342 doctoribus
580 4286 699 4358 praedi.
718 4289 783 4340 sunt
810 4283 893 4338 electi
917 4289 983 4354 post
1008 4284 1159 4340 adventum
1178 4285 1290 4341 Christi.

116 4378 236 4431 cationis
255 4376 306 4429 filii
323 4374 377 4430 Dei
396 4390 486 4429 sermo
506 4378 556 4430 est.
752 4373 776 4427 6.
797 4371 838 4425 Cf.
859 4388 881 4425 e.
900 4373 924 4433 5,
943 4373 974 4434 4;
1011 4388 1033 4425 c
1054 4373 1094 4436 12,
1106 4375 1138 4435 4;
1168 4388 1190 4425 c.
1212 4373 1252 4434 13,
1264 4373 1289 4428 3.

149 4466 174 4517 4.
194 4463 236 4517 Cf.
256 4480 278 4516 c.
298 4464 323 4526 5,
344 4464 367 4517 1.
386 4460 411 4513 2.
717 4458 944 4530 Explicationem
962 4458 1061 4512 horum
1078 4458 1205 4527 lapidum
1221 4460 1290 4514 Her·

150 4552 174 4604 5.
193 4549 314 4618 Lapides
337 4565 352 4602 e
381 4546 523 4602 montibus
547 4549 691 4618 apportati
717 4563 777 4600 mas
795 4562 852 4600 non
870 4544 991 4600 exhibet
1029 4544 1071 4598 Os.
1090 4545 1148 4600 Vis.
1166 4544 1214 4611 111,
1226 4546 1251 4610 6,
1265 4549 1289 4602 l.

116 4640 145 4691 et
174 4637 210 4690 ad
240 4638 410 4690 structuram
445 4633 530 4687 turris
567 4634 691 4690 adhibiti
