2834 5018
303 678 527 735 MARTYRIUM
547 681 573 734 S.
591 678 797 736 POLYCARPI
814 681 862 749 111,
883 683 980 746 l-Vl,
1001 684 1023 737 1.
1189 688 1252 753 319

76 878 147 920 curn
170 858 341 940 proconsul
364 879 437 922 eum
459 856 585 923 flectere
607 859 704 924 vellet
727 860 916 944 diceretque,
941 866 976 925 ut
1000 884 1090 926 suam
1112 862 1181 947 ipse
1198 884 1251 927 ae·

74 967 174 1026 tatem
196 962 414 1040 miseraretur,
447 963 501 1027 ille
524 964 658 1028 bestiam
680 964 765 1028 ultro
794 964 835 1028 ad
857 986 891 1029 sc
914 965 1045 1030 attraxit
1075 966 1166 1050 eique
1189 967 1252 1031 vim

73 1067 196 1144 intulit,
231 1068 361 1152 cupiens
383 1067 522 1132 velocius
545 1090 583 1132 ex
606 1068 724 1132 iniusta
746 1072 777 1132 et
799 1068 909 1152 iniqua
936 1069 1064 1133 illorum
1087 1069 1252 1135 hominurn

72 1173 141 1237 vita
163 1173 312 1257 effugere.
359 1175 387 1236 2.
411 1173 535 1237 Exinde
558 1179 665 1238 autem
694 1173 841 1238 universa
867 1174 1056 1250 multitudo,
1086 1173 1250 1238 fortitudi-

73 1299 145 1341 nem
168 1278 214 1361 pii
237 1300 273 1342 ac
296 1277 438 1361 religiosi
461 1275 713 1343 Christianorum
735 1280 860 1362 generis
884 1279 1058 1355 admirata,
1092 1279 1277 1343 exclama-⁶

73 1382 135 1444 vit:
159 1381 250 1445 'Polie
272 1382 407 1465 impi0s;
432 1380 628 1464 Polycarpus
651 1383 845 1466 requiratur!

161 1485 215 1550 IV.
240 1484 376 1562 Quidam
396 1507 479 1562 vero,
503 1485 629 1550 nomine
652 1484 798 1565 Quintus,
821 1488 949 1552 natione
972 1487 1089 1572 Phryx,
1116 1488 1170 1571 qui
1191 1511 1250 1551 nu-

71 1612 129 1673 per
152 1612 190 1655 ex
205 1590 348 1676 Phrygia
371 1591 551 1666 aduenerat,
569 1613 641 1654 cum
663 1591 794 1656 uidisset
809 1593 936 1671 bestias,
960 1593 1074 1658 timore
1088 1592 1250 1676 perculsus

72 1700 130 1759 est.
177 1695 240 1759 Hic
263 1701 370 1760 autem
393 1700 469 1774 erat,
495 1696 549 1778 qui
572 1717 605 1760 se
620 1696 725 1779 ipsum
748 1701 780 1761 et
795 1697 875 1761 alios
899 1698 1053 1781 quosdam
1067 1696 1248 1780 impulerat,

70 1805 108 1863 ut
130 1801 215 1864 ultro
232 1800 424 1864 accederent.
472 1800 555 1864 Huic
577 1801 749 1885 proconsul
763 1801 872 1865 multis
888 1801 1159 1865 obsecrationibus
1174 1823 1248 1884 per·
1263 1818 1289 1855 1⁰

71 1906 172 1969 suasit
203 1905 307 1969 iurare
337 1928 374 1969 ac
405 1906 588 1970 sacrificare.
636 1905 771 1990 Propter
793 1905 854 1969 hoc
875 1905 991 1988 igitur,
1023 1905 1155 1980 fratres,
1186 1927 1250 1969 non

70 2010 238 2075 laudamus
261 2032 331 2087 eos,
366 2010 421 2093 qui
443 2014 556 2092 sponte
580 2032 648 2075 sese
671 2010 816 2085 offerunt,
840 2009 1095 2092 quandoquidem
1118 2030 1181 2073 non
1204 2011 1250 2073 ita

71 2115 163 2179 docet
185 2115 393 2199 evangelium.

157 2220 197 2284 V.
222 2220 417 2304 Polycarpus
440 2222 564 2295 autern,
597 2219 645 2282 vir
667 2218 803 2282 maxime
826 2217 1030 2296 admirabilis,
1054 2217 1192 2302 primum
1215 2240 1248 2282 re

70 2325 180 2390 audita
201 2347 265 2388 non
287 2327 435 2390 turbatus
458 2329 514 2402 est,
540 2325 594 2389 sed
616 2325 650 2388 in
671 2325 750 2388 urbe
771 2345 955 2406 permanere
977 2324 1120 2397 volebat;
1148 2323 1246 2406 pleri-
1262 2334 1287 2372 ¹⁶

70 2450 132 2512 que
154 2435 260 2493 tamen
284 2430 312 2493 ei
334 2432 568 2512 persuaserunt,
592 2433 628 2491 ut
650 2429 819 2492 secederet.
864 2428 908 2491 Et
930 2429 1060 2492 secessit
1082 2428 1115 2491 in
1138 2427 1249 2491 villam

69 2555 133 2597 non
155 2533 291 2597 multum
315 2535 355 2598 ab
378 2533 456 2596 urbe
479 2533 631 2612 dissitam,
656 2533 711 2597 ubi
734 2556 806 2597 cum
827 2533 937 2616 paucis
954 2533 1081 2610 mansit,
1107 2534 1160 2596 diu
1175 2554 1248 2597 noc·

68 2643 168 2722 tuque
190 2638 236 2702 nil
268 2637 355 2701 aliud
385 2659 501 2722 agens,
535 2638 596 2702 nisi
618 2639 703 2722 quod
735 2644 840 2702 oraret
861 2659 921 2720 pro
949 2638 1103 2702 universis
1135 2642 1167 2701 et
1189 2658 1247 2721 pro

68 2743 216 2807 omnibus
238 2763 295 2824 per
325 2743 434 2811 orbem
458 2741 616 2818 ecclesiis;
650 2742 734 2826 quod
756 2741 819 2825 ipsi
843 2747 911 2805 orat
944 2741 1104 2805 sollemne.
1151 2743 1180 2805 2.
1204 2743 1249 2806 Et

69 2868 141 2909 curn
164 2849 277 2922 oraret,
302 2845 407 2908 triduo
431 2850 602 2928 antequam
625 2845 949 2929 comprehenderetur,
974 2845 1054 2910 visio
1078 2847 1106 2909 ei
1129 2847 1246 2930 obtigit
1259 2855 1285 2894 ²⁰

67 2950 209 3033 viditque
240 2950 374 3014 cervical
397 2973 488 3013 suurn
519 2949 662 3013 incendio
695 2949 902 3033 conflagrans.
948 2951 993 3015 Et
1016 2972 1183 3014 conuersus
1207 2952 1247 3015 ad

67 3055 171 3118 socios
195 3055 290 3117 dixit:
316 3053 452 3137 Oportet
473 3075 523 3117 me
545 3055 651 3117 vivum
674 3055 823 3120 comburi.

156 3158 212 3222 VI.
237 3158 435 3222 Instantibus
458 3160 564 3220 autern
586 3157 642 3235 iis,
677 3158 731 3240 qui
754 3158 949 3241 quaerebant
972 3179 1061 3234 eum,
1094 3159 1127 3222 in
1150 3158 1246 3222 aliam

67 3262 178 3327 villam
200 3263 358 3346 migravit,
383 3266 414 3325 et
437 3261 545 3325 statim
568 3261 698 3325 aderant
719 3263 943 3345 exploratores.
991 3261 1132 3346 Cumque
1155 3263 1246 3326 illum

66 3392 132 3433 non
154 3368 361 3452 reperissent,
396 3367 474 3430 duos
497 3365 637 3429 servulos
661 3366 983 3449 comprehenderunt,
1008 3388 1141 3450 quorum
1164 3366 1245 3430 alter
1258 3381 1284 3420 2⁵

64 3473 234 3537 tormentis
257 3473 403 3537 subditus
426 3470 589 3534 confessus
613 3476 669 3534 est.
715 3470 916 3555 impossibile
933 3476 1039 3536 autem
1062 3477 1131 3535 erat
1146 3471 1244 3535 latere

140 3628 171 3681 12
189 3625 289 3679 Mattb
312 3625 351 3688 10,
370 3626 420 3687 23;
439 3622 534 3679 loann.
554 3625 578 3687 7,
600 3628 628 3687 13
647 3625 671 3688 8,
694 3624 741 3686 59;
763 3626 802 3688 10,
823 3624 864 3678 39.

65 3765 144 3833 ὅπως
162 3766 266 3839 ταχέως
287 3764 484 3839 ἀπαλλαγῶσιν
510 3775 560 3822 τοῦ
578 3767 641 3823 redo·
669 3766 740 3820 libro
769 3765 803 3820 de
827 3766 898 3834 fuga
922 3765 952 3818 in
975 3763 1182 3833 persecutione)
1201 3764 1243 3817 fu-

63 3873 122 3923 μου
140 3853 268 3919 (Testes.
284 3854 386 3908 Uiders.
397 3853 558 3922 111‚3-4p.
569 3854 641 3920 449).
668 3853 801 3923 pandum
824 3852 854 3905 in
877 3849 1074 3921 perseeutione
1098 3866 1156 3903 non
1183 3865 1243 3903 esse

101 3942 125 3993 2.
142 3946 292 4014 θεοσεβοῦς
318 3941 416 4013 γένους
434 3962 458 3997 τ.
477 3941 542 4012 Χρ.]
570 3942 641 3994 Item
669 3941 873 3994 demonstraret
892 3939 999 4008 (Zahu).

64 4027 165 4082 Melito
194 4028 271 4082 Sard.
300 4029 375 4097 apud
402 4027 466 4081 Eue.
493 4026 527 4080 Η.
545 4026 576 4080 Ε.
595 4027 640 4090 Ν,
703 4027 735 4090 V,
757 4031 778 4081 1.
799 4027 884 4083 νύκτα
906 4026 976 4095 κτλ.]
1001 4025 1044 4079 Ct'.
1070 4025 1153 4092 Cypr.
1171 4025 1244 4078 Acta

64 4117 107 4179 26,
118 4116 148 4176 5;
162 4115 243 4170 Mart.
255 4118 314 4186 lgn.
326 4115 436 4178 colna,
450 4118 471 4170 1.
482 4113 640 4185 -o’tbe‘och
668 4131 797 4184 procons.
817 4131 840 4167 c.
861 4116 873 4168 1
900 4113 943 4166 ed.
963 4111 1061 4166 Hartel
1079 4112 1119 4165 Ill
1136 4130 1163 4180 p.
1187 4112 1241 4166 CX.

63 4202 82 4254 i.
103 4219 125 4255 e.
146 4201 329 4256 Christianos.
362 4203 403 4256 Ct'.
424 4201 453 4264 9,
479 4203 496 4254 2
522 4203 580 4269 (12,
600 4204 641 4270 2);
668 4199 923 4273 -σύνηθεςαῦτῷ]
935 4200 977 4254 cf.
987 4198 1079 4267 Polyc.
1091 4197 1162 4252 Phil.
1172 4197 1241 4260 123.

63 4290 130 4344 Iust.
150 4290 202 4359 Ap.
215 4291 235 4353 l,
249 4290 273 4343 6.
289 4291 328 4344 13.
348 4288 487 4358 Athenag.
502 4287 566 4357 Leg.
581 4305 603 4341 o.
615 4289 640 4341 4.
703 4290 726 4342 2.
746 4286 776 4344 ἐν
793 4287 923 4363 ὀπτασίᾳ]
937 4284 1042 4339 Similis
1054 4283 1126 4339 visio
1139 4284 1243 4354 obtigit

100 4378 147 4431 lV.
167 4376 218 4433 οὐκ
236 4374 403 4446 ἐπαινοῦμεν
420 4374 490 4442 κτλ]
517 4375 640 4437 cf.1‚2;
668 4393 689 4428 s.
708 4373 856 4443 Cypriane.
895 4373 937 4427 cf.
956 4372 1023 4426 Vita
1049 4374 1130 4441 Cypr.
1150 4388 1173 4424 c.
1195 4373 1240 4434 12;

64 4465 152 4519 Clem.
177 4463 219 4517 Al.
243 4464 344 4517 Strom.
364 4462 411 4525 IV,
431 4463 457 4525 4,
479 4462 510 4516 17
536 4480 562 4530 p.
579 4463 639 4516 571.
667 4461 799 4525 Ruinart,
818 4463 891 4514 Acta
909 4461 951 4515 ed.
972 4461 1076 4516 Galura
1094 4461 1127 4523 Il,
1147 4462 1181 4515 34
1199 4477 1240 4527 sq.

62 4554 88 4605 A
113 4551 254 4606 communi
281 4550 391 4618 priscae
417 4547 553 4602 ecelesiae
580 4565 640 4602 seu·
667 4555 808 4620 -ζῶντα
827 4549 974 4619 καυθῆναι]
999 4552 1072 4604 Acta
1090 4547 1175 4617 Carpi
1193 4548 1240 4602 36:

61 4637 157 4693 tentia
169 4634 358 4690 Tertullianus
373 4635 499 4699 recessit,
518 4651 580 4689 cum
598 4635 641 4705 (in
666 4636 770 4694 κελεύει
788 4634 888 4703 αὐτοὺς
906 4640 1012 4706 ζῶντας
1029 4650 1134 4708 καῆναι.
