2834 5018
163 359 226 424 302
525 352 552 406 S.
570 350 777 407 POLYOARPI
795 349 973 405 EPISTULA

163 528 218 593 ἐὰν
241 527 496 612 εὐαρεστήσωμεν
519 525 552 590 ἐν
575 533 619 609 τῷ
642 534 696 590 νῦν
719 527 822 604 αἰῶνι,
854 525 1089 610 ἀποληψόμεθα
1111 526 1166 588 καί
1189 527 1242 588 τὸν
1266 523 1341 608 μὲλ-

164 633 268 715 λοντα,
292 633 405 708 καθὼς
427 631 581 714 ὑπέσχετο
604 629 676 713 ἡμῖν
693 629 808 715 ἐγεῖραι
830 630 911 714 ἡμᾶς
935 629 972 693 ἐκ
987 639 1115 712 νεκρῶν,
1138 631 1192 692 καί
1215 632 1262 694 ὅτι
1285 629 1341 693 ἐὰν

164 737 427 822 πολιτευσῶμεθα
458 736 551 814 ἀξίως
575 736 686 813 αὐτοῦ,
719 737 775 800 καὶ
800 734 1117 819 συμβασιλεύσομεν
1140 735 1243 817 αὐτῷ,
1276 735 1342 817 είγε

164 843 356 927 πιστεύομεν.
403 846 433 908 3.
458 839 571 924 ὁμοίως
594 840 647 901 καί
663 837 807 921 νεώτεροι
830 842 984 922 ἄμεμπτοι
1008 838 1041 902 ἐν
1056 847 1161 916 πᾶσιν,
1183 839 1243 919 πρό
1263 858 1341 901 παν-

138 950 216 1024 ιτός
239 957 442 1030 προνοοῦντες
465 943 590 1029 ἁγνείας
613 944 666 1006 καί
682 942 972 1028 χαλιναγωγοῦντες
996 943 1125 1017 ἑαυτοὺς
1140 942 1203 1004 ἀπὸ
1225 943 1340 1017 παντὸς

163 1063 274 1116 κακοῦ.
308 1051 407 1114 καλὸν
425 1051 486 1133 γὰρ
500 1050 536 1111 τό
555 1048 792 1114 ἀνακόπτεσθαι
812 1050 874 1111 άπό
889 1057 951 1112 τῶν
971 1049 1145 1131 ἐπιθυμιῶν
1161 1056 1223 1111 τῶν
1240 1046 1272 1110 ἐν
1295 1055 1340 1130 τῷ

163 1156 292 1240 κόσμῳ,
324 1157 370 1218 ὅτι
393 1163 481 1216 πᾶσα
511 1152 677 1233 ἐπιθυμία
700 1154 787 1217 κατὰ
818 1161 879 1218 τοῦ
901 1158 1095 1235 πνεύματος
1125 1156 1340 1239 στρατεύεται

163 1261 217 1322 καί
248 1264 325 1325 οὔτε
356 1261 479 1344 πόρνοι
511 1261 588 1322 οὔτε
618 1256 767 1337 μαλακοὶ
798 1261 875 1323 οὔτε
906 1260 1140 1343 ἀρσενοκοῖται
1164 1258 1341 1342 βασιλείαν

164 1363 249 1429 θεοῦ
273 1364 609 1450 κληρονομήσουσιν,
642 1363 713 1424 οὔτε
736 1361 764 1424 οἱ
787 1372 947 1437 ποιοῦντες
978 1364 1017 1424 τὰ
1040 1365 1153 1426 ἄτοπα.
1199 1364 1246 1426 διὸ
1270 1362 1339 1427 δέον

125 1495 151 1532 ιο
165 1467 344 1552 ἀπέχεσθαι
367 1468 429 1530 ἀπό
452 1466 577 1529 πάντῶν
593 1466 720 1546 τούτων,
745 1466 1016 1550 ὑποτασσομὲνους
1039 1477 1103 1543 τοῖς
1125 1468 1339 1553 πρεσβυτέροις

164 1574 217 1637 καί
240 1572 395 1647 ὀιακόνοις
417 1570 460 1646 ῶς
483 1571 550 1653 θεῷ
574 1572 627 1632 καί
650 1568 794 1654 Χριστῷ·
823 1573 878 1646 τὰς
901 1571 1078 1654 παρθένους
1094 1572 1126 1636 ἐν
1150 1573 1271 1658 ἀμώμῳ
1287 1574 1339 1637 καί

165 1679 245 1762 ἁγνή
268 1675 440 1760 συνειδήσει
463 1685 650 1757 περιπατεῖν.

252 1784 308 1848 Vl.
334 1780 396 1844 Καί
420 1781 448 1843 σί
481 1779 681 1866 πρεσβύτεροι
713 1782 747 1844 δὲ
777 1781 1005 1865 εὔσπλαγχνοι,
1035 1785 1077 1860 εἰς
1100 1785 1219 1860 πάντας
1251 1783 1338 1868 ἐλεή-

165 1909 266 1973 μονες,
289 1885 524 1968 ἐπιστρέφοντες
546 1888 585 1948 τὰ
608 1887 914 1971 ἀποπεπλανημὲνα,
944 1888 1200 1974 ἐπισκεπτόμενοι
1223 1891 1340 1965 πάντας

127 2017 152 2056 ιι
165 1996 321 2071 ἀσθενεῖς,
345 1994 386 2076 μή
410 1990 596 2075 ἀμελοῦντες
619 1991 718 2075 χήρας
740 1993 761 2076 ή
784 1995 920 2076 ὀρφανοῦ
943 1994 1126 2080 ήπὲνητος·
1150 1994 1235 2058 ἀλλά
1258 2016 1340 2080 προ-

164 2106 323 2177 νοοῦντες
346 2098 398 2160 σίεό
418 2103 479 2160 τοῦ
501 2097 608 2160 καλοῦ
631 2099 782 2163 ἐνώπιον
804 2098 890 2164 θεοῦ
913 2101 969 2164 καί
985 2099 1196 2185 ἀνθρώπων,
1227 2098 1340 2181 ἀπεχό-

165 2225 250 2287 μενοι
273 2202 375 2285 πάσης
398 2201 501 2285 ὀργῆς,
517 2202 793 2286 προσῶποληψίας,
815 2204 948 2285 κρίσεως
971 2204 1092 2281 ἀδίκου,
1116 2205 1240 2286 μακρὰν
1256 2206 1341 2279 ὀντες

165 2308 267 2390 πάσης
291 2304 509 2389 φιλαργυρίας,
541 2308 583 2388 μὴ
606 2306 727 2390 ταχέως
750 2309 947 2385 πιστεύοντες
969 2311 1052 2372 κατά
1075 2329 1176 2387 τινος,
1201 2310 1243 2391 μὴ
1267 2308 1341 2372 ἀπό

165 2432 253 2494 τομοι
284 2409 316 2473 ἐν
348 2410 460 2492 κρίσει,
492 2410 625 2490 εἰδότες,
660 2414 707 2475 ὀτι
729 2413 843 2488 πάντες
876 2413 1033 2496 ὀφειλέται
1056 2413 1148 2496 ἐσμὲν
1180 2412 1340 2495 ἁμαρτίας.

126 2536 152 2575 ει
166 2518 195 2580 2.
220 2514 247 2575 εἰ
270 2511 324 2577 οὖν
347 2514 487 2598 δεόμεθα
509 2525 564 2578 τοῦ
587 2515 704 2597 κυρίου,
725 2517 777 2579 ίνα
799 2516 871 2601 ἡμῖν
895 2519 970 2601 ἀφή,
995 2517 1161 2599 ὀφείλομεν
1184 2518 1239 2579 καί
1254 2515 1340 2599 ἡμεῖς

166 2617 306 2701 ἀφιέναι·
331 2618 478 2684 ἀπέναντι
501 2622 561 2704 γὰρ
584 2629 645 2684 τῶν
662 2630 717 2683 τοῦ
739 2620 847 2702 κυρίου
870 2623 923 2683 καί
940 2624 1019 2686 θεοῦ
1043 2621 1135 2705 ἐσμὲν
1152 2619 1339 2703 ὀφθαλμῶν,

164 2725 218 2785 καί
234 2725 366 2804 πάντας
382 2723 435 2788 δεῖ
447 2731 664 2810 παραστῆναι
679 2733 726 2808 τῷ
742 2728 867 2809 βήματι
883 2733 942 2790 τοῦ
958 2726 1109 2811 Χριστοῦ
1124 2729 1180 2790 καὶ
1197 2727 1341 2790 ἕκαστον

237 2883 249 2934 l
269 2880 483 2950 άπολειιμόμεθα
502 2878 526 2934 G
543 2881 546 2945 Ι
563 2880 579 2933 3
597 2880 853 2953 συμβασιλεύσομεν
872 2880 893 2933 L
908 2881 1082 2950 ι-λεύσωμεν
1100 2881 1124 2936 G
1146 2882 1151 2949 Ι
1172 2881 1217 2946 llll
1238 2889 1295 2937 τῶν
1313 2878 1342 2936 ἐν

166 2976 205 3041 τῷ
222 2989 246 3023 κ.
267 2965 421 3021 szundi
440 2964 461 3017 L
487 2965 491 3030 Ι
521 2967 552 3020 14
570 2966 786 3036 άπόιιλανημὲνα
805 2968 828 3021 G
845 2968 849 3037 Ι
868 2968 898 3021 17
917 2970 1154 3039 προσοπωληιμίας
1167 2966 1191 3021 G
1208 2970 1211 3034 Ι
1228 2966 1262 3020 22
1280 2971 1340 3023 dei:

165 3060 198 3125 δή
217 3055 240 3109 G

165 3172 396 3242 πολιτευσόμεθα
413 3173 483 3241 κτλ]
503 3172 545 3227 ef.
565 3172 634 3226 Phil.
652 3174 673 3232 1,
689 3174 849 3237 27ςΙνεαει
869 3174 981 3227 eosdem
1000 3192 1073 3231 esse,
1093 3173 1177 3228 modo
1197 3174 1276 3228 illam
1296 3191 1341 3228 vo·

165 3261 223 3315 Col.
245 3261 267 3323 1,
288 3259 333 3323 10;
352 3261 364 3312 l
383 3260 467 3314 clem.
488 3261 528 3323 21,
551 3263 571 3313 l.
750 3256 826 3312 *cem
845 3260 986 3323 officium,
1013 3261 1085 3313 hanc
1114 3264 1239 3315 aetatem
1259 3261 1342 3314 deno·

200 3351 223 3402 3
243 3347 346 3417 ὁμοίιος
369 3352 415 3404 καί
433 3346 573 3419 νεώτεροι]
603 3349 645 3400 Ila
665 3346 738 3399 iuve-
766 3351 834 3401 tare.
854 3379 889 3386 —
906 3357 1051 3414 ποιοῦντες
1063 3346 1098 3403 τὰ
1111 3343 1213 3417 ἄτοπα]
1234 3348 1341 3402 cf.10b

167 3453 215 3489 nes
235 3434 376 3497 diaconis,
405 3434 439 3488 ιΙε
466 3433 566 3502 quibus
584 3435 644 3486 v.2
673 3428 851 3504 τρήματα
872 3435 975 3497 34‚12;
995 3434 1342 3497 Prov.30‚20;11Macc.

166 3522 323 3592 adiungens
336 3527 422 3587 atque
442 3522 470 3574 in
483 3521 565 3588 parte
582 3520 665 3573 huius
682 3538 740 3573 ver·
769 3522 808 3583 14,
829 3522 875 3583 23;
905 3521 970 3573 Luc.
989 3520 1030 3583 23,
1048 3522 1092 3575 41.
1118 3552 1153 3559 -
1177 3520 1342 3593 ἀπέχεσθαι]

167 3625 213 3661 sus
246 3608 337 3662 altera
366 3608 480 3661 iuvenes
510 3607 681 3675 presbyteris
712 3611 741 3661 et
767 3623 804 3660 ιο.
833 3608 899 3674 τοὺς
925 3607 1084 3679 νεωτέρους.
1113 3639 1148 3647 -
1175 3605 1256 3665 ὑποτ.
1285 3618 1344 3675 τοῖς

167 3695 295 3749 diaconis
315 3694 447 3749 oboedire
461 3694 561 3747 debere
575 3693 678 3758 dicens,
689 3694 740 3748 Po·
767 3695 963 3770 πρεσβυτέροις
980 3700 1026 3752 καί
1043 3696 1191 3764 διακόνοις]
1212 3695 1269 3749 Cur
1286 3713 1343 3750 non

166 3783 297 3852 lycarpus
317 3781 469 3836 clarissime
490 3782 739 3844 παπταίνουσα
768 3782 853 3835 etiam
874 3783 1001 3850 episcopi
1019 3783 1124 3835 mentio
1144 3783 1196 3835 fit?
1216 3783 1342 3851 Respon-

166 3869 237 3922 alios
257 3886 369 3923 esseae
394 3868 534 3923 diaconos.
571 3869 740 3923 Erraverunt
768 3869 891 3922 dandum
910 3886 971 3923 esse
989 3869 1106 3931 videtur,
1120 3868 1262 3939 Philippis
1275 3874 1344 3924 tunc

167 3974 233 4026 ergo
252 3956 282 4010 E.
301 3956 383 4018 Riihl,
403 3957 458 4010 Die
472 3956 740 4026 θοοιακιίεονάκιικρ
766 3957 901 4025 temporis
921 3956 1085 4025 episcopum
1103 3956 1228 4009 nondum
1246 3958 1342 4018 fuisse,

166 4046 197 4097 ίπ
215 4045 266 4098 den
292 4044 520 4109 Pastorallliesen
550 4043 615 4098 1885
642 4062 669 4112 p.
691 4045 740 4098 128
767 4047 795 4097 el
807 4043 889 4096 multi
901 4043 1093 4096 Protestantes
1102 4041 1196 4095 locum
1207 4042 1249 4096 ita
1259 4042 1343 4097 inter·

166 4128 260 4189 -130‚
281 4135 309 4183 et
320 4129 352 4182 R.
365 4130 505 4197 Seyerlem
519 4131 675 4197 Zeitschrifl
691 4134 740 4197 fiir
766 4134 921 4199 premnt-ur.
958 4131 997 4182 At
1023 4129 1077 4183 hoc
1100 4145 1156 4182 non
1183 4131 1228 4181 est
1246 4128 1342 4182 verisi-

162 4216 317 4284 ρναίάίιιία
344 4217 482 4286 Τίιαοίομίσ
499 4215 539 4269 IX
556 4216 659 4285 (1887),
681 4217 738 4279 129,
765 4216 848 4278 milo,
878 4218 1012 4282 quoniam
1036 4216 1169 4270 ecclesiae
1188 4216 1273 4269 Asiae
1293 4216 1342 4269 mi·

167 4302 322 4371 Polycarpo
342 4305 487 4356 censentes
505 4303 638 4357 diaconos
658 4306 687 4357 et
699 4304 738 4357 iu·
766 4303 842 4356 noris
861 4320 878 4356 π
896 4303 1034 4373 Philippis
1062 4318 1119 4355 non
1143 4300 1227 4356 valde
1253 4319 1342 4357 remo·
