2834 5018
307 623 505 679 DUODECIM
523 623 794 678 APOSTOLORUM
812 624 884 687 XIII,
903 625 1015 689 3-xv,
1037 629 1058 680 l.
1233 632 1275 695 33

92 806 139 865 est
161 802 246 868 sicut
271 810 451 885 operarius
473 807 545 868 cibo
568 825 639 868 suo.
685 806 714 867 3.
741 802 858 868 Omnes
881 823 957 886 ergo
979 804 1137 887 primitias
1160 825 1274 889 prove-

93 907 215 970 nientes
240 929 258 972 e
282 908 447 986 torculari,
472 932 545 973 area
561 914 593 973 et
614 910 717 973 bobus
741 913 836 994 atque
852 909 962 973 ovibus
986 932 1100 987 sumes,
1125 933 1162 974 ae
1185 911 1274 976 dabis

93 1012 250 1093 primItias
281 1015 462 1098 prophetis3
503 1014 565 1098 ipsi
596 1015 680 1078 enim
713 1019 788 1078 sunt
817 1012 932 1077 summi
961 1015 1139 1078 sacerdotes
1169 1015 1273 1079 vestri.

93 1117 124 1179 4.
148 1116 205 1182 Sin
230 1124 341 1182 autem
363 1141 426 1183 non
449 1119 573 1184 habetis
596 1119 804 1204 prophetam,
838 1118 909 1181 date
936 1120 1137 1202 pauperibus.
1185 1121 1214 1182 5.
1240 1119 1274 1184 Si

93 1244 210 1304 panem
247 1223 348 1301 facis,
390 1247 477 1288 etune
515 1225 673 1308 primitias
707 1228 738 1288 et
773 1225 813 1287 da
850 1224 1023 1287 secundum
1060 1228 1301 1308 praeceptumo

95 1327 125 1389 6.
149 1326 305 1392 Similiter
328 1329 356 1392 si
377 1350 506 1392 urceum
528 1329 593 1392 vini
610 1329 660 1392 vel
683 1328 745 1392 olei
760 1328 874 1412 aperis,
897 1350 986 1391 sume
1001 1328 1158 1411 primitias
1181 1333 1212 1393 et
1236 1330 1276 1393 da

95 1432 273 1515 prophetis.
323 1435 352 1497 7.
376 1432 514 1518 Argenti
530 1439 562 1497 et
584 1434 767 1498 vestimenti
783 1433 948 1516 omnisque
963 1433 1171 1515 possessionis
1187 1455 1275 1498 sume

95 1536 267 1619 primitias,
292 1536 376 1602 sicut
398 1539 458 1603 tibi
480 1540 595 1623 placet,
620 1543 652 1602 et
675 1540 715 1602 da
738 1539 909 1602 seeundum
932 1543 1147 1622 praeceptum.

184 1641 273 1706 XIV.
321 1644 382 1709 Die
406 1646 564 1709 dominica
587 1649 693 1709 autern
709 1645 929 1708 convenientes
952 1643 1091 1725 frangite
1114 1664 1229 1725 panem
1245 1646 1276 1706 et

95 1745 218 1828 gratias
236 1747 333 1830 agite,
358 1754 528 1834 postquam
545 1750 662 1814 delicta
677 1755 782 1813 vestra
805 1748 941 1812 confessi
956 1748 1041 1821 estin,
1066 1752 1102 1811 ut
1124 1747 1315 1811 samua-10

96 1851 171 1914 dom
195 1851 387 1916 sacrificium
402 1860 550 1918 vestrum.
598 1853 709 1919 Omnis
725 1875 808 1930 vero,
833 1853 884 1917 cui
906 1856 954 1915 est
976 1852 1277 1915 controversiarum

97 1955 199 2019 amico
224 1976 300 2031 suo,
334 1978 374 2037 ne
398 1960 563 2024 conveniat
585 1962 767 2035 vobiscum,
792 1960 890 2022 donee
913 1956 1107 2021 reconciliati
1130 1960 1213 2033 sunt,
1238 1977 1277 2020 ne

96 2058 282 2143 inquinetur
305 2062 493 2128 sacrificium
516 2071 665 2130 vestrum.
712 2067 741 2129 3.
768 2064 836 2128 Hoc
856 2063 938 2127 enim
961 2065 1009 2126 est
1032 2060 1151 2124 dictum
1174 2083 1192 2123 a
1219 2061 1276 2124 do-

97 2164 200 2227 mino:
225 2168 265 2228 In
281 2173 373 2231 omni
396 2171 466 2232 loco
483 2174 515 2232 et
530 2175 672 2252 tempore
688 2173 853 2248 offeratur
875 2169 955 2232 mihi
969 2168 1169 2244 socnfieium
1185 2185 1276 2228 υιυκ-

96 2271 185 2347 dum,
210 2278 366 2350 quoniam
382 2293 446 2337 rea
468 2293 607 2354 magnus
622 2295 707 2354 ουυι,
730 2278 811 2338 dicit
834 2277 997 2351 dominus,
1020 2281 1052 2335 et
1075 2288 1314 2334 nonacrim-1⁶

97 2393 151 2436 um
177 2378 394 2441 mirabilem
415 2382 579 2458 pentibus.

184 2478 257 2542 XV.
306 2479 496 2545 Constituite
519 2483 618 2567 igitur
640 2483 729 2547 vobis
752 2483 917 2565 episcopos
940 2486 971 2546 et
994 2482 1142 2546 diaconos
1166 2482 1278 2563 dignos

170 2613 250 2678 laria
269 2616 304 2668 cf.
324 2616 426 2670 Matth.
447 2619 470 2680 5,
490 2619 532 2674 23.
551 2620 598 2679 24;
620 2620 658 2681 15,
681 2619 789 2673 11-20.
808 2650 843 2657 -
863 2619 894 2673 15
913 2618 1033 2671 Malach.
1055 2617 1076 2678 1,
1099 2619 1137 2672 ll.
1160 2617 1199 2669 14.

96 2734 190 2802 phetia
210 2735 405 2805 fratribusque
428 2738 492 2792 aliis
510 2755 628 2809 peregre
647 2740 677 2792 in
704 2738 755 2793 dit.
774 2770 808 2777 -
825 2744 864 2810 μὴ
880 2742 1006 2808 κοικωθῇ
1022 2738 1092 2808 κτίο]
1117 2738 1158 2792 Cf.
1178 2738 1277 2792 Matth

97 2821 247 2876 ecelesiam
258 2821 384 2890 aliquam
394 2825 609 2880 advenientibus
617 2826 677 2895 egit
705 2829 744 2890 15,
767 2826 883 2887 11—20;
908 2825 992 2878 Marc.
1013 2828 1036 2888 7,
1060 2825 1174 2886 15-23;
1195 2824 1279 2878 Hebr.

96 2918 183 2977 atque
203 2910 345 2978 exposuit,
366 2914 507 2979 quomodo
522 2915 676 2969 Christiani
688 2902 690 2943 Ι
703 2916 726 2977 9,
748 2916 787 2969 13.
807 2913 889 2966 Hune
908 2928 1018 2964 versum
1044 2911 1151 2980 allegat
1169 2912 1278 2979 Pa-cy-

96 3015 159 3050 cum
171 2997 231 3051 illis
251 3014 280 3052 se
293 2999 425 3061 habeant,
444 3000 676 3055 nuneecclesiam
703 3002 817 3072 prianus
836 3001 877 3054 De
896 2999 978 3052 oleat
998 3015 1020 3051 c.
1038 3000 1062 3052 4.

96 3085 189 3153 ipsam
202 3086 329 3155 respicit,
348 3088 439 3155 primo
453 3090 488 3141 de
503 3088 620 3160 liturgia
632 3090 677 3144 vel
738 3090 762 3143 3.
783 3087 835 3146 ὑπὸ
853 3087 959 3160 κυρίου]
977 3085 1183 3148 Animadverte,
1203 3087 1279 3152 quod

97 3189 178 3225 sacra
196 3173 433 3242 congregatione,
455 3175 556 3229 deinde
575 3175 610 3230 de
630 3177 676 3232 eli·
703 3176 832 3239 Domino,
851 3175 869 3227 i.
889 3191 911 3228 e.
932 3173 1083 3226 secundum
1107 3171 1278 3227 locutionem

97 3259 197 3327 gandia
218 3260 361 3328 episcopis
380 3263 409 3314 et
420 3262 555 3328 diaconis,
574 3265 609 3317 de
622 3264 676 3318 fra-
703 3261 856 3315 Doctrinae
875 3261 922 3327 (cl.
942 3260 1024 3314 inser.
1040 3261 1063 3323 6,
1077 3261 1108 3322 23
1127 3260 1151 3324 8,
1163 3262 1194 3322 2;
1213 3260 1278 3323 9,5;

97 3348 178 3398 terna
207 3348 387 3416 correptione
422 3351 542 3418 aliisque
575 3351 677 3405 officiis
706 3351 745 3412 10,
759 3351 791 3411 5;
813 3350 852 3412 12,
868 3349 879 3400 l
896 3351 962 3414 etc.)
974 3349 1035 3401 Iesu
1047 3348 1159 3402 Christo
1173 3348 1279 3402 dictum

98 3449 189 3500 pauca
208 3433 315 3487 dicens.
703 3435 813 3490 Veteris
824 3435 999 3488 Testamenti
1018 3434 1191 3489 attribuitur.
1209 3436 1279 3490 Auc-

130 3520 204 3584 XIV,
226 3524 248 3576 l.
268 3522 340 3579 κατὰ
358 3529 490 3596 κυριακὴυ
506 3527 613 3599 κυρίου]
635 3526 676 3580 Cf.
703 3528 748 3577 tor
765 3523 853 3593 igitur
866 3521 1000 3576 Ebionita
1019 3538 1102 3591 aegre
1115 3527 1158 3577 est
1176 3523 1279 3578 haben·

98 3608 109 3660 l
128 3609 191 3662 Cor.
208 3611 247 3667 16.
262 3611 293 3672 2;
313 3611 374 3664 Act
388 3612 430 3673 20,
444 3615 473 3672 7;
493 3613 579 3681 Apoe.
595 3615 618 3676 1,
634 3614 677 3675 10;
705 3613 763 3665 dns.

100 3693 270 3759 aar-naam
283 3697 476 3767 IgnMagn9,
487 3701 678 3759 1.-κλάοοτε
739 3698 797 3752 XV.
817 3697 951 3768 Episcopi
971 3702 998 3752 et
1026 3697 1138 3753 iliaconi
1157 3697 1279 3769 eligendi

99 3777 193 3854 ἄρτου]
206 3784 249 3838 ef.
261 3786 322 3838 Act.
334 3787 416 3849 2,46;
437 3789 478 3853 20,
489 3790 512 3842 ’1.
526 3791 570 3851 11;
589 3789 677 3844 lCor.
705 3792 770 3841 sunt
789 3787 971 3840 ecclesiarum
999 3787 1174 3855 singularum
1200 3801 1278 3853 prae·

103 3869 677 3947 10,16--προεξομολογησάμευοι]01ιυί-
704 3875 792 3943 positi
811 3891 844 3928 ae
863 3874 993 3927 ministri.
1031 3873 1152 3938 Quibus,
1176 3875 1208 3925 ut
1225 3889 1279 3926 vox

102 3957 184 4011 atiani
205 3975 275 4029 ergo
300 3960 330 4013 in
349 3978 431 4014 sacra
456 3964 678 4033 congregatione
704 3957 754 4019 οίυ
772 3962 866 4030 eapite
883 3962 997 4016 ineunte
1016 3961 1134 4022 indicat,
1154 3976 1278 4029 praeser-

101 4049 216 4111 peccata
226 4046 354 4101 confiteri
366 4048 678 4122 debebant—antra&
703 4049 756 4103 tim
783 4065 850 4102 eura
876 4048 1010 4118 liturgiae
1039 4046 1278 4101 administrandae

103 4131 227 4206 Μυσία]
243 4135 286 4190 cf,
300 4136 420 4190 Malach.
435 4139 457 4201 1,
473 4140 518 4198 11;
538 4137 616 4190 Rom.
638 4138 676 4198 12,
704 4136 850 4189 incumbit
889 4136 956 4190 Cum
976 4134 1051 4188 enim
1069 4133 1211 4203 particula
1229 4133 1280 4187 illa

106 4221 129 4280 1;
147 4222 159 4274 Ι
177 4222 253 4277 Patr.
273 4225 298 4286 2,
318 4226 349 4285 5;
377 4223 448 4279 Phil
471 4225 564 4289 2,17;
593 4224 675 4277 Hebr.
705 4222 1279 4293 hoccaputaretissimecumpraecedente

107 4307 140 4369 13,
161 4312 201 4364 15.
704 4311 884 4364 coniunctum
902 4311 955 4372 sit,
977 4309 1113 4375 sequitur.
1133 4308 1270 4365 ministris

135 4397 157 4450 2.
175 4407 231 4465 πᾶς
248 4398 320 4468 κτλ]
340 4399 446 4453 Auctor
464 4397 551 4452 verba
563 4399 676 4452 Domini
705 4399 739 4451 de
758 4414 876 4464 quornm
896 4396 1033 4450 electione
1052 4394 1099 4449 hic
1118 4413 1208 4451 sermo
1228 4402 1278 4460 est,

107 4478 198 4539 llatth.
213 4488 238 4548 5,
254 4487 295 4541 23.
310 4487 345 4539 24
357 4486 391 4540 de
404 4502 519 4540 munere
531 4485 676 4540 offerendo
703 4485 855 4554 praecipue
872 4501 972 4538 munus
985 4483 1079 4552 capite
1098 4484 1148 4539 illo
1161 4502 1278 4540 comme-

108 4581 137 4622 ac
152 4574 240 4628 tratre
259 4572 468 4628 reconciliando
481 4572 597 4627 liberius
616 4573 676 4627 red·
704 4576 846 4627 moratum
865 4572 1117 4629 administrandum
1137 4588 1208 4635 esse,
1228 4575 1278 4628 sci·

151 4677 256 4731 rank,
271 4680 353 4721 Patres
367 4686 444 4729 apost.
460 4679 496 4720 ed.
512 4679 546 4720 11.
1052 4665 1074 4729 3
