2834 5018
308 650 502 707 onouncm
521 648 792 705 mosrononon
804 645 877 708 vm,
897 644 996 708 a-ns
1015 645 1039 698 a
1214 651 1255 713 21

79 841 188 912 toturn,
220 837 284 912 fiat
314 835 467 896 uoluatur
497 839 555 894 tuo
586 834 672 893 sieut
701 834 735 891 tu
759 830 851 889 coelo
884 833 917 888 et
938 831 973 888 tn
997 832 1108 901 terro;
1135 844 1258 905 postem

79 949 230 1003 austriam
254 939 458 1002 cotidianum
482 938 526 999 du
547 937 644 998 uotis
665 934 773 1011 todia,
796 939 829 994 et
851 932 981 993 dimitte
1002 929 1098 992 notis
1113 931 1258 992 debitum

79 1054 248 1124 nostrum,
282 1049 370 1107 sicat
392 1050 425 1105 et
446 1061 508 1104 uos
530 1042 728 1103 dimittimus
755 1037 959 1099 debitoribus
989 1040 1133 1114 icastris,
1163 1043 1197 1097 et
1217 1054 1259 1098 ue

78 1169 138 1213 nos
161 1150 304 1212 iudaeos
327 1153 362 1211 ta
386 1150 611 1221 tentationem,
634 1143 696 1205 sed
717 1142 823 1204 litero
846 1159 907 1202 nos
930 1159 951 1200 n
972 1141 1081 1218 anolo,
1108 1138 1258 1222 quoniam

78 1259 133 1319 tua
156 1258 207 1319 ost
229 1253 331 1316 virtus
354 1255 385 1314 et
408 1249 512 1334 gloria
533 1249 566 1311 in
590 1246 723 1311 saecula.
769 1247 799 1309 3.
824 1243 887 1308 Ter
909 1244 941 1307 in
965 1243 1013 1307 die
1037 1243 1081 1307 sic
1104 1247 1199 1306 orate.
1270 1251 1282 1288 ⁶

164 1358 222 1423 IX.
248 1356 340 1433 Quod
363 1356 403 1420 ad
425 1355 602 1438 gratiarum
624 1352 779 1416 actionem
804 1349 926 1425 attinet,
951 1348 996 1412 sic
1019 1349 1138 1433 gratias
1155 1348 1256 1432 agite3

79 1467 106 1528 2.
131 1465 273 1548 primum
305 1462 343 1524 dc
376 1461 488 1524 culice:
523 1460 648 1524 Gratias
678 1457 737 1522 tibi
760 1457 901 1541 agimus,
935 1459 1027 1538 pater
1048 1459 1169 1529 noster,
1200 1475 1259 1536 pro

79 1574 189 1633 sancta
220 1568 286 1631 vito
309 1566 413 1631 David
443 1565 618 1649 poenitui,
653 1585 748 1648 quam
778 1561 925 1625 indicasti
957 1560 1048 1624 nobis
1077 1582 1134 1644 por
1153 1558 1259 1623 Iesum

78 1696 213 1757 puerum
236 1677 344 1741 tuum:
373 1671 477 1756 gloria
499 1671 557 1735 tibi
578 1667 761 1733 insaecula.
793 1669 822 1730 3.
847 1666 896 1730 Dc
912 1686 993 1748 pane
1008 1663 1111 1729 fracto
1134 1669 1258 1728 autem:

80 1880 173 1934 atinus
193 1878 274 1947 Apol.
295 1878 362 1939 Ι,66
382 1875 659 1944 sensimsensrm·
688 1872 739 1926 Cui
764 1871 992 1940 interpretationi
1017 1888 1083 1926 vero
1110 1872 1196 1925 verbu
1218 1889 1259 1926 se·

79 1973 116 2038 ar>
125 1965 196 2036 atita
206 1972 328 2023 καλεῖται
340 1967 406 2036 παρ’
418 1967 481 2034 ἡμῖν
493 1961 657 2033 εὐχαριστία.
688 1961 804 2027 quentia
823 1961 952 2022 obstant3
973 1963 1070 2013 auctor
1082 1959 1158 2013 haud
1176 1959 1260 2013 facilc

80 2049 318 2124 Cf.Ign.Smyrn.
339 2054 406 2113 7.1;
425 2049 494 2111 8,1;
513 2048 658 2101 Philadt.
687 2050 779 2103 dicero
797 2048 899 2117 potnit,
918 2051 1028 2116 patrem
1048 2047 1187 2101 Christum
1210 2061 1261 2115 per

113 2143 137 2195 2.
166 2148 283 2213 πρῶτον
309 2158 338 2194 π.
365 2158 387 2194 τ.
414 2135 559 2207 ποτηρίου]
579 2135 658 2188 Simi·
688 2136 829 2191 Christum
849 2134 1031 2188 manifcstum
1057 2133 1164 2187 fecisse.
1201 2131 1260 2186 Alii

80 2229 146 2282 liter
172 2229 203 2282 in
227 2227 283 2281 ritu
304 2225 470 2281 ludaeorum
496 2240 582 2292 supra
600 2222 659 2274 lau-
688 2222 871 2291 respicientes
897 2223 942 2275 Ps.
962 2222 1002 2281 79,
1031 2223 1069 2275 15.
1091 2221 1138 2281 16;
1165 2220 1215 2275 Ier.
1234 2220 1259 2282 2,

81 2316 148 2369 dato
168 2314 332 2368 benedictio
351 2312 448 2365 calicis
468 2309 659 2364 benedictioni
688 2312 734 2372 21;
756 2310 856 2372 12,16;
874 2309 940 2361 lust.
961 2307 1032 2360 Dial.
1053 2324 1076 2359 c.
1096 2308 1159 2362 110:
1179 2309 1194 2377 1
1211 2328 1261 2376 φῦ

80 2405 161 2472 panis
187 2399 342 2471 praecedit
379 2401 409 2452 In
436 2398 539 2453 litteris
565 2399 657 2450 autem
688 2402 819 2454 τευθεῖσα
837 2396 892 2454 ὑπὸ
911 2405 961 2453 τοῦ
980 2403 1050 2453 θεοῦ
1074 2391 1198 2465 ἄμπελος
1215 2399 1262 2452 καὶ

82 2487 245 2542 christianis
269 2487 315 2540 hic
343 2487 411 2539 ordo
430 2502 568 2552 nusquam
587 2485 658 2537 alias
672 2513 676 2580 Ι
688 2498 815 2558 σωτῆρος
833 2490 957 2558 Χριστοῦ
975 2484 991 2540 ὁ
1010 2485 1077 2552 λαός
1091 2482 1177 2540 αὐτοῦ
1195 2481 1262 2548 ἐστι,

82 2576 230 2629 invenitur.
257 2573 356 2639 Neque
375 2572 464 2625 Lucas
484 2588 548 2624 eum
561 2571 659 2632 habet;
688 2573 775 2626 verba
794 2572 828 2626 de
847 2573 967 2626 ecclesia
991 2573 1170 2641 interpretati
1189 2573 1261 2624 sunt.

83 2680 146 2716 nam
166 2661 285 2715 calicem
298 2659 412 2728 quidem
424 2660 589 2727 paschalem
606 2658 659 2728 (22,
689 2660 758 2714 Cum
778 2663 872 2713 autem
891 2660 1045 2730 gratiarum
1063 2661 1137 2713 actio
1151 2677 1202 2729 pro
1219 2675 1262 2711 oa·

85 2752 115 2805 17
144 2750 198 2818 sq.)
231 2751 297 2801 ante
329 2746 426 2815 epulas
457 2746 660 2799 eucharisticam
688 2747 825 2810 hostat,
854 2749 944 2818 verba
969 2750 1056 2802 ctiam
1080 2749 1196 2802 devino
1216 2765 1261 2802 eu-

84 2835 292 2895 conmemorat.
313 2833 430 2887 calic'cm
449 2836 544 2887 autem
560 2830 660 2884 eucha-
689 2837 838 2890 charistioo
864 2853 912 2890 seu
936 2837 970 2888 de
997 2836 1134 2906 sanguine
1159 2834 1264 2891 Christi

84 2926 211 2978 risticum
236 2921 370 2976 distincte
394 2925 460 2989 post
484 2938 587 2989 panem
615 2924 867 2992 ‹tu-'interpretari
886 2940 1042 2992 possumus.
1072 2923 1198 2979 Clemens
1211 2923 1262 2986 Al..

84 3012 267 3065 charisticum
292 3008 374 3078 ponit
396 3007 449 3077 (22,
471 3008 582 3074 19⁸(1d-
620 3006 659 3060 Si·
689 3011 855 3065 Doctrinam
873 3010 949 3063 haud
963 3011 1046 3065 dubie
1060 3011 1202 3081 cognitam
1215 3010 1262 3063 ha

85 3099 189 3153 militer
214 3097 318 3152 Paulus
344 3097 356 3149 I
382 3095 443 3149 Cor.
464 3096 510 3155 11,
538 3095 660 3160 23811,
689 3100 771 3160 bens,
800 3099 964 3167 sanguinem
991 3099 1058 3152 vitis
1085 3098 1175 3153 David
1201 3114 1262 3150 san-

85 3186 131 3240 ubi
149 3184 361 3239 institutionem
380 3182 549 3235 sacramenti
563 3181 660 3235 altaris
689 3186 800 3255 guinem
830 3185 933 3239 Christi
965 3185 1098 3240 distincte
1129 3184 1263 3254 appellat,

86 3273 208 3342 exponit,
229 3271 355 3324 ordinem
368 3285 543 3322 communem
560 3273 660 3322 servat.
691 3272 758 3338 Quis
778 3272 832 3325 div.
852 3271 919 3325 salv.
939 3291 960 3326 c.
972 3274 1006 3326 29
1025 3272 1162 3325 scribens:
1181 3265 1264 3337 οὗτος

86 3359 165 3424 Quod
194 3357 340 3429 apostolus
368 3356 380 3408 1
404 3356 464 3410 Cor.
496 3356 542 3417 10,
569 3356 608 3411 16.
628 3358 736 3431 21,(1ο.
756 3362 890 3434 Χριστός)
916 3359 932 3415 ὁ
955 3361 1006 3415 τὸν
1030 3354 1117 3421 οἶνον,
1145 3359 1177 3415 τὸ
1196 3353 1264 3427 αἷμα

87 3447 203 3502 calicem
221 3447 289 3516 pani
307 3444 468 3514 praeponit,
487 3443 590 3497 nullius
603 3463 661 3499 mo·
674 3438 677 3505 ἶ
690 3461 738 3516 τῆς
756 3445 883 3516 ἀμπέλου
901 3460 949 3517 τῆς
962 3451 1053 3511 Δαυίδ,
1072 3445 1168 3519 ἐκχέας
1186 3450 1265 3518 ὴμῶν

86 3535 173 3589 menti
192 3536 243 3587 est.
274 3533 354 3586 Infra
373 3550 395 3584 v.
411 3534 427 3585 5
445 3531 582 3585 Doctrina
600 3516 734 3601 ipsaissni
753 3534 803 3601 τὰς
815 3534 990 3606 τετρωμένας
1003 3535 1100 3607 ψυχάς.
1131 3535 1265 3589 Similiter

88 3637 260 3676 communem
271 3620 397 3673 ordinem
408 3620 542 3686 seqnitur.
554 3620 661 3674 dicens:
691 3621 826 3690 Origenes
846 3622 925 3674 Hom.
945 3621 976 3673 in
994 3621 1052 3674 Iud.
1073 3620 1148 3684 vta
1167 3622 1218 3691 (Do
1238 3621 1266 3674 la

86 3714 178 3779 μηδεὶς
195 3709 225 3765 a
239 3707 354 3780 φαγέτω
365 3707 433 3778 μηδὲ
446 3707 539 3763 urtam.
559 3739 593 3746 —
610 3708 661 3764 πά·
690 3710 750 3763 Rue
770 3709 803 3772 ΙΙ,
822 3710 885 3778 471)
910 3709 944 3763 de
970 3726 1038 3763 vera
1054 3711 1111 3762 vite
1129 3709 1263 3775 loquitur,

88 3816 132 3868 τερ
158 3796 247 3867 ἡμῶν]
276 3797 353 3850 Haec
376 3797 465 3850 verba
488 3795 661 3857 allocutoria,
691 3814 764 3863 quae
774 3796 901 3850 ascendit
910 3797 944 3850 de
956 3797 1050 3850 radice
1060 3796 1159 3859 David,
1171 3795 1264 3849 verbis

88 3884 208 3953 repetita
230 3901 254 3936 v.
275 3885 291 3938 3
311 3885 339 3937 et
360 3884 399 3946 10,
419 3885 449 3945 2,
476 3900 510 3936 ex
535 3884 662 3937 oratione
691 3884 856 3953 sanguinem
870 3884 975 3938 Christi
989 3884 1206 3937 eucharisticum
1218 3882 1264 3935 de-

89 3970 201 4027 Domini
221 3970 373 4039 desumpta
386 3974 459 4028 sunt.
490 3969 585 4024 Verba
603 3969 662 4036 qui·
691 3975 801 4025 notans.
828 4002 863 4009 -
891 3974 977 4027 Δαο16
1003 3980 1052 4027 τοῦ
1078 3971 1175 4036 παιδός
1201 3971 1263 4039 σου]

87 4059 148 4112 dem
167 4059 256 4114 etiam
275 4058 306 4111 in
328 4059 385 4112 ritu
405 4059 571 4112 Iudaeorum
590 4074 662 4110 com·
675 4020 678 4139 i
690 4058 781 4111 David
805 4066 870 4124 παῖς
890 4062 961 4112 θεοῦ
983 4056 1143 4126 appellatur
1160 4059 1204 4111 Ps.
1225 4059 1264 4121 17,

87 4149 241 4201 memorato
260 4147 352 4199 locum
376 4146 496 4209 habent,
522 4143 571 4198 sed
596 4146 722 4203 non-th
750 4147 800 4199 Ios.
822 4146 868 4206 37,
888 4143 934 4204 35;
963 4143 1026 4196 Luc.
1048 4144 1070 4204 1,
1089 4145 1139 4207 69;
1168 4151 1266 4212 δοῦλος

87 4235 139 4288 nisi
166 4234 254 4287 semel
279 4251 313 4286 ac
340 4233 391 4286 sub
417 4233 499 4286 finem
518 4231 662 4285 orationis.
693 4239 761 4290 θεοῦ
786 4231 830 4284 Ps.
849 4232 890 4292 77,
911 4231 957 4288 70;
987 4230 1044 4292 130,
1070 4231 1116 4294 10;
1146 4233 1202 4296 143,
1224 4233 1263 4287 10.

86 4354 118 4362 -
135 4319 267 4391 ἀμπέλου
285 4319 381 4388 ontt]
408 4320 477 4374 Cum
498 4319 626 4374 Christus
650 4334 664 4370 c
691 4351 725 4358 -
742 4317 904 4391 ἐγνώρισας]
924 4317 965 4371 cf.
986 4318 1080 4371 Ioann.
1096 4321 1136 4378 15,
1158 4321 1203 4383 15;
1224 4320 1264 4384 17,

86 4428 187 4482 genere
200 4409 295 4464 David
314 4407 351 4461 sit
370 4406 664 4475 etloann.15,lipse
691 4406 732 4460 26.
752 4437 786 4444 -
805 4404 898 4474 Ἰησοῦ
916 4426 939 4461 τ.
959 4409 1056 4474 παιδός
1078 4407 1140 4477 σου]
1159 4406 1265 4460 Eadem

87 4516 114 4554 se
132 4500 223 4553 vitem
242 4494 376 4565 appellet,
394 4494 524 4548 nonnulli
537 4493 593 4547 illis
605 4509 663 4545 vcr-
691 4493 778 4546 verba
791 4493 904 4546 exstant
913 4493 973 4546 Act
985 4495 1008 4552 3.
1021 4496 1061 4549 13.
1071 4494 1104 4547 26
1111 4512 1118 4556 ;
1136 4494 1160 4557 4,
1171 4494 1212 4548 27.
1224 4496 1264 4548 30.

86 4586 128 4640 bis
157 4585 303 4640 Christum
334 4582 486 4653 significari
517 4581 664 4651 putabant.
694 4580 735 4634 Cf.
755 4578 852 4633 adnot.
873 4578 909 4632 ud
928 4581 1010 4635 Barn.
1030 4581 1054 4645 6,
1075 4584 1097 4637 1.
