2834 5018
310 688 630 745 PRESBYTERORUM
647 688 844 754 RELIQUIAE
861 688 882 754 I,
902 690 997 745 7-11.
1179 695 1240 760 381

156 870 186 932 7.
211 868 254 933 Et
282 873 414 953 propter
441 869 503 934 hoc
534 870 695 934 dominum
727 869 760 933 in
791 892 829 934 ea
856 891 937 953 quae
970 875 1044 934 sunt
1076 872 1243 937 subterra

66 973 283 1050 descendisse,
309 973 578 1058 evangelisantem
601 978 633 1038 et
654 974 718 1038 illis
742 974 909 1039 adventurn
932 996 1036 1050 suum,
1060 975 1243 1042 remissione

66 1082 269 1163 peccatorum
299 1078 469 1142 exsistente
500 1077 566 1155 his,
600 1077 655 1162 qui
685 1080 816 1143 crodunt
846 1080 877 1143 in
911 1100 991 1143 eum.
1037 1078 1244 1146 Crediderunt

68 1189 175 1248 autem
198 1182 232 1246 in
255 1204 327 1247 eum
349 1203 466 1260 omnes,
492 1184 546 1266 qui
569 1183 741 1265 sperabant
762 1184 796 1247 in
818 1205 899 1261 eum,
923 1183 957 1247 id
978 1188 1027 1248 est
1049 1184 1103 1268 qui
1126 1185 1243 1249 adven-

65 1295 136 1353 tum
167 1288 234 1352 eius
264 1287 566 1371 praenuntiavemnt
597 1293 630 1352 et
663 1289 922 1373 dispositionibus
957 1290 1023 1353 eius
1057 1290 1270 1366 servierunts

68 1393 145 1457 iusti
168 1396 200 1456 et
221 1392 397 1476 prophetae
420 1395 452 1454 et
474 1391 690 1475 patriarchae:
714 1393 829 1476 quibus
852 1393 998 1458 similiter
1020 1399 1056 1459 ut
1076 1394 1169 1458 nobis
1193 1416 1243 1459 re·

66 1497 155 1561 misit
175 1502 316 1579 peccata,
342 1516 423 1580 quae
447 1517 510 1560 non
532 1501 659 1580 oportet
680 1520 739 1562 nos
761 1499 919 1582 imputare
940 1499 1001 1577 his,
1026 1500 1053 1564 si
1076 1500 1244 1584 quominus

67 1602 298 1666 contemnimus
320 1600 457 1685 gratiam
481 1601 539 1664 dei.
587 1602 617 1665 8.
642 1600 913 1677 Quemadmodum
935 1605 1018 1668 enirn
1033 1604 1082 1668 illi
1104 1626 1167 1668 non
1182 1605 1243 1667 im·

66 1706 224 1790 putabant
239 1706 331 1770 nobis
346 1706 590 1770 incontinentiae
606 1708 741 1782 nostras,
766 1728 845 1790 quas
860 1708 982 1790 operati
997 1730 1114 1784 sumus,
1137 1709 1243 1792 prius-

67 1833 165 1894 quam
180 1809 325 1875 Ohristus
341 1811 374 1874 in
395 1811 487 1875 nobis
501 1812 767 1889 manifestaretur,
791 1812 837 1875 sic
852 1814 883 1875 et
905 1833 963 1875 nos
978 1833 1042 1875 non
1063 1816 1111 1875 est
1125 1813 1243 1875 iustum
1258 1836 1283 1874 10

66 1915 225 1997 imputare
249 1919 321 1980 ante
350 1917 519 1981 adventurn
541 1918 659 1982 Christi
683 1917 747 1992 his,
779 1916 833 2000 qui
855 1924 1074 1999 peccaverunt.
1127 1918 1244 1981 Omaee

69 2027 156 2084 eumz
172 2020 315 2085 homines
331 2030 428 2102 eperat
440 2026 552 2102 pluria
575 2026 640 2102 det,
656 2022 869 2085 iustificantur
892 2024 997 2083 autem
1013 2043 1075 2084 non
1099 2025 1244 2083 asemet-

66 2125 156 2207 ipsis,
181 2125 235 2188 sed
259 2149 278 2189 a
301 2126 419 2189 domini
442 2128 594 2204 adventu,
628 2127 683 2211 qui
705 2127 872 2190 intendunt
902 2125 1008 2189 lumen
1031 2124 1106 2188 eius.
1153 2125 1182 2187 9.
1207 2124 1244 2188 In

68 2234 211 2293 nostram
242 2236 347 2295 autern
372 2233 601 2316 correptionem
633 2230 827 2313 conscriptos
850 2251 919 2294 esee
949 2234 1038 2293 actus
1060 2249 1185 2301 eorum,
1209 2232 1246 2290 ut

68 2334 220 2397 sciremus
242 2336 381 2418 primum
397 2334 532 2418 quidem,
557 2335 706 2419 quoniam
728 2356 810 2397 unus
826 2338 874 2397 est
897 2334 973 2397 deus
988 2336 1096 2396 noster
1117 2334 1149 2395 et
1170 2330 1244 2394 illo·
1260 2352 1285 2389 n

69 2460 149 2514 rum,
175 2439 224 2502 cui
247 2461 311 2503 non
332 2439 480 2522 placeant
510 2443 658 2523 peccata,
692 2438 817 2503 etiamsi
840 2461 859 2502 a
881 2437 974 2502 claris
996 2438 1092 2509 fiant;
1123 2435 1243 2507 deinde,

67 2549 106 2606 ut
130 2544 344 2607 abstineamus
367 2567 386 2608 a
408 2546 509 2609 malis.
556 2545 591 2610 Si
613 2547 696 2610 enim
725 2546 760 2610 hi
782 2546 838 2630 qui
867 2546 1106 2628 praecesserunt
1131 2563 1189 2606 nos
1213 2541 1246 2605 in

69 2647 315 2713 charismatibus
337 2653 472 2726 veterae,
505 2655 637 2735 propter
669 2673 747 2735 quos
778 2651 919 2715 nondum
946 2648 1030 2712 filius
1053 2648 1103 2711 dei
1133 2668 1246 2732 passus

69 2759 148 2828 erat,
173 2752 391 2836 delinquentes
413 2753 446 2817 in
469 2753 576 2838 aliquo
599 2759 631 2819 et
647 2753 919 2838 concupiscentiae
941 2752 1044 2817 carnis
1065 2751 1245 2827 servientes,

68 2859 128 2923 tali
151 2859 257 2922 affecti
286 2863 360 2922 sunt
382 2858 572 2942 ignominia:
602 2861 678 2943 qnid
700 2859 826 2944 passuri
854 2863 941 2934 sunt,
973 2858 1028 2942 qui
1048 2878 1133 2920 nunc
1163 2861 1244 2931 eunt,
1260 2874 1285 2913 πο

71 2963 126 3046 qui
149 2967 384 3027 contemserunt
406 2964 574 3027 adventurn
598 2965 715 3028 domini
738 2970 769 3028 et
792 2962 1007 3028 deservierunt
1029 2959 1246 3044 voluptatibus

70 3067 160 3130 suis?
197 3068 246 3131 10.
271 3067 315 3130 Et
336 3067 401 3129 illis
424 3065 550 3149 quidem
573 3067 694 3131 curatio
718 3072 750 3132 et
772 3067 914 3131 remissio
937 3068 1140 3148 peccatorum
1161 3085 1245 3127 mors

70 3170 188 3233 domini
213 3169 291 3245 fuit3
315 3175 444 3254 propter
466 3193 519 3235 eos
541 3193 624 3248 vero,
650 3173 703 3255 qui
726 3193 809 3235 nunc
830 3176 977 3254 peccant,
1005 3171 1157 3235 Christus
1179 3187 1245 3231 aon

70 3281 139 3338 iam
162 3281 335 3355 armetur,
357 3275 420 3338 iam
443 3276 526 3339 enim
549 3296 640 3340 mors
661 3296 726 3339 noa
750 3279 976 3339 cloraiaabr'tur
998 3279 1085 3349 etum
1116 3272 1170 3335 sed
1193 3292 1244 3335 oe·

70 3386 141 3444 niet
160 3381 253 3458 filiae
276 3384 311 3442 in
331 3382 444 3459 plotio
461 3386 585 3460 patris,
606 3381 773 3464 exquirens
796 3381 836 3445 ab
852 3379 1011 3444 actoribus
1034 3382 1066 3441 et
1081 3376 1244 3460 dispensa·
1260 3396 1286 3434 rs

70 3484 193 3548 toribus
216 3484 282 3547 suis
303 3484 480 3566 pecuniam,
506 3506 601 3568 quam
624 3485 667 3548 eis
684 3484 824 3560 credidit,
849 3506 921 3547 cum
935 3481 1052 3546 usuris:
1076 3486 1107 3544 et
1129 3481 1246 3560 quibua

64 3591 250 3670 plurimum
273 3591 381 3669 (ledit,
405 3594 588 3673 plurimum
611 3593 653 3654 ab
683 3597 732 3654 eie
756 3597 876 3670 ratpot.
925 3589 975 3651 11.
1000 3586 1073 3651 Non
1096 3586 1244 3649 debemus

70 3714 158 3776 ergo,
182 3693 323 3778 inquit
352 3695 431 3759 ille
460 3695 619 3769 senior,
653 3694 781 3779 superbi
805 3714 871 3758 esse
895 3713 996 3774 neque
1017 3689 1245 3775 reprehendere

70 3802 210 3871 veteres3
235 3798 290 3862 sed
306 3799 367 3882 ipsi
390 3799 509 3876 timere,
525 3821 565 3862 ne
587 3798 671 3862 forte
685 3802 759 3881 post
775 3797 969 3883 agnitionem
982 3793 1099 3859 Christi
1115 3796 1246 3877 agentes

144 3975 174 4026 11
194 3971 273 4025 Rom.
293 3972 316 4035 3,
335 3971 377 4024 23.
397 4002 432 4010 -
449 3973 483 4025 23
502 3969 580 4024 Rom.
599 3970 623 4031 6,
642 3970 667 4023 9.
687 4000 722 4007 -
739 3967 774 4021 24
792 3965 893 4019 Matth.
909 3966 948 4028 16,
962 3967 995 4019 27
1016 3963 1050 4015 cf.
1064 3963 1149 4016 Mare.
1163 3962 1187 4026 8,
1201 3962 1243 4017 38.

70 4090 106 4098 ·—
125 4058 159 4111 25
177 4058 278 4111 Matth.
298 4060 339 4113 25.
360 4057 392 4111 19
411 4076 470 4126 sqq.
490 4056 554 4110 Luc.
570 4056 610 4118 19,
626 4057 658 4111 15
672 4073 733 4124 sqq.
752 4085 786 4093 —
803 4054 837 4108 26
857 4053 921 4105 Luc.
942 4051 981 4115 12,
994 4052 1035 4105 48.
1056 4083 1090 4090 —
1108 4051 1141 4104 29
1161 4049 1245 4104 Hebr.

73 4146 113 4207 10,
133 4146 175 4199 26.

107 4287 130 4339 7.
150 4283 181 4336 in
200 4299 324 4350 eaquae
344 4301 364 4335 s.
384 4299 404 4334 e.
418 4287 438 4336 t.
458 4279 647 4352 descendisse]
660 4283 693 4353 ,t.
713 4279 752 4333 VI
770 4295 791 4331 c
814 4278 857 4338 18;
876 4280 897 4329 t.
916 4274 1020 4328 XXXII
1039 4275 1122 4335 o.19;
1141 4272 1247 4344 Evang.

72 4371 115 4425 cf.
135 4369 206 4424 Cels.
226 4371 301 4440 apud
321 4369 399 4437 Orig.
418 4369 447 4422 C.
467 4366 646 4429 cen.11,43;
674 4366 751 4422 Petri
760 4363 847 4426 41ς1ῚΙ
858 4361 1060 4422 Kattenbusch‚
1075 4360 1249 4431 Verbreituap

72 4459 160 4513 cum.
185 4458 227 4512 Ar.
257 4458 356 4512 suom.
376 4456 422 4515 vr.
443 4456 471 4515 o,
490 4454 594 4507 45-48
620 4471 647 4522 p.
660 4438 732 4561 pana
744 4453 903 4518 seusana
920 4450 967 4503 aa
983 4448 1171 4517 raafsymcou
1182 4450 1249 4504 1900

72 4546 225 4605 763-765;
262 4543 376 4613 Hippol.
406 4543 448 4595 De
478 4539 590 4594 Christo
620 4545 700 4611 etp.
719 4538 864 4595 895-915.

72 4631 198 4687 Antichr.
219 4648 241 4684 c.
260 4632 301 4686 26.
320 4631 370 4692 45,
399 4627 475 4697 Orig.
501 4628 532 4681 In
550 4584 663 4699 Ioanni
