2834 5018
195 339 257 403 156
663 332 677 386 Ι
694 331 897 388 CLEMENTIS

192 508 384 592 λειτουργίαν
413 510 525 574 αὐτῶν.
575 513 605 576 3.
636 510 707 583 τοὺς
737 505 791 571 οὖν
821 507 1081 583 κατασταθέντας
1114 506 1167 571 ὑπ’
1197 506 1369 590 έκείνωνῆ

193 612 307 697 μεταξὺ
329 612 384 696 ὑφ’
406 612 519 695 ἑτέρων
542 612 716 697 ἐλλογίμων
740 612 861 695 ἀνδρῶν
884 612 1155 697 συνευδοκησάσης
1176 622 1232 696 της
1255 610 1367 696 ἐκκλη-

193 716 262 793 σίας
284 718 396 802 πόσης,
419 720 473 781 καί
496 716 776 801 λειτουργήσαντας
804 716 972 800 ἀμέμπτως
993 724 1038 800 τῷ
1061 715 1192 800 ποιμνίῳ
1215 726 1271 779 τοῦ
1293 714 1368 797 Χρι-

194 830 268 884 στοῠ
291 823 370 905 μετὰ
391 821 691 905 ταπεινοφροσύνης,
714 819 846 910 ,ἡσύχως
869 822 922 883 και
946 820 1147 906 ἀβαναόσως,
1177 840 1368 904 μεμαρτυρη-

120 982 123 987 .
166 923 303 1009 ιμὲνους
326 946 360 988 τε
381 924 510 1000 πολλοῖς
531 925 653 1008 χρόνοις
675 925 735 987 ὑπὸ
756 925 900 1004 πάντων,
922 925 1050 1001 τούτους
1073 928 1109 989 οὐ
1132 925 1260 1000 δικαίως
1283 924 1368 1008 νομί-

193 1030 286 1113 ζομεν
318 1029 559 1115 ἀποβάλλεσθαι
589 1039 643 1113 της
673 1028 874 1112 λειτουργίας.
920 1033 950 1096 4.
975 1029 1110 1113 ἁμαριέα
1131 1031 1193 1113 γὰρ
1215 1031 1251 1092 οὐ
1275 1031 1369 1113 μικρὰ

192 1133 265 1216 ἡμῖν
288 1135 386 1214 ἔσται,
409 1133 465 1197 ἐὰν
480 1136 551 1209 τοὺς
574 1132 742 1216 ἀμέμπτως
757 1134 810 1196 καὶ
834 1132 927 1208 ὁσίως
942 1133 1207 1218 προσενεγκόντας
1229 1135 1270 1197 τά
1284 1133 1370 1215 δῶρα

193 1249 248 1322 της
280 1239 451 1323 ἐπισκοπῆς
483 1237 702 1323 ἀποβάλωμεν.
756 1240 784 1304 5.
817 1237 963 1321 μακάριοι
994 1237 1023 1300 οἱ
1051 1236 1370 1320 προοδοιπορήσαντες

193 1341 410 1427 πρεσβύτεροι,
440 1343 549 1417 οἵτινες
580 1343 737 1426 έγκαμπον
768 1344 822 1404 καί
852 1340 974 1405 τελεέαν
1003 1342 1097 1425 ἔσχον
1120 1344 1176 1424 τὴν
1203 1340 1369 1405 ἀνάλυσιν·

154 1472 180 1510 ιι
194 1447 231 1509 οὐ
253 1448 315 1531 γὰρ
337 1444 551 1531 εὐλαβοῦνται,
574 1446 616 1530 μη
638 1468 684 1522 τις
707 1448 819 1522 αὐτοὺς
841 1446 1021 1530 μεταστήσῃ
1044 1447 1107 1509 ἀπὸ
1131 1456 1185 1510 τοῦ
1209 1446 1370 1530 ἱδρυμένου

194 1552 299 1626 αὐτοῖς
320 1550 428 1613 τόπου.
473 1554 502 1617 6.
527 1550 647 1633 ὁρῶμεν
669 1551 810 1643 γάρςότι
827 1550 926 1626 ἐνίους
949 1552 1035 1634 ὑμεῖς
1050 1552 1242 1635 μετηγάγετε
1263 1550 1370 1625 καλῶς

193 1653 450 1737 πολιτευομένους
473 1653 510 1718 ἐκ
532 1665 587 1739 της
609 1654 777 1738 ἀμέμπτως
808 1657 912 1731 αὐτοῖς
941 1655 1142 1740 τετιμημένης
1169 1654 1370 1738 λειτουργίας.

280 1760 375 1826 XLV.
399 1758 578 1824 Φιλόνεικοί
601 1760 689 1838 ἐστε,
714 1758 858 1842 ἀδελφοί,
883 1761 936 1823 και
961 1759 1098 1844 ζηλωταὶ
1121 1760 1189 1841 περὶ
1212 1767 1275 1823 τῶν
1298 1760 1370 1843 ἀνη·

193 1862 313 1926 κόντων
336 1863 379 1938 εἰς
410 1864 575 1947 σωτηρόιιν.
620 1867 650 1930 2.
675 1864 869 1947 ἐνκεκόφατε
891 1864 934 1940 εἰς
962 1866 1017 1940 τὰς
1040 1864 1123 1946 ἱερὰς
1145 1866 1285 1948 γραφάς,
1316 1865 1371 1939 τὰς

155 1994 182 2033 ιο
195 1967 345 2051 ἀληθεῖς,
374 1969 430 2043 τὰς
457 1968 509 2031 διὰ
532 1977 587 2030 τοῦ
619 1968 793 2051 πνεύματος
823 1979 879 2032 τοῦ
907 1969 1008 2053 ἁγίου.
1054 1973 1083 2036 3.
1107 1968 1301 2047 ἐπίστασθε,
1326 1972 1371 2031 ότι

195 2071 284 2135 οὐδέν
317 2073 424 2136 ἄδικον
454 2072 526 2135 οὐδὲ
553 2072 846 2157 παραπεποιημένον
879 2074 1051 2158 γέγραπται
1085 2073 1117 2137 έν
1150 2075 1268 2150 αὐταῖς.
1314 2076 1372 2156 οὐχ

195 2176 341 2260 εὑρήσετε
363 2177 501 2252 δικαίους
532 2176 804 2263 ἀποβεβλημένους
828 2179 890 2241 ἀπὸ
913 2177 1008 2241 όσίων
1032 2178 1161 2260 ἀνδρῶν.
1207 2183 1238 2244 4.
1263 2177 1371 2260 έδιιόχ-

196 2283 301 2365 θησαν
323 2279 447 2360 δίκαιοι,
470 2280 543 2344 ἀλλ’
566 2283 627 2344 ὑπὸ
650 2283 790 2365 ἀνόμων·
824 2282 1096 2366 ἐφυλακίσθησαν,
1120 2281 1193 2345 ἀλλ’
1215 2283 1276 2345 ὑπὸ
1299 2283 1371 2346 ἀνο·

195 2385 287 2449 σέων·
311 2385 534 2472 ἐλιθάσθησαν
557 2387 618 2450 ὑπὸ
641 2387 845 2470 παρανόμων·
870 2387 1118 2470 ἀπεκτάνθησαν
1141 2387 1204 2449 ἀπό
1218 2397 1282 2451 τῶν
1304 2409 1372 2470 μια-

156 2517 183 2555 io
197 2491 250 2572 ρόν
272 2491 325 2552 καὶ
348 2490 458 2554 ἄδικον
480 2491 575 2576 ζῆλον
599 2491 824 2576 ἀνειληφότων.
871 2496 901 2558 5.
926 2502 1025 2554 ταῦτα
1039 2493 1214 2574 πάσχοντες
1236 2491 1372 2566 εὐκλεῶς

266 2663 282 2716 6
301 2669 492 2736 αποβοιλεσθαι
511 2665 535 2719 Δ
559 2675 563 2725 Ι
589 2667 604 2720 7
624 2664 700 2723 ἐστιν
717 2665 743 2718 Η
768 2668 772 2737 Ι
799 2668 832 2721 12
850 2665 1103 2734 πολιτευσαμένους
1120 2664 1147 2717 Η
1167 2666 1171 2731 Ι
1194 2664 1374 2735 τετιμημένης

196 2748 268 2802 AHS
280 2768 287 2801 :
300 2751 376 2805 facto
394 2751 591 2823 (πεποιημένης
600 2752 627 2821 λ)
646 2753 676 2815 L,
696 2752 880 2826 τετηρημένης
897 2769 950 2805 con
963 2750 1113 2820 Lightfoot
1128 2757 1132 2818 Ι
1150 2751 1182 2805 14
1199 2749 1277 2823 ἱερὰς
1285 2753 1321 2817 >
1331 2752 1356 2803 Α

199 2836 231 2889 16
248 2836 392 2910 γέγρσπτο
411 2837 437 2890 Η
453 2840 457 2909 Ι
476 2839 552 2905 lost)
569 2843 672 2914 μιαρὸν
691 2841 758 2894 HL:
770 2849 881 2913 μιαρῶν
899 2839 943 2892 As

197 2992 316 3042 quorum
328 2976 505 3030 successione
515 2978 702 3046 (διαδέξωνται
714 2972 771 3034 ἓτε-
783 2980 786 3021 ²
798 2977 870 3031 siem
887 2977 933 3030 vel
950 2974 1086 3045 populum
1100 2973 1260 3043 spectabat.
1279 2973 1373 3044 Cypri·

196 3084 288 3136 μοι..
307 3068 357 3135 τὴν
380 3068 555 3136 λειτουργίαν
578 3064 682 3133 αὐτῶν)
710 3026 870 3118 (λοέσσαι
893 3063 945 3132 Ep.
965 3062 1000 3115 59
1018 3063 1076 3115 c.5
1101 3063 1215 3130 praeter
1238 3060 1373 3115 iudicium

196 3167 275 3202 mens
305 3149 375 3219 agit.
424 3150 558 3205 Nonnulli
587 3153 704 3206 verbum
734 3102 926 3204 adidinnum
944 3150 978 3202 de
996 3147 1097 3218 populi
1107 3148 1248 3217 suffragio
1266 3152 1296 3202 et
1315 3164 1373 3202 coe

198 3236 343 3307 apostolos
352 3238 485 3291 referunt.
505 3238 697 3293 Grammatica
706 3224 978 3308 huioipisoopomm
1001 3252 1136 3290 oonsensu
1161 3234 1296 3301 loquitur.
1332 3234 1373 3290 cf.

196 3324 426 3393 interpretationi
444 3341 501 3378 non
514 3325 618 3389 obstat,
638 3326 688 3380 sed
706 3341 771 3380 oon·
785 3336 872 3392 &quae
890 3322 1034 3393 disputavi
1052 3324 1082 3376 in
1107 3323 1373 3391 Kirclmoqesdtictt

196 3414 291 3466 textus
309 3412 403 3464 minus
422 3412 508 3465 favet.
785 3388 866 3495 {licto
884 3413 1101 3481 Δόλοιιάέιιιιμοιι
1125 3411 1184 3465 und
1214 3408 1373 3464 Untersuot·

231 3501 256 3553 3.
274 3496 321 3555 ἰαί
337 3497 460 3568 ἐκείνων]
480 3514 517 3551 ευ.
531 3499 567 3552 ab
580 3499 723 3568 apostolis.
738 3512 889 3570 -1unyen
907 3500 920 3552 1
937 3498 1036 3568 (1897),
1056 3498 1090 3552 23
1108 3514 1169 3564 sqq.

197 3583 351 3658 ἐλλογίμων
368 3583 488 3659 ἀνόμων]
507 3587 525 3640 i
539 3603 563 3639 e.
583 3587 619 3640 ab
634 3550 789 3656 episcopis!
834 3589 859 3641 4.
878 3585 1084 3654 ἀμέμπτωςκιιὶ
1096 3584 1190 3652 ὁσίως]
1201 3582 1244 3637 cf.
1256 3584 1268 3636 1
1280 3582 1374 3636 These

197 3672 242 3725 vel
259 3674 448 3742 presbyteris.
476 3690 547 3741 quos
575 3674 699 3742 apostoli
717 3672 824 3743 ipsiffz
846 3674 885 3728 10.
912 3704 947 3712 —
973 3672 1058 3745 δῶρα]
1083 3670 1212 3725 Clemens
1236 3671 1290 3723 hnc
1309 3684 1375 3722 voce

198 3760 411 3815 constituerant.
435 3792 471 3800 -
493 3762 730 3831 συνευδοκησάσης
748 3782 771 3816 τ.
786 3748 788 3755 ’
801 3778 864 3815 cum
889 3777 987 3829 preces
1014 3763 1044 3813 et
1066 3758 1207 3812 orationes
1231 3756 1270 3810 ad
1287 3757 1376 3811 Deum

197 3844 270 3903 ἕνα).
288 3849 329 3918 π]
349 3847 478 3903 Clemens
491 3864 558 3917 ergo
577 3847 715 3915 apostolis
728 3848 772 3901 vel
800 3848 902 3901 missas
920 3846 1019 3916 (ciffi,
1030 3849 1054 3901 3.
1064 3849 1097 3907 43
1116 3845 1374 3912 Hebr.l3,15.16).

198 3934 340 4003 episcopis
358 3935 540 3997 κατάστασιν,
560 3934 726 3988 electionem
745 3940 772 3988 et
800 3941 861 3990 tum
880 3933 961 3997 dona,
981 3949 1054 4001 quae
1073 3934 1109 3987 ab
1132 3930 1253 3985 ecclesia
1272 3931 1376 3985 debon·

198 4020 409 4075 ordinationem
421 4022 618 4090 episcoporum
634 4021 680 4074 vel
697 4038 772 4089 pres·
800 4026 846 4076 tur
864 4026 893 4076 et
912 4038 929 4074 a
946 4019 1117 4090 presbyteris
1135 4018 1194 4072 Deo
1221 4019 1377 4073 offereban-

201 4109 360 4175 byterorum
371 4108 523 4170 adiudicat,
534 4107 669 4161 eeclesiae
679 4128 772 4165 σινευ-
800 4114 861 4167 tur,
881 4112 910 4162 et
929 4125 1038 4161 sacram
1056 4122 1154 4160 cenom
1174 4103 1217 4158 vel
1237 4105 1376 4159 eucharis·

199 4195 311 4262 δόκησιν
339 4195 384 4249 vel
413 4211 587 4249 consensum.
635 4195 774 4263 Tempore
801 4194 887 4256 tiam,
916 4210 989 4261 quoe
1018 4193 1073 4247 illis
1100 4191 1182 4247 donis
1212 4194 1376 4260 parabatur.

199 4280 398 4350 progrediente
416 4281 618 4337 etiameleot-io
637 4280 773 4335 odeoole-
801 4280 961 4352 significare
983 4280 1103 4336 videtur.
1140 4278 1306 4333 Didascalia
1323 4278 1376 4351 (eo
